2514 4218
236 183 352 246 188

848 201 1049 244 TRAc'r.
1098 202 1166 238 DE
1211 200 1359 240 Locis
1401 202 1774 243 THEOLOGICIS.

234 348 462 435 possint
497 364 631 407 cum
658 345 1070 407 'controversiis
1104 343 1167 401 in
1191 342 1400 402 scholis
1426 344 1720 406 catholicis
1760 348 1884 407 sine
1917 346 2038 406 ullo
2069 345 2202 406 fidei
2241 345 2362 405 dis-

237 444 456 528 pendio
492 445 695 524 agitari
724 442 925 501 solitis,
954 440 1013 498 Si
1040 438 1131 498 his
1165 437 1439 518 omnibus
1476 438 2113 526 addatur'principium
2149 441 2365 501 funda-

240 540 498 601 mentale
535 536 1029 622 protestantismi3
1089 534 1250 617 quod
1292 534 1385 594 hic
1432 536 1712 594 consistat
1760 538 1822 596 in
1863 539 2039 619 plena
2079 539 2364 598 examinis

239 636 512 696 libertate
537 636 660 715 (1),
685 630 958 690 omnibus
993 643 1367 713 perspectum
1400 632 1543 706 erit,
1580 653 1853 713 quaenam
1878 635 2035 715 apud
2069 657 2168 694 eos
2205 657 2366 693 com-

240 733 439 792 munis
474 730 599 789 dari
633 738 811 808 queat
846 726 983 787 fidei
1018 728 1336 802 confessi0‚
1377 747 1503 809 quae
1537 727 1863 810 praecipuos
1902 730 2171 789 articulos
2207 752 2369 790 com-

239 828 565 912 plectatur3
619 844 755 883 cum
818 822 921 883 illo
942 823 1146 885 ¹semel
1203 825 1552 899 constituto,
1608 830 1803 883 actum
1853 824 1929 883 sit
1983 823 2056 884 de
2109 826 2371 907 quolibet

241 921 501 985 articulo.

321 1018 466 1076 299.
519 1016 607 1076 Ad
640 1018 762 1092 211¹,
791 1018 950 1078 Dist.
977 1017 1240 1077 Charitas
1278 1018 1751 1099 malignantium,
1786 1039 1913 1101 quae
1947 1017 2153 1078 efficiat
2186 1036 2374 1076 unum

242 1114 456 1175 Christi
494 1135 705 1197 corpus
734 1113 809 1173 ad
836 1115 1022 1173 instar
1062 1115 1274 1173 musivi
1304 1115 1606 1194 cujusdam
1639 1115 1828 1197 operis
1848 1160 1864 1191 ‚
1903 1135 2095 1184 conc.‚·
2139 1113 2374 1197 proprie

243 1212 420 1285 dicta,
441 1210 626 1293 qualis
642 1230 861 1293 nempe
876 1211 1194 1292 requiritur
1209 1210 1283 1269 ad
1299 1211 1585 1271 unitatem
1602 1211 1862 1270 Ecclesiae
1876 1209 2373 1285 constituendam,

243 1330 371 1388 neq.
394 1309 528 1367 Non
546 1306 655 1366 alia
672 1308 1023 1367 intersectas
1040 1317 1433 1390 protestantes
1456 1311 1724 1367 charitas
1751 1308 1999 1387 (utimur
2028 1306 2243 1366 scilicet
2265 1303 2376 1363 hoc

242 1404 484 1463 nomine
520 1425 592 1463 ex
621 1401 1087 1464 adversariorum
1114 1425 1213 1463 ore
1234 1450 1249 1479 ,
1293 1403 1395 1485 qui
1424 1425 1587 1464 veras
1612 1425 1808 1463 rerum
1844 1404 2110 1462 notiones
2140 1423 2378 1484 perver·
2423 1474 2425 1476 v

243 1501 417 1580 tunt)
449 1496 677 1558 obtinet
706 1521 884 1581 quam
906 1521 1003 1574 ea,
1035 1521 1149 1582 qua
1175 1500 1428 1559 exterius
1449 1498 1795 1580 colligantur
1820 1499 1894 1559 ad
1921 1498 2378 1581 oppugnandam

243 1594 586 1655 catholicam
598 1595 934 1670 Ecclesiam,
958 1618 1089 1679 quae
1103 1608 1412 1680 propterea
1429 1619 1550 1656 non
1566 1595 1817 1657 charitas
1834 1596 1938 1656 sed
1950 1597 2157 1656 odium
2169 1599 2380 1657 rectius

242 1703 715 1774 nuncuparetur3
739 1691 847 1753 hac
877 1694 1151 1776 dempta,
1183 1692 1349 1752 nullo
1364 1698 1490 1772 jam
1519 1694 1676 1753 inter
1702 1715 1763 1753 se
1796 1692 2014 1754 foedere
2040 1695 2379 1752 consocian-

245 1800 365 1848 tur.
400 1790 530 1847 Non
570 1788 761 1848 solum
803 1790 961 1849 enim
997 1791 1060 1848 in
1102 1789 1359 1850 diversas
1400 1789 1619 1849 abeunt
1657 1790 2001 1863 sententiaS,
2041 1790 2125 1848 uti
2175 1791 2378 1871 saepius

246 1884 772 1944 animadvertimus
793 1931 809 1961 ,
836 1885 940 1946 sed
966 1886 1260 1947 intestinis
1288 1897 1347 1945 et
1366 1884 1610 1967 publicis
1631 1885 1931 1945 discordiis
1950 1897 2154 1944 mutuo
2169 1907 2229 1945 se
2247 1907 2381 1967 pro-

247 1980 526 2040 scindunt
554 1992 613 2041 et
638 1981 1136 2042 anathematizant
1162 1982 1273 2063 (2).
1312 1982 1516 2040 Unitas
1547 1981 1842 2040 charitatis
1885 1981 1947 2039 in
1985 1981 2188 2041 eadem
2230 2002 2381 2040 com-

247 2078 530 2138 munione
545 2077 809 2138 consistit
827 2100 961 2138 cum
979 2077 1242 2140 Ecclesiae
1260 2078 1449 2160 capite
1464 2098 1529 2138 ac
1541 2077 1779 2158 singulis
1797 2076 2063 2157 ejusdem
2082 2075 2381 2170 membris.

318 2314 385 2379 (1)
422 2310 591 2362 Praeter
618 2314 1115 2382 documenta,quaein
1139 2325 1271 2365 tract.
1366 2319 1504 2377 mee,
1532 2334 1635 2382 pag.
1683 2313 1748 2364 38
1769 2351 1783 2376 ‚
1807 2312 1875 2363 66
1910 2325 1954 2364 et
2000 2333 2133 2381 seqq.
2175 2314 2331 2363 scribit
2368 2330 2381 2364 ε

1365 2399 1443 2447 La
1469 2397 1535 2447 loi
1555 2398 1612 2447 de
1640 2396 1881 2446 l’examen
1899 2406 1968 2446 est
1987 2399 2246 2447 constituee
2263 2397 2384 2445 dans

1364 2480 1413 2531 la
1458 2482 1716 2547 refer-me...
1770 2482 1903 2530 Tous
1944 2480 2009 2528 les
2055 2480 2284 2527 membres
2327 2479 2385 2527 de

250 2401 331 2447 cit.
377 2400 689 2458 adduximus,
727 2399 817 2448 alia
865 2417 981 2465 pene
1026 2401 1274 2448 innumera

249 2473 406 2548 praesto
448 2492 574 2531 sunt.
631 2480 708 2531 Sic
748 2493 1009 2549 protestans
1065 2485 1276 2532 minister

249 2567 522 2630 genevensis
542 2563 804 2623 Paschoud‚
825 2568 875 2613 in
902 2583 1062 2631 opusc.
1088 2565 1275 2629 Qn’est-

249 2665 302 2696 ce
336 2648 485 2713 qu'un
514 2644 826 2697 Protestant?
850 2650 1084 2710 inculcat,
1117 2658 1273 2714 prote·
1315 2670 1321 2675 ·

251 2733 545 2780 stantismum
583 2733 829 2779 consistere
864 2731 988 2779 dans
1028 2729 1076 2779 Ia
1113 2719 1278 2777 liberte

251 2813 500 2862 d’escamen
519 2852 533 2876 ,
554 2813 679 2861 dans
697 2814 744 2862 la
765 2812 930 2861 liberte
951 2813 1007 2862 de
1023 2829 1273 2879 crqqance,

254 2904 297 2943 et
326 2896 450 2943 dans
480 2896 526 2944 Ia
560 2895 725 2945 liberte
765 2896 823 2945 de
857 2895 981 2944 culte
1010 2912 1140 2962 pour
1172 2904 1278 2944 tous

253 2985 299 3024 et
317 2994 447 3042 pour
480 2979 686 3038 chacun.
709 2978 768 3027 Et
785 2981 836 3028 in
867 2979 958 3027 alio
979 2996 1117 3043 opere
1150 2978 1278 3045 quod

258 3061 457 3108 ministri
490 3073 790 3126 protestantes
820 3062 1009 3111 tradunt
1030 3061 1277 3126 legendum

258 3144 353 3190 suis
380 3142 556 3207 adeptis
575 3183 588 3198 ,
614 3147 689 3194 cui
715 3149 787 3195 tit.
811 3143 1008 3194 Recueil
1035 3143 1091 3190 de
1103 3160 1277 3209 passa-

256 3243 338 3292 9es
353 3226 410 3275 de
423 3226 885 3291 l'Ecriture-sainte‚
901 3230 1011 3278 edit.
1026 3228 1083 3277 de
1100 3228 1282 3277 Geneve

268 3307 426 3376 1743,
463 3328 565 3376 pag.
601 3311 694 3361 155
717 3351 730 3373 ‚
765 3314 1036 3372 affirmatur,
1068 3310 1195 3377 quod
1237 3313 1281 3360 vi

259 3391 471 3458 ejusdem
518 3394 730 3460 principii
769 3395 950 3462 chaque
989 3392 1282 3461 particulier

262 3491 293 3522 a
328 3474 369 3523 le
399 3474 524 3523 droit
561 3475 620 3523 de
661 3476 845 3526 choisir
874 3478 921 3527 la
963 3476 1170 3542 reliqion
1195 3478 1283 3540 qui

260 3557 337 3606 lui
357 3560 532 3625 paruit
547 3557 594 3607 Ia
612 3559 871 3610 meilleure.
898 3561 1100 3610 Demum
1127 3569 1282 3625 pastor

262 3658 316 3690 ac
341 3642 571 3707 professor
592 3645 862 3707 genevensis
882 3641 1119 3694 Chenevie
1131 3660 1176 3692 re
1196 3678 1209 3702 ‚
1234 3643 1285 3689 in

266 3746 343 3794 op.
389 3728 472 3780 De
496 3729 741 3781 l'autorite
777 3729 900 3781 dans
929 3730 1105 3797 l’eqlise
1135 3728 1286 3794 refor-

1364 2562 1567 2629 l’E'quse
1625 2572 1711 2611 ont
1761 2563 1802 2611 le
1859 2563 1985 2612 droit
2035 2571 2079 2611 et
2111 2563 2222 2627 font
2273 2562 2385 2610 bien

1364 2647 1694 2708 d’examiner,
1748 2644 1935 2711 d'apres
1978 2644 2085 2693 leur
2130 2647 2296 2693 raison
2345 2653 2389 2692 et

1363 2727 1641 2794 I’Evanyile
1656 2766 1668 2788 ‚
1696 2730 1744 2776 si
1765 2730 1833 2777 les
1852 2729 2092 2776 doctrines
2109 2726 2258 2793 qu'on
2287 2727 2391 2775 leur

1363 2829 1563 2881 propose
1589 2820 1695 2860 sont
1720 2813 1982 2876 conformes
2012 2812 2042 2859 ὰ
2068 2810 2115 2860 la
2136 2808 2305 2879 parole
2333 2809 2391 2857 de

1368 2896 1506 2946 Dieu
1526 2933 1540 2957 ,
1571 2913 1685 2943 sans
1727 2914 1816 2961 que
1841 2913 2084 2963 personne
2124 2913 2189 2943 au
2220 2893 2389 2942 monde

1367 2981 1459 3028 soit
1481 2978 1629 3044 fonde
1657 2979 1688 3027 ὰ
1718 2978 1783 3027 les
1823 2981 2092 3045 inqm'eter‚
2122 2978 2151 3024 ὰ
2185 2975 2249 3026 les
2283 2975 2387 3024 blo-

1367 3080 1472 3112 mer
1492 3101 1507 3121 ,
1541 3063 1571 3111 ὰ
1598 3061 1663 3110 les
1689 3062 1860 3127 punir.
1892 3059 2021 3108 Sans
2055 3058 2155 3107 cela
2185 3076 2271 3107 nos
2304 3058 2386 3106 de-

1370 3149 1592 3194 vanciers
1623 3145 1854 3192 auraient
1883 3141 2104 3191 tres-mal
2138 3144 2225 3205 aqi
2252 3158 2312 3190 en
2341 3158 2390 3190 se

1370 3234 1600 3295 separant
1628 3226 1686 3275 de
1716 3224 1916 3290 I'E'qlise
1945 3224 2002 3273 de
2034 3225 2181 3272 Rome
2205 3262 2217 3284 ‚
2255 3234 2299 3272 et
2326 3223 2392 3271 les

1371 3310 1763 3360 re'criminatiom
1794 3307 1851 3356 de
1878 3314 1992 3355 cette
2028 3305 2196 3372 quise
2232 3314 2390 3355 contre

1373 3412 1496 3444 nous
1513 3395 1723 3442 seraient
1745 3390 1958 3456 fhndees.
1991 3389 2091 3439 Cfr.
2127 3390 2197 3437 Le
2229 3387 2392 3437 Guide

1373 3477 1440 3525 du
1482 3475 1814 3525 catechumene
1854 3472 2056 3521 vaudois
2080 3510 2093 3534 ‚
2124 3490 2206 3538 par
2228 3471 2294 3519 M.
2326 3467 2391 3520 A.

1375 3559 1602 3618 Charvaz,
1623 3558 1759 3623 eveq.
1778 3556 1837 3605 de
1852 3554 2086 3621 Pignerob
2100 3555 2223 3603 Paris
2244 3549 2389 3615 1840,

1376 3653 1493 3692 tom.
1521 3657 1538 3687 ι
1559 3675 1573 3702 ,
1601 3640 1682 3687 liv.
1710 3656 1726 3686 1
1747 3675 1761 3699 ‚
1783 3656 1887 3704 pag.
1920 3635 1978 3687 15
1995 3648 2039 3687 et
2066 3640 2184 3687 suiv.

1449 3720 1515 3788 (2)
1552 3721 1850 3784 Recolantur‚
1880 3737 1987 3789 quae
2022 3719 2161 3787 paulo
2188 3726 2294 3768 ante
2321 3723 2393 3764 at-
