2514 4218
2085 186 2207 249 265

496 203 682 266 ῬΑΒΤ.
726 203 770 239 1.
817 202 943 241 CAP.
992 203 1072 243 lv.
1118 204 1188 242 DE
1230 201 1502 244 Eccmsuz
1543 203 1786 245 DO'HBUS·

96 346 373 424 veritate(
382 344 456 424 l).
485 344 551 401 5⁰
573 345 677 403 His
691 356 969 404 consonat
993 345 1166 405 Card.
1190 346 1606 424 PallavicinuS,
1628 346 1728 428 qui
1751 358 1949 429 aperte
1970 348 2206 428 fatetur,

97 440 546 500 controversiam
569 439 643 499 de
669 463 844 499 sensu
865 441 1042 499 trium
1060 441 1444 522 capitulorum
1465 488 1481 517 ,
1515 443 1588 501 de
1611 439 1820 524 quibus
1840 441 2204 525 disputatum

96 538 205 595 fuit
230 537 307 601 *in
348 536 389 591 V
422 534 689 615 SynodO,
733 557 855 593 non
888 535 1234 618 pertinuisse
1277 536 1352 595 ad
1387 536 1754 597 infallibilem
1800 539 2208 601 auctoritatem

94 630 353 691 Ecclesiae
373 676 387 704 ,
422 652 612 710 neque
640 631 713 690 de
742 630 855 690 fide
886 651 1009 690 esse
1027 629 1135 708 (2).
1162 630 1230 687 6⁰
1266 632 1503 690 Certum
1531 632 1705 713 igitur
1726 620 2208 717 exploratumque

93 726 204 785 fuit
242 727 401 785 omni
449 737 605 785 retro
654 737 824 785 aetate
845 771 860 800 ,
923 723 1184 783 Ecclesiae
1221 725 1505 802 judicium
1553 728 1614 786 in
1658 728 1821 787 factis
1871 727 2211 809 dogmaticis

94 819 228 879 fidei
259 820 516 899 regulam
555 822 796 880 minime
833 818 1203 878 constituere.
1277 832 1280 835 ’
1511 813 1515 816 ’

176 915 316 973 404.
365 917 535 997 Resp.
575 915 662 976 Ad
700 917 776 974 1¹¹¹
798 959 815 989 ,
849 915 1007 974 Disc.
1041 914 1180 971 »Non
1206 913 1383 994 coepit
1407 918 1763 996 propugnari
1790 917 1916 978 haec
1946 918 2212 980 doctrina

95 1010 204 1068 nisi
243 1011 552 1090 postremis
585 1009 740 1068 hisce
779 1004 1140 1088 temporibus
1163 1053 1179 1081 ,
1215 1006 1323 1066 sub
1361 1007 1470 1068 hac
1507 1009 1892 1071 determinata
1921 1013 2165 1074 formula
2189 1060 2206 1091 ,

94 1126 247 1164 conc.
263 1124 284 1172 ;
311 1105 501 1186 quoad
524 1126 650 1164 rem
685 1104 905 1184 ipsam,
933 1123 1065 1181 neq.
1098 1102 1476 1162 Ostendimus
1504 1106 1696 1181 enim,
1722 1106 1830 1166 hac
1872 1119 2219 1169 constanter*

95 1211 382 1280 potestate
412 1198 715 1258 Ecclesiam
742 1219 774 1255 a
809 1197 927 1255 suis
956 1197 1289 1278 primordiis
1327 1220 1493 1258 usam
1524 1221 1648 1260 esse
1667 1247 1683 1277 ,
1721 1224 2045 1285 omnesque
2074 1203 2215 1264 fide·

94 1293 178 1352 les
206 1294 257 1353 ei
292 1295 551 1375 paruisse
588 1313 750 1372 aeque
779 1313 844 1350 ac
881 1293 944 1349 in
973 1292 1182 1351 ceteris
1210 1292 1646 1353 definitionibus
1677 1318 1826 1378 pure
1849 1298 2212 1378 dogmaticis.

96 1390 243 1446 Cum
278 1410 416 1449 vero
450 1386 788 1447 Janseniani
820 1408 950 1447 eam
988 1387 1051 1444 in
1088 1385 1333 1447 dubium
1363 1392 1799 1465 revocaverint,
1830 1392 1950 1450 imo
1979 1393 2216 1453 inficiati

93 1484 343 1559 fuerint,
375 1493 441 1541 ut
469 1483 852 1563 promeritam
897 1482 1339 1543 damnationem
1389 1485 1792 1561 declinarent,
1844 1487 2021 1567 coepit
2074 1509 2216 1546 con-

96 1579 276 1660 ceptis
324 1598 389 1637 ea
419 1575 610 1637 verbis
649 1577 709 1635 in
742 1577 952 1637 scholis
989 1581 1386 1659 propugnari,
1425 1601 1490 1639 ac
1527 1602 1678 1642 nova
1718 1581 1966 1641 formula
2001 1580 2216 1642 donata

96 1684 216 1748 est,
247 1683 312 1730 ut
346 1692 748 1752 saepenumero
774 1674 975 1733 evenit
1004 1672 1113 1753 (3).

171 1765 311 1825 405.
361 1766 448 1826 Ad
476 1768 596 1842 2¹¹²,
635 1769 798 1828 Dist.
842 1768 1092 1828 Adducti
1127 1770 1337 1829 Patres-
1358 1769 1720 1847 docuerunt,
1774 1770 1896 1831 sola
1941 1771 2056 1832 fide
2101 1794 2216 1833 ex-

93 1872 258 1943 cepta
279 1908 295 1937 ,
323 1884 490 1944 posse
523 1864 848 1937 retractari,
875 1863 1162 1946 quidquid
1186 1863 1462 1924 definitur
1488 1866 1551 1924 in
1580 1866 1848 1926 Conciliis
1865 1889 1986 1926 non
2005 1889 2214 1950 appro-

24 2015 26 2017 .
89 1953 245 2015 batis
271 1979 303 2015 a
331 1958 586 2016 romanis
619 1958 1029 2034 PontificibuS,
1075 1980 1276 2026 cone.;
1315 1960 1379 2018 in
1421 1961 1793 2043 approbatis,
1839 1964 2015 2022 subd.
2048 1983 2221 2046 posse

162 2118 228 2182 (1)
257 2118 327 2168 Ad
356 2139 532 2170 annum
573 2120 666 2172 681
694 2159 708 2182 ‚
748 2141 799 2171 n.
852 2125 915 2173 30
938 2161 951 2184 ‚
998 2125 1112 2174 edit.

92 2200 285 2250 Lucem.
328 2202 453 2269 1742
483 2241 500 2266 ‚
536 2214 653 2254 tom.
679 2223 743 2253 ιιι
764 2244 777 2262 ,
815 2225 915 2272 pag.
950 2207 1035 2256 32.

162 2284 223 2346 (2)
275 2283 410 2333 Hist.
476 2285 624 2335 Cone.
684 2287 830 2334 Trid.
880 2289 964 2343 lib.
1023 2306 1073 2336 xi
1094 2324 1109 2349 ,

93 2381 196 2428 cap.
221 2363 298 2423 18,
321 2384 371 2414 n.
393 2382 445 2432 9,
466 2369 578 2417 edit.
595 2367 733 2416 Rom.
762 2365 908 2428 1656,
930 2379 1044 2418 tom.
1065 2387 1108 2428 1,

92 2462 195 2509 pag.
225 2445 342 2512 957.

161 2525 230 2589 (3)
264 2527 468 2576 Fenelon
506 2532 555 2577 iu
592 2533 673 2580 cit.
706 2535 839 2581 tertia
873 2529 1109 2581 Inseruet.

84 2609 320 2673 pastorali
357 2612 372 2673 (
391 2629 491 2676 quae
520 2623 693 2676 prostat
726 2624 839 2663 tom.
877 2614 996 2679 xi),
1027 2615 1111 2663 ad-

93 2690 242 2739 ductis
279 2703 324 2741 et
362 2696 570 2758 expensis
606 2696 871 2760 singillatim
920 2695 1108 2745 Patrum

93 2787 349 2840 graecorum
389 2783 435 2822 et
480 2775 734 2826 latinorum
792 2780 1064 2827 testimoniis
1091 2816 1106 2837 ‚

93 2870 177 2902 nec
220 2872 317 2904 non
352 2855 670 2906 Conciliorum
717 2863 1109 2911 oecumenicorum

93 2945 136 2982 et
159 2953 461 2987 romanorum
489 2939 771 2989 Pontificum
790 2979 804 3002 ‚
833 2953 970 3008 atque
1001 2962 1109 3009 prae-

93 3017 329 3080 cipum-um
374 3021 750 3071 scholasticorum
775 3061 789 3083 ,
838 3024 1110 3074 luculentis-

97 3098 209 3146 sime
251 3104 485 3162 ostendit,
525 3106 816 3154 traditionem
857 3110 1108 3157 universim

96 3190 320 3242 receptam
354 3185 411 3233 de
449 3186 779 3236 infallibilitate
821 3188 1034 3237 Ecclesiae
1059 3192 1110 3239 in

99 3257 232 3306 factis
263 3263 527 3327 dogmaticis
568 3285 746 3334 semper
793 3272 1004 3334 viguisse.
1052 3271 1110 3320 Iu

96 3338 275 3389 dissert.
326 3355 479 3394 autem
527 3366 577 3409 1,
620 3350 678 3399 de
714 3350 927 3400 Ecclesiae
971 3353 1110 3401 infal-

95 3419 303 3470 libilitate
329 3427 446 3474 circa
475 3435 631 3479 textuss
647 3434 935 3500 dogmaticos
969 3435 984 3498 (
1006 3451 1110 3501 quae

96 3513 217 3551 extat
264 3515 381 3554 tom.
422 3525 478 3555 xv
510 3511 565 3571 )‚
615 3529 715 3578 cap.
772 3530 802 3564 2
828 3551 843 3575 ‚
909 3517 1109 3566 demon-

94 3593 240 3645 strat,
283 3586 370 3634 hac
415 3588 594 3638 sublata
634 3595 993 3659 infallibilitate,
1039 3609 1112 3647 to-

94 3684 186 3727 tam
240 3685 376 3719 ruere
427 3669 804 3727 infallibilitatem
851 3679 1109 3749 Ecclesiae3

1200 2124 1353 2191 decipi
1399 2129 1524 2175 enim
1561 2144 1742 2193 semper
1775 2138 1926 2193 posset
1962 2130 2013 2176 in
2049 2128 2221 2177 intelli-

1198 2208 1356 2272 gendis
1382 2207 1579 2257 textibus
1615 2209 1803 2258 Patrum
1826 2248 1844 2268 ,
1872 2208 1931 2275 in}
1955 2210 2219 2274 intelligen-

1199 2290 1269 2338 dis
1305 2291 1693 2354 propositionibus
1734 2292 2087 2352 haereticorum,
2137 2293 2219 2341 de-

1199 2373 1331 2419 cretis
1359 2370 1673 2420 Conciliorum
1700 2387 1716 2434 3
1748 2389 1803 2419 ac
1835 2373 2025 2436 proinde
2067 2382 2218 2437 posset

1199 2452 1402 2518 praehere
1426 2463 1477 2501 ut
1504 2453 1767 2502 haereticam
1786 2453 2045 2502 doctrinam
2073 2491 2086 2514 ‚
2114 2471 2218 2520 quae

1200 2536 1344 2598 reipsa
1383 2535 1636 2583 orthodoxa
1671 2544 1739 2584 est
1770 2572 1783 2594 ‚
1819 2546 1898 2584 aut
1935 2554 1960 2585 e
1992 2553 2218 2585 converso

1196 2614 1401 2681 judicare
1414 2617 1483 2665 uti
1502 2617 1806 2666 orthodoxam
1817 2619 2071 2667 doctrinam
2082 2655 2094 2678 ,
2110 2635 2215 2685 quae

1195 2700 1254 2745 sit
1282 2698 1490 2747 haeretica
1516 2736 1530 2758 ,
1565 2709 1609 2747 et
1639 2701 1706 2747 sic
1729 2697 1855 2748 eludi
1889 2710 2038 2764 posset
2072 2700 2216 2766 quod·

1195 2782 1268 2828 vis
1298 2779 1512 2830 Ecclesiae
1546 2781 1796 2848 judicium.
1842 2781 1910 2829 Ex
1941 2780 2030 2830 hoc
2055 2792 2216 2846 praete-

1195 2871 1313 2910 terea
1355 2863 1514 2923 fieret,
1561 2873 1614 2910 ut
1649 2862 1954 2911 infallibilitas
1996 2862 2214 2912 Ecclesiae

1193 2941 1440 2991 theoretice
1450 2960 1628 3008 semper
1641 2943 1956 2992 admitteretur
1976 2981 1988 3003 ,
1999 2945 2214 3009 practice

1194 3042 1376 3090 semper
1397 3025 1655 3074 eluderetur
1675 3043 1690 3087 3
1710 3028 1864 3074 omnia
1881 3026 2004 3074 illius
2018 3026 2212 3076 anathe-

1195 3118 1319 3156 mata
1349 3109 1440 3158 lata
1462 3111 1513 3157 in
1537 3110 1812 3168 doctrinam,
1833 3127 1972 3175 quam
1986 3109 2212 3175 judicavit

1194 3190 1476 3250 haereticam,
1496 3209 1568 3240 ex.
1589 3209 1657 3255 gr.
1670 3190 1888 3251 Nestorii,
1906 3191 2099 3259 Pelagii,
2122 3190 2213 3240 Lu-

1195 3272 1332 3335 theri,
1354 3273 1557 3334 Calvini,
1581 3282 1730 3322 essent
1748 3276 1886 3322 inane
1908 3274 2179 3324 terriculum
2197 3293 2209 3331 ;

1195 3365 1307 3403 tunc
1336 3358 1432 3421 ipsa
1469 3357 1655 3402 inermis
1677 3392 1690 3416 ,
1725 3366 1768 3403 et
1800 3358 1973 3404 succiso
2007 3371 2210 3405 censurae

1196 3453 1360 3496 nervo,
1399 3436 1640 3485 imbecillis
1677 3439 1881 3503 jaceret3
1913 3439 2037 3487 unde
2065 3446 2211 3502 portae

1194 3520 1331 3568 inferi
1360 3520 1653 3584 praevalerent
1701 3520 1916 3569 adversus
1946 3538 2065 3569 eam.
2098 3520 2209 3569 Haec

1193 3611 1348 3651 autem
1392 3605 1546 3650 omnia
1580 3603 1798 3669 exemplis
1834 3604 2060 3662 illustrat,
2104 3617 2210 3669 quae

1193 3682 1366 3734 ibidem
1384 3684 1530 3735 videri
1546 3695 1765 3751 possunt,
1785 3702 1845 3735 ne
1863 3683 2081 3751 prolixior
2094 3686 2204 3734 sim.
