2514 4218
421 245 577 286 mur.
621 248 663 285 1.
707 245 828 285 cn..
873 247 937 285 11.
986 249 1052 285 mv.
1095 248 1308 287 cums-rt
1348 247 1499 287 acci.
1548 249 1788 287 consur.
2073 230 2150 291 85

150 388 284 447 143.
328 388 496 467 Resp.
537 384 685 466 Ne9.
729 397 854 445 ant.
896 387 986 446 Ad·
1024 389 1136 463 1¹1¹,
1176 387 1339 470 prob.
1373 387 1517 468 Ney.
1561 388 1852 468 Siquidem
1887 389 2147 450 Christus

67 504 187 541 non
230 479 573 554 individuis,
611 479 712 538 sed
758 480 1012 562 societati
1047 483 1159 562 ipsi
1181 482 1402 540 donum
1436 481 1822 542 foecunditatis
1847 483 2136 563 pollicitus

67 586 154 634 est
188 600 205 649 3
244 595 374 632 cum
414 594 552 633 vero
602 585 958 653 peccatoreS‚
1007 574 1142 634 licet
1181 576 1298 634 sint
1346 576 1558 635 mortui
1594 576 1655 634 in
1696 597 1757 636 se
1801 576 1969 656 ipsisq
2030 580 2148 638 sint

65 680 262 727 tamen
297 665 559 726 membra
591 668 837 748 corporis
867 667 1019 740 vivi„
1045 667 1203 747 quod
1234 658 1428 748 perca
1454 668 1724 750 praedicat
1751 682 1808 729 et
1841 683 2112 751 operatur
2130 718 2146 748 ,

64 762 132 820 fit
162 772 226 819 ut
264 762 323 820 vi
353 760 623 839 legitimae
661 760 946 820 missionis
990 758 1197 846 uberes
1247 762 1540 822 interdum
1585 786 1655 823 ex
1696 764 1991 824 laboribus
2034 767 2148 825 suis

66 855 333 934 colligant
378 856 614 915 fructus,
666 856 785 913 Hac
831 863 1026 912 autem
1073 853 1344 913 missione
1379 854 1641 915 destituti
1697 869 1855 919 sunt
1878 859 2145 933 sectarii,

66 961 270 1031 utpote
294 948 383 1007 ab
403 948 645 1008 Ecclesia
672 946 937 1028 separati.

148 1043 287 1103 144.
332 1045 418 1103 Ad
449 1046 567 1118 2¹1²,
603 1043 752 1122 Ney.
797 1042 1162 1122 Experientia
1186 1044 1342 1103 enim
1374 1045 1564 1126 potius
1600 1049 1950 1106 contrarium
1982 1048 2147 1108 lucu-

67 1141 384 1200 lentissime
414 1139 684 1204 ostendit.
718 1139 994 1211 Quamvis
1025 1140 1181 1199 enim
1205 1140 1396 1200 media
1428 1142 1622 1200 omnia
1650 1141 2056 1220 adhibuerint,
2062 1166 2149 1204 ac

63 1237 239 1296 etiam
277 1234 589 1309 adhibe-ant
620 1241 787 1292 sectae
829 1232 903 1291 ad
943 1232 1203 1297 infideles
1247 1233 1474 1294 Christo
1504 1235 1908 1311 adducendos,
1948 1249 2022 1296 ut
2047 1260 2149 1297 suo

61 1329 185 1389 loco
204 1328 572 1411 probavimus
601 1327 692 1405 (l)
708 1371 727 1403 ‚
753 1326 916 1386 nullo
950 1338 1150 1387 tamen
1174 1327 1324 1387 felici
1353 1329 1510 1388 exitu
1533 1330 1596 1388 id
1629 1331 2024 1411 praestiterunt
2045 1375 2063 1405 ,
2090 1344 2150 1391 et

59 1424 123 1483 in
153 1425 383 1484 irritum
412 1443 610 1481 omnes
645 1443 844 1482 earum
872 1433 1108 1482 conatus
1134 1434 1449 1503 cesserunt.
1496 1425 1628 1499 Non
1655 1424 1811 1482 enim
1835 1424 1929 1483 hie
1964 1424 2150 1503 agitur

60 1518 133 1578 de
167 1539 300 1578 uno*
327 1515 435 1576 vel·
456 1515 636 1576 altero
670 1514 1007 1590 individu03
1045 1517 1147 1576 sed
1181 1517 1369 1596 agitur
1408 1516 1482 1577 de
1506 1517 1878 1576 conversione
1899 1518 2149 1599 populo-

58 1635 186 1672 rum
214 1657 231 1687 ,
279 1610 509 1693 qualem
554 1610 741 1692 reipsa
785 1632 923 1672 vera
967 1611 1174 1670 Christi
1228 1610 1474 1671 Ecclesia
1509 1622 1742 1692 operata
1779 1618 1911 1685 e'st3<
1951 1612 2037 1671 ita
2083 1624 2149 1671 ut

60 1707 236 1767 nulla.
261 1698 507 1789 Prorsus
524 1727 662 1786 gens
692 1707 766 1765 sit
796 1706 871 1765 ad
899 1705 1194 1765 Christum
1229 1706 1508 1779 adducta,
1551 1728 1679 1787 quae
1710 1707 2145 1766 conversionem

56 1823 216 1880 suam
242 1815 375 1860 'non
412 1800 719 1860 referatilli
740 1801 1181 1882 acceptamss(2)..
1203 1801 1336 1859 Haec
1367 1810 1454 1859 est
1473 1800 1742 1858 illamira
1766 1800 2143 1874 foecunditaS‚

56 1916 179 1978 quae
196 1886 561 1955 ineluctabile
578 1917 811 1976 prorsus
826 1894 1098 1977 perhibet
1114 1905 1524 1974 argumentum
1543 1895 1702 1968 vitae,
1727 1915 1893 1976 quaa
1919 1896 2146 1957 Christo

55 1991 291 2072 praedita
319 2002 405 2049 est
439 1991 605 2050 unica
641 1995 761 2068 ejus
801 2011 1026 2071 sponsa.

139 2085 274 2144 145.
323 2084 411 2143 Ad
450 2085 532 2144 3¹¹⁰
554 2130 570 2159 ,
612 2086 768 2144 Βίει.
819 2086 887 2143 In
919 2084 1120 2143 ordine
1153 2082 1229 2142 ad
1256 2083 1511 2145 valorem
1547 2084 1822 2166 Baptismi
1848 2082 1920 2142 ab
1956 2083 2144 2144 haere-

56 2180 180 2238 ticis
216 2178 404 2237 collati
433 2223 448 2253 ‚
491 2200 693 2246 conc.,·
728 2180 792 2237 in
822 2177 1024 2238 ordine
1060 2177 1133 2237 ad
1177 2178 1578 2237 haereticorum
1614 2177 2144 2238 foecunditatem.in

56 2271 352 2352 gignendis
387 2271 613 2330 Christo
657 2272 818 2345 filiis,
856 2294 978 2351 neq.
1025 2273 1375 2351 Augustinus
1413 2273 1571 2330 enim
1608 2272 1754 2332 illud
1786 2271 2035 2354 protulit
2056 2273 2147 2332 ef-

57 2366 241 2424 fatum
268 2363 782 2426 addissolvendam
806 2365 1203 2424 difficultatem
1226 2364 1710 2445 rebaptizantium
1727 2411 1743 2439 .,
1777 2367 1877 2447 qui
1902 2377 2142 2426 conten-

58 2457 313 2532 debant,
358 2458 595 2517 nullum.
621 2480 742 2518 esse
774 2459 1062 2540 Baptisma
1108 2458 1181 2516 ab
1211 2451 1491 2516 haereticis
1532 2458 2039 2532 administratum,
2074 2480 2142 2517 eo

57 2552 211 2634 quod
239 2552 411 2611 solius
455 2573 676 2634 sponsae
717 2553 926 2612 Christi
981 2553 1280 2634 proprium
1321 2552 1394 2609 sit
1429 2544 1578 2609 filiosv
1609 2553 1662 2611 ei
1698 2572 1999 2633 procreare
2033 2551 2143 2631 (3).

55 2649 365 2729 Nunquam
410 2668 545 2706 vero
593 2657 692 2705 aut
737 2647 792 2704 S.
824 2646 1170 2724 Augustinus
1217 2656 1316 2703 aut
1369 2647 1565 2704 Patres
1605 2644 1814 2726 reliqui
1873 2646 1935 2704 in
1978 2646 2144 2705 sectis

56 2753 414 2822 agnoverunt
444 2741 603 2800 illam
626 2740 1061 2800 foecunditatem
1083 2785 1100 2816 ⁷
1125 2739 1197 2800 de
1221 2761 1330 2821 qua
1356 2738 1647 2822 loquimur
1664 2785 1683 2814 ,
1710 2741 1827 2800 imo
1850 2741 1916 2799 iis
1946 2751 2146 2822 aperte

57 2838 318 2899 eamdem
343 2836 822 2919 denegarunt(4).

54 3066 121 3106 ter
150 3058 392 3106 hominum
420 3058 658 3113 societati,
684 3057 787 3104 πίστ’
810 3055 1040 3106 Ecclesioe
1198 3059 1264 3122 (1)
1313 3060 1370 3108 In
1405 3069 1534 3109 tract.
1592 3057 1663 3108 De
1729 3075 1838 3107 vera
1883 3057 2140 3123 reliqione,

56 3155 152 3187 cum
194 3138 490 3186 ordinariam
531 3138 751 3201 faciendi
808 3138 1042 3186 miracula
1134 3157 1266 3205 prop.
1299 3159 1346 3190 x.

57 3220 279 3267 concessit
323 3219 506 3284 (Deus)
545 3219 836 3282 facultatem.
882 3218 1045 3283 Mayis
1200 3222 1269 3287 (2)
1304 3222 1406 3271 cfr.
1438 3223 1555 3270 ibid.

59 3300 198 3347 etiam
224 3303 537 3349 necessariam
565 3310 631 3349 est
647 3338 663 3358 ,
685 3301 807 3366 quod
826 3300 971 3349 altera
989 3317 1046 3349 ea·
1143 3332 1157 3354 f
1204 3301 1270 3369 (3)
1307 3303 1404 3352 cfr.
1435 3302 1505 3352 De
1516 3302 1768 3368 Bapticmo
1785 3339 1799 3363 ‚
1831 3302 1913 3351 lib.
1938 3317 1976 3364 1,
1992 3320 2032 3351 c.
2060 3318 2136 3363 ιο,

53 3388 191 3447 parte
206 3398 295 3445 per
307 3385 601 3447 neqationem
627 3384 820 3431 ducitur
843 3421 856 3443 ‚
879 3385 936 3430 in
953 3399 1046 3447 qua
1135 3402 1186 3432 n.
1227 3382 1306 3447 14,

58 3460 293 3509 miracula
311 3462 443 3510 nulla
459 3465 614 3527 fiant,
635 3481 737 3512 eam
768 3480 928 3512 veram
942 3463 1045 3512 Ec·
1209 3465 1275 3529 (4)
1311 3466 1430 3514 Nota
1478 3470 1592 3513 sunt
1640 3464 1778 3513 verba
1821 3464 2090 3512 Tertulliani
2124 3498 2137 3521 ‚

61 3542 252 3590 alesiam
276 3558 370 3590 ease
401 3559 497 3608 novt
516 3562 651 3611 posse
674 3583 688 3607 ‚
728 3547 842 3611 quia
871 3548 1048 3595 scimus
1136 3547 1304 3614 quibus
1337 3547 1551 3612 graphice
1600 3546 1830 3595 haereticos
1857 3546 2057 3610 depingit
2091 3544 2140 3589 in

63 3623 305 3672 Christum
358 3623 582 3676 Eccleoioe
630 3642 728 3678 aaoe
774 3636 1047 3694 potestatem
1135 3630 1224 3679 lib.
1260 3629 1340 3678 De
1351 3630 1621 3695 proescript.
1647 3645 1752 3693 cap.
1784 3626 1870 3691 42.
1899 3625 1977 3674 De
2008 3623 2142 3672 verbi

56 3706 119 3755 ad
140 3706 367 3771 facienda
399 3707 638 3758 miracula.
664 3709 861 3760 dedisce.
920 3695 922 3698 ⁵
1138 3711 1559 3761 administratione
1585 3709 1703 3775 quid
1717 3708 1874 3758 dicam
1893 3743 1905 3769 ‚
1926 3722 2036 3755 cum
2055 3705 2141 3754 hoc
