2514 4218
299 155 415 216 484
921 169 1118 208 maier.
1168 168 1236 206 nn
1284 166 1436 206 Locis
1483 133 1865 207 rnnotoemis.

299 320 473 393 inita,
508 314 816 398 pervenire
844 323 1087 421 possunt
1110 310 1184 369 ad
1209 309 1618 369 auctoritatem
1653 311 2094 370 extenuandam
2118 332 2272 371 rom.
2293 315 2440 375 Pon·

300 414 502 486 tificis
545 421 644 469 aut
692 411 810 469 fere
854 410 917 467 in
953 406 1206 466 nihilum
1253 404 1633 485 redigendam
1666 451 1681 479 7
1735 426 1799 464 ac
1837 406 2216 485 ignominiam
2254 412 2443 491 patris

299 511 538 591 ‘gloriam
578 528 743 566 suam
779 505 900 564 fore
942 502 1326 562 arbitrantur.

380 605 519 665 706.
567 599 1044 661 Commentitiam
1082 620 1255 680 porro
1278 619 1401 657 esse
1432 643 1447 672 a
1473 618 1539 656 ac
1564 609 1787 657 naturae
1823 597 2107 679 primatus
2152 601 2437 682 pontificii

300 702 531 785 penitus
582 696 997 757 adversantem
1025 741 1039 768 .,
1100 692 1507 753 febronianam
1565 692 1728 770 illam
1787 691 2228 754 distinctionem
2284 697 2441 758 inter

287 804 422 878 jura
474 792 801 855 essentialia
857 803 917 850 et
965 789 1378 866 accidentalia,
1421 790 1499 848 sic
1547 789 1939 848 ostendimus,
1990 790 2299 851 Di-stinctio
2340 793 2442 853 illa

300 889 699 954 commentitia
746 885 993 947 dicenda
1042 896 1131 945 est
1176 897 1236 944 et
1283 897 1509 944 naturae
1560 885 1847 965 primatus
1886 885 2172 967 pontificii
2207 898 2443 947 contra-

295 990 377 1048 ria
400 1034 415 1061 ἢ
459 1009 587 1069 quae
623 982 927 1043 arbitraria
970 981 1214 1041 omnino
1254 980 1483 1055 existit,
1518 980 1775 1062 falsoque
1813 980 2088 1040 innititur
2118 983 2438 1066 principi03

295 1106 422 1167 quae
467 1093 739 1141 naturam
790 1080 979 1160 ipsam
1024 1078 1279 1137 destruit
1322 1077 1611 1158 primatus
1651 1076 1932 1139 divinitus
1981 1079 2155 1137 Petro
2201 1083 2441 1162 ejusque

290 1175 708 1239 successoribus
736 1174 974 1247 collati3
1016 1194 1148 1256 quae
1183 1172 1439 1256 denique
1471 1173 1764 1252 incognita
1789 1172 1969 1255 plane
2001 1173 2110 1233 toti
2142 1174 2254 1234 fuit
2279 1176 2441 1235 anti-

296 1277 524 1358 quitati.
565 1273 763 1355 Atqui.

373 1370 515 1431 707.
549 1372 698 1429 Sane
735 1367 1106 1426 arbitrariam
1133 1364 1489 1426 censendam
1521 1388 1645 1427 esse
1679 1365 1966 1444 ejusmodi
1994 1365 2439 1427 distinctionem

298 1491 368 1529 ex
394 1464 703 1549 multiplici
726 1463 913 1545 capite
934 1462 1170 1522 abunde
1185 1462 1392 1544 liquet.
1424 1463 1507 1522 Ac
1540 1463 1602 1521 1ο
1627 1464 1762 1544 quia
1792 1462 1953 1521 nulla
1980 1474 2225 1545 apparet
2247 1464 2395 1524 ratio
2420 1511 2436 1539 ‚

295 1585 474 1648 quare
514 1559 829 1621 adversarii
865 1559 1180 1618 desumant
1224 1557 1391 1617 illam
1437 1557 1883 1619 distinctionem
1924 1580 1997 1619 ex
2037 1580 2137 1618 sex
2174 1559 2267 1622 vel
2299 1582 2440 1643 sep-

295 1674 417 1721 tem
455 1655 743 1739 prioribus
779 1654 983 1713 seculis
1005 1701 1021 1728 .‚
1070 1676 1191 1712 non
1235 1665 1434 1713 autem
1475 1675 1548 1714 ex
1582 1654 1773 1714 tribus
1815 1654 2306 1736 insequentibuS‚
2340 1667 2441 1716 aut

292 1777 421 1816 eam
459 1774 584 1811 non
628 1761 921 1809 coarctent
953 1750 1028 1808 ad
1065 1750 1174 1808 tria
1221 1750 1415 1830 priora
1454 1746 1683 1825 secula,
1729 1761 1905 1831 prout
1964 1750 2157 1810 facere
2191 1772 2437 1812 consue-—

307 1860 520 1912 verunt
551 1850 947 1907 protestantes
974 1847 1221 1905 istorum
1258 1846 1626 1926 antesignani
1672 1857 1731 1906 et
1762 1846 2056 1926 magistri,
2089 1847 2190 1927 qui
2226 1847 2302 1906 ad
2328 1848 2439 1906 tria

296 1959 619 2033 quatuorve
645 1944 838 2026 priora
873 1942 1061 2001 secula
1090 1953 1372 2002 revocant
1392 1964 1606 2024 puram
1631 1953 1691 2002 et
1721 1964 1961 2001 auream
1990 1940 2256 2002 Ecclesiae
2286 1954 2435 2002 aeta-

298 2058 455 2115 te1n3
501 2043 569 2099 2⁰
611 2040 745 2121 quia
791 2037 951 2096 nulla
994 2049 1149 2098 certa
1194 2038 1342 2097 ratio
1382 2037 1684 2120 suppetit,
1730 2058 1911 2119 quare
1941 2036 2269 2096 essentialia
2304 2043 2440 2116 jura

297 2142 568 2201 dicantur
603 2148 830 2195 arctum
879 2156 944 2193 ac
993 2134 1387 2193 necessarium
1426 2155 1649 2193 nexum
1700 2154 1837 2192 cum
1873 2134 2176 2215 pontificio
2218 2133 2438 2195 habere

298 2237 591 2321 primatu,
627 2229 1003 2291 accidentalia
1036 2251 1172 2290 vero
1209 2252 1331 2289 non
1369 2230 1548 2304 item7
1589 2230 1669 2288 ita
1695 2241 1784 2303 ut,
1826 2230 1872 2288 si
1913 2227 2139 2288 bonum
2179 2229 2439 2290 Ecclesiae

297 2339 606 2415 exposcat,
643 2326 1035 2387 necessarium
1075 2325 1187 2384 dici
1216 2337 1473 2407 nequeat
1501 2324 1951 2385 accidentalium
1971 2371 1986 2400 ‚
2025 2347 2156 2407 quae
2186 2337 2434 2403 vocant,

289 2428 512 2508 jurium
544 2423 919 2495 exercitium3
954 2421 1019 2480 30
1044 2424 1178 2504 quia
1209 2421 1531 2481 adversarii
1562 2443 1623 2482 se
1649 2421 1801 2481 solos
1823 2421 2046 2499 iudices
2069 2423 2436 2483 constituunt

299 2524 372 2584 ad
424 2519 861 2582 decernendum
883 2565 897 2594 ,
932 2538 1064 2601 quae
1098 2523 1229 2596 jura
1264 2516 1521 2578 debeant
1559 2518 1965 2579 essentialibus
1989 2565 2004 2594 .,
2059 2540 2190 2602 quae
2230 2531 2435 2587 >autem

299 2617 752 2682 accidentalibus
780 2615 1192 2689 adnumerari3
1224 2637 1362 2675 cum
1383 2627 1542 2675 certo
1567 2637 1639 2675 ex
1677 2615 1915 2683 historia
1954 2627 2220 2692 constet,
2263 2616 2434 2699 plura

301 2740 368 2778 ex
403 2717 471 2776 iis
491 2713 756 2794 juribuS‚
787 2732 914 2794 quae
947 2711 1325 2771 accidentalia
1351 2723 1594 2785 vocant,
1630 2723 1839 2794 utpote
1868 2723 2143 2773 contenta
2158 2714 2222 2773 in
2248 2712 2434 2772 Isido-

298 2813 460 2872 riana
488 2809 864 2882 col-lectione„
900 2807 1077 2867 fuisse
1128 2807 1191 2865 in
1252 2828 1422 2866 usum
1475 2806 1691 2866 adscita
1738 2830 1771 2866 a
1819 2830 1968 2868 rom.
2014 2809 2426 2878 Pontificibus,

298 2907 467 2987 longe
490 2915 805 2986 antequam
829 2901 1123 2981 ejusmodi
1151 2901 1412 2962 collectio
1440 2902 1811 2983 evulgaretur
1839 2906 1861 2983 (
1870 2907 1955 2986 1).
1985 2905 2053 2964 40
2073 2906 2217 2980 Quia
2248 2902 2432 2963 desti-

298 3004 482 3060 tuitur
516 3002 677 3061 omni
705 2999 1091 3058 fundamento
1122 2997 1419 3058 historico,

372 3178 443 3244 (l)
477 3177 827 3237 Cfr.Ballerini‚
858 3194 968 3242 opp.
989 3175 1039 3224 S.
1060 3175 1227 3224 Leonis
1245 3176 1314 3225 M.
1402 3180 1567 3243 spuriis
1613 3188 1658 3226 et
1695 3178 1754 3226 ab
1796 3178 2117 3241 interpolati33
2153 3188 2254 3227 tum
2292 3178 2320 3245 ἓ
2359 3180 2423 3240 3,

298 3274 416 3312 tom.
449 3278 527 3321 m,
560 3260 637 3308 De
664 3272 769 3310 ant.
793 3260 1053 3309 collection.
1076 3269 1120 3307 et
1137 3258 1314 3308 collect.
1402 3261 1451 3306 in
1477 3277 1570 3325 quo
1607 3259 1888 3317 ostendunt,
1917 3258 2046 3307 nulla
2072 3262 2252 3309 ratione
2287 3261 2428 3308 fuisse

297 3362 408 3395 can.
445 3354 563 3410 part.
599 3360 649 3391 m
669 3379 684 3403 ‚
724 3361 825 3408 cap.
852 3341 914 3402 6,
942 3346 990 3390 in
1024 3360 1117 3409 quo
1146 3343 1318 3390 doctis·
1402 3345 1695 3389 immutatam
1737 3340 2030 3406 disciplinam
2073 3343 2429 3391 ecclesiasticam

300 3430 403 3477 simi
431 3426 522 3475 viri
562 3443 614 3474 ex
657 3426 857 3489 professo
888 3436 1028 3491 agunt
1061 3425 1118 3473 de
1152 3424 1317 3473 collec-
1403 3442 1457 3473 ex
1486 3426 1789 3488 supposititiis
1819 3424 2127 3474 documentis.
2145 3425 2235 3475 Sed
2254 3428 2428 3491 praesti-

298 3515 426 3561 tione
458 3509 746 3558 Isidoriana
764 3545 776 3568 ‚
810 3512 1059 3574 praesertim
1090 3505 1117 3573 S
1143 3525 1171 3556 2
1188 3546 1200 3568 ‚
1230 3508 1314 3556 nbi
1405 3509 1508 3555 terit
1530 3506 1817 3555 eruditorum
1838 3510 2041 3556 virorum
2061 3509 2139 3557 hie
2157 3509 2294 3558 verba
2318 3507 2430 3556 sub-

275 3594 509 3642 'accurate
542 3601 786 3640 secernunt
804 3591 1084 3639 documenta
1106 3592 1311 3649 sincera,
1394 3591 1678 3656 jicere,'quae
1702 3589 1853 3637 lucem
1871 3590 2070 3639 afferunt
2092 3593 2163 3648 iis,
2188 3607 2291 3658 quae
2305 3591 2429 3638 dixi-

295 3692 397 3742 quae
437 3678 611 3724 inserta
656 3683 765 3722 sunt
810 3672 920 3721 huie
958 3673 1251 3732 collectioni,
1289 3689 1315 3719 a
1400 3686 1535 3720 mus:
1560 3670 1675 3720 Non
1686 3674 1869 3737 pauci,
1896 3673 2136 3735 scribunt,
2166 3673 2224 3721 de
2247 3671 2428 3739 pseudo
