2514 4218
481 180 643 217 PART.
690 177 734 215 1»
782 175 907 212 GAP.
958 173 1041 213 1V.
1090 173 1160 210 DE
1203 170 1474 210 ECGLESIAE
1514 167 1759 208 nonnus.

2059 141 2179 206 271

67 323 376 385 ostendere
402 319 622 400 regiam
653 316 806 377 hanc
842 335 1177 397 supremam
1203 323 1551 396 potestatem
1576 356 1592 387 ,
1630 310 1679 369 si
1702 310 1826 371 fieri
1857 321 2052 393 posset
2070 356 2086 387 .,
2113 331 2187 372 ex

69 419 367 504 principiis
389 427 448 475 et
471 413 640 496 praxi
665 410 1099 471 Catholi-corum
1116 411 1225 487 (l).
1244 407 1413 484 Quod
1431 407 1479 467 si
1498 405 1925 466 Catholicorum
1942 407 2187 468 nomine

141 621 208 687 (1)
240 621 312 669 Ita
346 637 466 668 nova
506 618 660 667 schola
702 615 1009 674 oxoniensis,
1042 614 1094 661 in

71 723 164 772 qua
179 705 352 752 eminet
369 701 548 750 Palmer
566 736 579 759 ‚
610 700 692 765 qui
707 736 722 758 ,
750 715 828 763 op.
845 698 924 744 cit.
943 694 1036 743 vol.
1055 709 1094 754 1,

74 795 198 852 part.
233 802 266 833 11
294 820 308 848 ,
339 802 442 849 cap.
466 783 495 831 3
516 819 530 843 ,
570 781 655 829 ubi
693 780 751 828 de
790 776 1096 860 ecclesiastico

75 873 278 937 primatu
327 885 381 917 ac
420 868 479 916 de
522 866 632 915 actis
677 861 833 929 civilis
854 858 1098 937 ‘potestatis

78 953 164 1002 sub
196 952 348 1015 regnis
375 949 561 999 Henrici
601 959 679 996 vm
711 953 758 994 et
784 940 1055 1002 Eduardivt
1083 976 1095 999 ,

81 1034 250 1084 deinde
283 1049 389 1081 vero
431 1048 531 1096 cap.
577 1027 645 1089 5,
692 1027 775 1076 ubi
823 1024 1001 1072 disserit
1038 1019 1100 1070 de

83 1133 223 1180 regno
254 1113 532 1163 Elisabethae
550 1149 563 1172 ,
594 1120 715 1158 totus
749 1109 798 1154 in
824 1122 880 1155 eo
919 1114 1016 1165 est,
1051 1113 1104 1150 ut

84 1200 280 1254 evincat,
297 1214 394 1244 non
410 1194 535 1243 aliud
551 1186 800 1263 Ecclesiam
813 1185 1100 1250 anglicanam

91 1279 306 1328 tribuisse
333 1276 517 1342 regibus
551 1275 646 1322 suis
672 1287 813 1338 quam
848 1269 974 1335 quod
1011 1269 1105 1315 suis

88 1361 316 1411 Catholici
355 1354 648 1421 Principibus
695 1352 923 1400 tribuunt.
969 1348 1105 1415 Quod

88 1441 371 1509 paradoxum
393 1435 645 1488 lectoribus
674 1444 726 1483 ut
766 1433 976 1488 suadeat,
1009 1434 1105 1480 imo

89 1534 135 1574 et
164 1523 428 1590 persuadeat
451 1556 466 1581 ,
495 1519 735 1567 historiam
766 1515 1107 1564 reformationis

90 1607 342 1672 anglicanae
359 1638 376 1666 ,
398 1612 450 1651 ut
482 1610 652 1650 vocant
678 1637 691 1660 ‚
722 1598 865 1653 veluti
893 1614 919 1644 a
942 1595 1110 1663 priori

87 1687 332 1738 conscribit
351 1721 366 1746 ‚
383 1685 432 1733 id
447 1693 534 1745 est,
552 1699 647 1731 non
660 1684 789 1750 juxta
805 1681 1104 1737 documenta,

87 1787 192 1836 quae
227 1779 305 1818 aut
351 1767 479 1816 nulla
520 1765 698 1832 profert
734 1772 814 1812 aut
850 1761 1015 1811 mutila
1055 1777 1109 1808 ac

86 1852 356 1901 detruncata
378 1888 391 1910 ,
412 1849 493 1898 sed
511 1857 649 1913 prout
666 1845 754 1894 sibi
784 1845 893 1907 eam*
905 1844 1109 1892 evenisse

87 1944 242 1983 mente
288 1933 518 1997 concepit.
562 1926 610 1977 Si
651 1931 804 1993 ipsum
833 1925 1109 1993 audiamus,

92 2033 189 2063 non
230 2013 417 2079 politica
460 2023 506 2062 et
549 2011 700 2065 civilis
737 2018 933 2076 potestas
977 2025 1109 2056 suam

93 2096 304 2145 Ecclesiae
337 2096 562 2160 imposuit
598 2095 834 2159 politicam
870 2108 925 2140 ac
951 2101 1110 2157 tyran-

92 2181 250 2227 nicam
284 2179 693 2240 reformationem3
725 2176 804 2225 sed
835 2174 985 2223 clerus
1016 2176 1113 2238 ipse

95 2260 217 2310 ultro
262 2262 461 2325 seipsum
510 2267 556 2307 et
589 2258 843 2307 Ecclesiam
876 2259 992 2304 mire
1027 2256 1111 2304 foe·

93 2343 247 2392 datam
276 2334 576 2400 reformavit,
606 2343 657 2389 in
682 2358 775 2407 quo
806 2350 1003 2405 potestas
1037 2340 1113 2386 ei·

93 2426 196 2474 vilis
232 2424 351 2474 nihil
381 2424 507 2473 aliud
545 2424 655 2472 fecit
699 2439 842 2489 quam
876 2422 1115 2486 suppetias

93 2509 244 2568 ferre,
296 2518 349 2556 ut
394 2509 629 2572 negotium
670 2506 863 2553 feliciter
907 2509 1116 2569 optatam

94 2590 152 2639 ad
183 2599 352 2639 metam
391 2589 740 2654 perduceretur.
765 2585 901 2653 Quod
933 2589 970 2634 si
994 2585 1119 2634 Hen-

93 2675 215 2721 rieus
238 2672 387 2736 adegit
409 2671 587 2719 clerum
609 2669 669 2718 ad
697 2671 852 2734 ipsum
874 2668 1117 2717 declaran-

94 2755 207 2804 dum
245 2771 524 2820 supremum
556 2750 796 2801 Ecclesiae
829 2750 1121 2816 Anqlicanoe

98 2846 242 2905 caput
288 2838 433 2902 (tune
476 2838 602 2886 enim
637 2837 845 2900 primum
882 2836 1018 2899 coepit
1059 2833 1119 2882 ab

104 2919 298 2968 Henrieo
342 2928 429 2966 vm
461 2916 757 2981 Anqlicanoe
798 2915 1122 2965 denominatio

103 3001 289 3066 invehi)
309 3038 323 3061 ,
357 3001 406 3049 id
430 3001 621 3048 nonnisi
653 2999 739 3048 sub
759 3016 969 3063 expressa
991 2998 1122 3047 clau-

107 3082 203 3130 sula
219 3100 233 3131 :
250 3082 382 3132 salva
397 3082 493 3148 leqe
511 3080 716 3141 Christi,
732 3081 880 3130 clerus
896 3079 1122 3129 effecit.S.

107 3171 317 3224 praeterea
349 3164 582 3214 Hem-icus
619 3167 814 3230 ejusque
848 3179 1128 3211 successores

108 3241 349 3293 Eduardus
364 3257 410 3295 et
426 3245 688 3295 Elisabetha
713 3263 811 3294 sese
840 3247 1127 3310 ingesserunt

113 3326 164 3371 in
192 3328 386 3390 negotiis
407 3328 622 3375 omnibus
646 3327 962 3376 ecelesiasticis
977 3361 995 3389 ‚
1024 3343 1127 3375 om·

112 3406 284 3470 niaque
315 3424 391 3455 sus
407 3408 556 3473 deque
586 3420 841 3474 verterunt,
873 3410 1041 3458 adeout
1068 3425 1128 3458 ex

112 3488 367 3547 catholica,
399 3482 507 3555 quae
531 3494 654 3554 prius
674 3503 771 3542 erat
787 3492 1019 3554 Ecclesia,
1048 3510 1128 3558 per

114 3587 279 3618 novam
319 3571 710 3636 metamorphosin
733 3575 852 3623 facta
871 3575 1006 3623 fuerit
1019 3591 1128 3641 pro-

113 3655 312 3711 testans,
343 3651 556 3700 haeretica
592 3662 632 3700 et
676 3654 993 3721 schismatica3
1033 3657 1129 3704 haec

1176 615 1331 662 omnia
1358 615 1400 662 si
1422 615 1596 663 auctori
1611 623 1766 662 nostro
1781 612 1922 661 fidem
1944 612 2189 680 adjungas,

1177 711 1273 762 nou
1307 695 1516 745 afficiunt
1531 697 1619 744 nisi
1636 712 1706 745 res
1725 697 1963 744 exteriores
1985 695 2190 762 discipli-

1180 792 1289 836 nae,
1332 775 1406 824 vel
1434 776 1494 824 ad
1529 762 1767 845 summum
1809 776 2016 837 violentae
2053 793 2194 827 usur-

1180 861 1388 926 pationes
1414 844 1606 907 fuerunt
1630 852 1790 908 contra
1814 859 2199 925 ipsiustcclesiae

1180 942 1554 1007 constitutionem
1587 977 1601 999 ‚
1643 957 1747 1006 quae
1775 942 1854 991 =de
1901 952 2047 992 cetero
2093 952 2201 1009 post

1180 1022 1408 1089 ejusmodi
1446 1022 1819 1071 reformationem
1862 1024 2056 1074 identica
2087 1041 2194 1075 om-

1181 1109 1295 1158 nino
1327 1108 1613 1172 permansit,
1642 1109 1867 1165 nimirum
1892 1109 2041 1174 qualis
2067 1110 2198 1175 prius

1182 1198 1308 1247 erat3
1338 1190 1398 1237 ad
1423 1206 1532 1261 eum
1566 1187 1708 1255 plane
1747 1181 1940 1240 modum
1976 1190 2059 1254 (ut
2088 1192 2198 1259 qui-

1183 1271 1292 1318 dam
1326 1288 1382 1320 ex
1410 1269 1782 1330 Oxoniensibus,
1806 1272 1868 1321 1).
1898 1270 2082 1332 Hooke,
2105 1291 2201 1323 nu-

1184 1370 1265 1418 per
1303 1349 1487 1412 aiebat,
1520 1369 1581 1400 an
1609 1353 1760 1418 lepide
1789 1364 1870 1402 aut
1906 1357 2025 1404 serio
2054 1356 2208 1406 nesei-

1185 1436 1316 1499 rem)
1339 1471 1353 1496 ‚
1386 1452 1481 1501 quo
1506 1437 1588 1502 qui
1618 1452 1756 1483 mane
1786 1452 1975 1500 surgens
1994 1436 2105 1486 lavit
2125 1437 2204 1487 fa-

1186 1518 1303 1566 ciem
1331 1534 1460 1565 suam
1479 1554 1492 1576 ‚
1519 1516 1681 1565 eadem
1704 1527 1826 1566 certe
1849 1534 2071 1582 persona,
2095 1535 2208 1587 quae

1187 1609 1286 1649 erat
1323 1610 1429 1648 ante
1472 1598 1697 1648 lotionem
1715 1636 1729 1659 ,
1782 1599 1978 1650 habetur
2022 1611 2068 1651 et
2114 1613 2203 1654 est.

1187 1681 1371 1747 Optime
1385 1678 1487 1731 haec
1500 1681 1690 1747 quidem
1715 1700 1746 1731 a
1767 1676 1932 1749 priori
1950 1687 2206 1750 excogitata

1188 1773 1325 1827 sunt3
1350 1772 1439 1824 ast,
1456 1765 1493 1811 si
1507 1764 1723 1812 historica
1737 1764 2016 1814 documenta
2039 1783 2208 1815 consu-

1187 1845 1358 1905 lamus,
1370 1863 1467 1893 non
1477 1847 1606 1895 item.
1619 1844 1810 1894 Constat
1824 1849 1966 1908 enim,
1977 1853 2024 1894 ι0
2038 1847 2208 1898 Henri-

1189 1945 1297 1975 cum
1315 1927 1376 1975 ob
1388 1925 1661 1993 denegatum
1677 1929 1765 1976 sibi
1779 1930 2048 1995 conjugium
2062 1948 2088 1978 a
2102 1929 2226 1980 Cle--

1191 2019 1455 2069 mentem,
1479 2009 1726 2059 rebellasse
1739 2010 1950 2060 Ecclesiae
1972 2028 2175 2061 romanae
2191 2049 2206 2072 ‚

1191 2107 1295 2157 quae
1322 2091 1575 2150 hactenuS‚
1601 2102 1654 2140 ut
1675 2094 1725 2140 in
1751 2095 1965 2142 universo
1995 2094 2173 2142 mundo
2192 2131 2208 2155 ,

1192 2175 1259 2222 sic
1292 2175 1432 2222 etiam
1456 2176 1507 2221 in
1534 2171 1706 2238 Anglia
1740 2175 1903 2224 habuit
1932 2192 2114 2241 semper
2146 2186 2216 2226 at-

1193 2272 1284 2323 que
1318 2258 1522 2306 exercuit
1553 2259 1834 2321 primatum;
1880 2266 1931 2306 2⁰
1963 2258 2216 2323 Reforma-

1192 2337 1369 2383 tionem
1391 2336 1679 2400 anglicanam
1697 2339 1838 2386 invite
1868 2355 1923 2388 ac
1948 2339 2216 2391 obluctante

1195 2418 1315 2468 clero
1353 2419 1518 2467 factam
1553 2408 1696 2469 fuisse
1731 2437 1757 2468 a
1800 2430 2017 2485 potestate
2057 2422 2172 2472 laica
2196 2461 2213 2483 ,

1196 2518 1303 2568 rege
1339 2518 1508 2567 nempe
1546 2504 1737 2569 ejusque
1773 2519 1898 2552 salivi
1931 2503 2103 2569 (quem
2145 2506 2217 2555 di-

1198 2582 1349 2646 cunt)
1391 2599 1668 2632 namnum
1714 2584 1838 2651 lege3
1872 2585 1926 2634 3⁶
1956 2583 2217 2636 Henrieum

1199 2683 1304 2713 vere
1341 2664 1429 2714 sibi
1477 2675 1524 2714 et
1557 2683 1656 2715 rem
1700 2677 1746 2716 ct
1784 2667 1970 2716 titulum
2016 2673 2220 2734 supremi

1200 2749 1361 2813 capitis
1414 2748 1708 2797 ecelesiastici
1745 2751 1796 2798 in
1827 2749 2026 2798 Ecclesia
2072 2752 2222 2817 angli-.-

1202 2846 1315 2878 eana
1331 2847 1591 2895 usurpasse,
1614 2839 1659 2879 et
1677 2831 1934 2881 clausulam
1948 2832 2098 2894 illam,
2116 2850 2222 2901 quae

1203 2913 1330 2960 testis
1351 2922 1418 2961 est
1450 2913 1734 2962 reluctantiae
1760 2913 1869 2964 cleri
1902 2917 2097 2982 ejusque
2115 2933 2223 2982 per-

1205 2996 1464 3044 severantiae
1486 2998 1536 3044 in
1556 2997 1675 3044 avita
1704 2996 1795 3046 fide
1825 2999 1944 3047 circa
1970 3001 2223 3064 primatum

1201 3078 1319 3147 juris
1349 3077 1495 3126 divini
1528 3080 1576 3126 in
1620 3095 1741 3126 rom.
1790 3077 2047 3142 Pontifiee,
2085 3081 2225 3146 paulo

1208 3169 1317 3231 post
1340 3159 1572 3208 sublatam
1612 3159 1750 3208 fuisse
1773 3178 1829 3210 ac
1862 3164 2044 3227 penitus
2071 3163 2226 3213 aboli-

1206 3253 1298 3291 tam
1315 3277 1328 3295 ,
1364 3245 1428 3292 ita
1461 3253 1513 3291 ut
1540 3231 1690 3292 clerus
1717 3245 1812 3308 ipse
1842 3263 1939 3295 non
1961 3247 2101 3297 aliam
2136 3247 2222 3295 ha-

1206 3325 1362 3376 buerit
1385 3329 1637 3392 optionem,
1672 3329 1762 3375 nisi
1779 3338 1859 3376 aut
1884 3330 2128 3379 emittendi
2149 3333 2228 3395 J’u-

1209 3412 1405 3459 ramenti
1429 3409 1487 3458 de
1506 3407 1719 3458 absoluto
1750 3413 1947 3474 primatu
1975 3415 2090 3476 regis
2109 3447 2123 3471 ,
2146 3421 2228 3459 aut

1209 3494 1350 3540 vitam
1390 3491 1651 3541 amittendi.
1695 3479 1749 3556 4⁰
1792 3491 1935 3543 Hunc
1975 3497 2225 3559 primatum

1213 3577 1388 3640 regium
1402 3591 1499 3622 non
1512 3574 1663 3623 solum
1680 3593 1779 3624 sese
1799 3576 2058 3625 extendisse
2079 3575 2138 3624 ad
2155 3594 2228 3626 res

1213 3656 1529 3723 disciplinares
1551 3693 1564 3718 ,
1607 3656 1734 3724 quod
1769 3659 1902 3707 etiam
1944 3657 2073 3707 nefas
2107 3658 2225 3709 fuis-
