2514 4218
262 175 378 235 182
470 244 472 249 Ι
842 191 1034 232 rnAcr.
1086 191 1153 227 nr.
1197 191 1351 230 iocis
1395 194 1772 233 maome-ms,

338 339 481 397 289.
529 338 621 395 Sic
656 338 831 397 etiam
860 335 1009 426 nihil
1031 333 1299 408 interest,
1326 336 1486 423 quod
1509 337 1807 410 orientalis
1825 338 2068 398 Ecclesia
2086 337 2383 421 indepen-

260 435 406 495 dens
443 428 656 507 fuerit,
706 453 813 491 nec
854 430 969 489 nisi
1004 429 1264 510 precaria
1311 429 1573 491 extiterit
1605 452 1723 513 pax
1758 454 1892 494 cum
1930 434 2028 494 illa
2069 434 2236 493 inita.
2292 436 2387 495 Uti

260 531 419 591 enim
442 526 966 589 animadvertimus
985 569 1000 599 ,
1026 523 1384 585 catholicitas
1408 524 1669 586 Ecclesiae
1702 548 1957 590 romanae
1978 529 2142 590 nulla
2163 530 2390 592 ratione

267 628 492 711 pendet
528 649 560 685 a
599 624 909 685 schismate
944 643 1128 703 graeco
1149 668 1164 699 ,
1205 633 1306 682 aut
1333 623 1407 683 ab
1443 623 1649 684 haeresi
1685 624 2073 706 eutychianaz,
2128 628 2390 710 alioquin

263 734 540 785 cessasset
564 740 687 780 esse
710 717 1017 794 catholica,
1036 718 1273 802 quando
1294 731 1381 779 tot
1404 718 1714 779 orientales
1735 718 1995 781 Ecclesiae
2017 721 2393 786 adhaeserunt

261 809 525 881 Nestorio
542 827 600 876 et
617 815 946 896 Eutychen,
973 827 1073 875 aut
1096 817 1334 899 quando
1361 817 1682 876 Donatistae
1706 837 1767 876 se
1790 814 1864 877 ab
1881 815 2126 878 Ecclesia
2149 840 2392 882 romana

260 922 645 997 separarunt3
681 912 838 993 quod
861 932 1036 971 nemo
1062 910 1234 972 dicet.

338 1008 479 1069 290.
527 1005 616 1068 Ad
641 1007 750 1077 5¹¹¹,
780 1007 934 1089 Neq.
966 1028 1170 1068 omnes
1194 1006 1480 1088 ejusmodi
1502 1007 1790 1090 sequelaS‚
1817 1028 1948 1091 quae
1971 1030 2044 1070 ex
2066 1009 2222 1070 falsis
2250 1031 2395 1093 prae-

258 1104 443 1165 missis
478 1102 871 1163 deducuntur.
913 1104 984 1162 Et
1024 1125 1131 1163 nos
1176 1104 1398 1187 pariter
1430 1104 1843 1165 contendimus
1863 1149 1880 1181 ‚
1910 1103 2298 1184 attributum,
2329 1127 2395 1166 ac

258 1211 572 1284 propterea
611 1210 817 1259 notam
848 1196 1255 1260 catholicitatis
1279 1211 1732 1282 permanentem
1773 1222 1898 1261 esse
1937 1211 2237 1283 oportere3
2267 1205 2394 1281 jam

260 1321 399 1360 vero
419 1320 554 1358 cum
578 1297 1035 1373 ostenderimus,
1053 1295 1399 1357 catholicam
1424 1319 1658 1381 semper
1673 1297 2065 1380 permansisse
2080 1297 2394 1359 Ecclesiam

259 1417 568 1454 romanam
590 1440 606 1468 ‚
642 1415 764 1452 non
807 1391 1181 1452 obstantibus
1218 1392 1333 1453 illis
1367 1392 1756 1476 peculiaribus
1799 1393 2258 1470 defectionibus,
2292 1396 2396 1454 in·-

258 1491 393 1551 ferri
427 1489 655 1572 nequit,
687 1488 956 1549 eamdem
986 1488 1297 1550 Ecclesiam
1314 1502 1560 1570 partem
1589 1489 1830 1573 quidem
1856 1513 1983 1551 esse
2012 1492 2276 1552 Ecclesiae
2299 1512 2397 1552 ca-

265 1585 488 1646 tholicae
509 1629 526 1660 ,
563 1586 806 1645 minime
846 1607 988 1645 vero
1019 1583 1284 1646 absolute
1310 1597 1487 1668 atque
1521 1586 1585 1645 in
1626 1607 1802 1646 sensu
1838 1585 2133 1647 exclusivo
2158 1585 2399 1647 catholi-

260 1703 387 1742 cam
433 1703 576 1742 esse.
639 1681 831 1742 Velint
872 1681 1072 1764 itaque
1115 1680 1311 1740 nolint
1351 1692 1522 1741 sectae
1579 1680 1892 1741 orientales
1937 1692 1999 1741 et
2044 1681 2397 1762 anglicanae,

259 1798 564 1859 nunquam
598 1777 735 1858 ipsae
768 1776 831 1835 in
872 1796 1114 1836 censum
1150 1776 1392 1839 venient
1427 1775 1723 1836 catholicae
1761 1775 2054 1852 Ecclesiae,
2092 1778 2205 1836 nisi
2237 1799 2399 1837 erro-
2447 1809 2459 1814 -

259 1871 419 1933 ribus
444 1884 503 1933 et
524 1872 838 1932 schismate
865 1873 1102 1951 ejuratis
1125 1894 1187 1932 se
1215 1873 1502 1954 recipiant
1523 1873 1586 1931 in
1608 1873 1806 1931 sinum
1828 1873 2097 1934 Ecclesiae
2120 1893 2396 1947 romanae,

263 1980 321 2028 et
365 1989 498 2027 cum
535 1990 601 2029 ea
648 1968 1087 2027 communicent
1120 1969 1184 2028 in
1220 1967 1447 2026 unitate
1479 1966 1617 2027 fidei
1654 1978 1715 2027 et
1750 1968 2082 2048 regiminiS,
2127 1988 2262 2026 cum
2294 1968 2402 2028 de-

263 2064 385 2123 bita
420 2063 781 2142 subJ'ectione
806 2084 871 2121 ac
905 2062 1304 2144 dependentia
1331 2084 1362 2122 a
1398 2065 1567 2123 Rom.
1601 2064 1900 2123 pontifice.

340 2161 458 2217 291
473 2205 485 2218 .
521 2159 609 2218 Ad
634 2160 747 2233 6¹¹²,
762 2161 937 2239 Resp.
963 2158 1278 2217 Ecclesiam
1298 2180 1605 2218 romanam
1625 2158 1933 2217 sollicitam
1950 2180 2074 2219 non
2097 2178 2240 2232 esse,
2261 2159 2404 2241 quid

262 2254 336 2314 de
362 2253 671 2313 Catholicis
703 2252 1203 2312 commorantibus
1230 2254 1386 2312 intra
1405 2253 1692 2313 ditionem
1718 2252 2217 2314 schismaticorum
2243 2256 2404 2315 Grae-

263 2373 464 2411 corum
510 2362 612 2409 aut
652 2350 1105 2430 Anglicanorum
1150 2350 1212 2409 hi
1248 2352 1357 2434 ipsi
1393 2352 1652 2411 sentiant
1683 2363 1785 2412 aut
1820 2351 2038 2412 dicant.
2081 2353 2268 2413 Etiam
2305 2375 2409 2414 ve-

263 2459 414 2506 teres
449 2446 649 2506 Ariani
678 2445 969 2508 vocabant
1005 2446 1334 2507 Catholicos
1362 2448 1783 2507 homousianos
1803 2495 1821 2518 ,
1870 2449 2165 2528 Pelagiani
2192 2449 2409 2507 tradu-

262 2547 469 2602 cianos
488 2589 506 2612 ,
537 2553 597 2601 et
625 2541 705 2600 ita
750 2563 959 2624 porr03
1000 2553 1203 2602 tamen
1238 2542 1525 2602 Catholici
1559 2539 1792 2625 semper
1816 2543 2058 2602 fuerunt
2085 2542 2367 2602 Catholici
2387 2588 2403 2617 .,

263 2650 323 2699 et
365 2637 450 2697 illi
483 2637 742 2696 haeretici
773 2648 876 2695 aut
914 2637 1286 2696 schismatici.
1322 2638 1785 2717 Episcopaliwm
1823 2659 1999 2721 porro
2035 2637 2393 2698 fundamen-

264 2747 393 2794 tum
413 2779 429 2809 .‚
465 2731 610 2792 dum
636 2731 963 2792 Catholicos
981 2731 1330 2791 Britannicae
1347 2730 1555 2791 ditioni
1569 2730 1858 2811 subJectos
1887 2733 2290 2792 schismaticis
2303 2754 2391 2792 ac-

264 2852 500 2892 censere
520 2852 642 2889 non
671 2840 950 2890 verentur
966 2873 983 2903 7
1000 2827 1062 2886 in
1080 2828 1224 2888 falso
1240 2830 1543 2912 supposito
1570 2831 1750 2890 situm
1775 2843 1865 2891 est
1884 2876 1900 2906 ,
1930 2853 1992 2892 se
2016 2853 2234 2914 nempe
2256 2853 2396 2914 par-

258 2940 388 2986 tem
409 2925 703 2986 catholicae
720 2924 981 2984 Ecclesiae
997 2924 1225 2986 efficere
1245 2971 1260 3002 7
1291 2947 1426 2986 cum
1449 2936 1649 2986 tamen
1675 2926 1750 2986 ab
1767 2947 1835 2987 ea
1862 2926 2034 2989 divisi
2060 2926 2237 3010 plane
2252 2927 2393 3001 sint,

265 3022 552 3105 siquidem
581 3022 808 3083 nullam
835 3042 968 3081 cum
1003 3025 1128 3105 ipsa
1159 3044 1268 3085 nec
1310 3033 1618 3085 externam
1654 3044 1764 3083 nec
1803 3024 2100 3084 internam
2135 3020 2396 3082 habeant

265 3122 768 3198 communionem,
810 3130 986 3202 atque
1015 3141 1047 3178 a
1077 3118 1371 3179 catholicae
1406 3120 1649 3181 unitatis
1680 3131 1883 3180 centro
1919 3140 2157 3202 prorsus
2187 3117 2396 3178 abhor—

264 3227 452 3276 reant.
491 3217 604 3290 Qui
637 3217 813 3298 igitur
852 3214 1197 3276 schismatici
1235 3216 1420 3277 sunt‘?
1459 3218 1546 3277 An
1581 3214 1701 3291 illi,
1735 3214 1832 3298 qui
1866 3215 2265 3275 communioni
2299 3235 2396 3274 ca-

266 3310 493 3371 tholicae
521 3312 784 3373 Ecclesiae
818 3317 1056 3394 ejusque
1086 3312 1259 3393 capiti
1284 3312 1535 3373 fideliter
1563 3311 1871 3372 adhaerent
1901 3322 2104 3371 contra
2147 3309 2397 3393 peculia-

265 3430 391 3468 rem
412 3406 837 3468 schismaticam
862 3406 1170 3468 Ecclesiam
1192 3434 1207 3482 ς
1245 3420 1347 3467 aut
1372 3410 1567 3491 potius
1600 3408 1866 3490 Episcopi
1893 3406 2065 3485 hujus
2088 3405 2395 3490 peculiaris

265 3502 529 3563 Ecclesiae
553 3548 568 3576 ,
614 3503 773 3562 nulla
803 3504 1094 3586 pollentes
1122 3504 1568 3582 jurisdictione,
1606 3506 1915 3585 caeterique
1943 3503 2018 3562 ad
2051 3503 2182 3564 eam
2209 3501 2395 3584 perti-

185 3642 188 3645 -
265 3612 473 3661 nentes
496 3645 511 3673 ,
549 3599 649 3681 qui
691 3597 765 3657 ab
803 3599 1069 3660 Ecclesiae
1107 3599 1453 3661 universalis
1487 3599 1713 3659 unitate
1744 3598 2028 3659 recedunt
2059 3610 2117 3659 et
2145 3597 2392 3657 schisma

268 3697 465 3758 fovere
507 3695 799 3776 pergunt?
833 3695 1111 3756 Praeclare
1156 3696 1506 3775 Augustinus
1551 3695 1626 3755 de
1667 3695 1943 3757 Tichonio
1980 3695 2271 3757 donatista
2312 3691 2392 3750 lo-
