2514 4218
254 166 376 226 422
846 187 1042 225 mac-r,
1094 187 1164 225 ne
1210 187 1365 225 Lotus
1425 185 1810 240 maome-tom.

256 352 372 391 non
406 352 625 411 aynos,
664 340 738 389 ut
774 335 981 411 primo
1025 331 1290 410 quodam
1324 332 1473 389 lacte
1512 332 1852 400 vescendos:
1876 355 1983 394 nec
2014 338 2313 410 oviculae,
2349 349 2416 399 at

256 427 514 488 secundo
527 447 548 496 ,⁰
567 427 672 486 sed
690 447 817 486 oves
825 447 1070 506 pascere
1072 427 1339 504 jubetur
1353 471 1371 503 ‚
1391 429 1772 506 perfectiores
1799 440 1872 487 ut
1879 435 2171 510 perfectio
2187 435 2414 514 yuher-

256 535 436 583 naret
465 525 575 607 (l).
620 525 752 583 Pari
795 544 1035 605 prorsus
1082 523 1309 582 ratione
1341 523 1400 582 S.
1439 522 1773 583 Bernardus
1814 528 2089 607 exponit,
2121 530 2199 588 sic
2225 531 2417 610 Euge-

255 621 424 680 nium
453 621 533 679 ΙΙΙ
564 619 874 702 alloquens
912 642 925 676 z
958 620 1208 679 Habent
1234 622 1334 678 illi
1365 620 1387 699 (
1424 620 1690 701 Episcopi
1721 621 1744 702 )
1772 622 1898 680 sihi
1926 627 2257 704 assiynatos
2280 649 2415 707 yre-

249 738 385 798 93⁸>
409 718 646 798 si'nyuli
675 716 984 795 sinyulos;
1013 717 1133 775 tibi
1150 718 1427 775 universi
1452 716 1700 789 crediti,
1726 719 1846 775 uni
1873 741 2053 778 unus.
2087 721 2214 780 Nec
2243 724 2416 783 modo

258 818 465 873 ovium
485 859 500 887 ,
543 813 647 871 sed
670 823 729 872 ec
743 823 1070 892 pastorum
1102 823 1167 871 ta
1196 835 1361 872 unus
1389 815 1663 873 omnium
1686 823 1919 892 pastor.
1976 816 2144 876 Unde
2174 819 2247 875 id
2263 841 2418 898 pro-

259 911 391 970 bem
416 953 436 983 ,
481 908 755 988 quoeris?
796 908 900 969 Ea*
951 910 1126 967 verbo
1163 902 1492 968 Domini...
1530 931 1716 988 pasce
1758 932 1886 969 oves
1925 933 2088 970 meas
2127 912 2236 993 (2).
2290 915 2419 975 Huc

262 1016 486 1089 spectat
535 1004 713 1064 Cone.
753 1005 1145 1064 Lateranense
1188 1005 1258 1065 1V
1282 1049 1298 1078 ‚
1340 1004 1486 1064 dum
1527 1003 1791 1064 decernit
1832 1028 1845 1064 :
1890 1008 2161 1066 Ecclesia
2196 1010 2421 1069 Roma-

257 1123 375 1171 na,
403 1102 751 1182 disponente
775 1103 1077 1173 Domino,
1119 1122 1305 1179 super
1329 1123 1529 1160 omnes
1565 1103 1724 1160 alias
1750 1103 2087 1163 ordinarioe
2115 1109 2420 1184 potestatis

258 1200 484 1257 obtinet
499 1202 937 1278 principatum
954 1243 970 1268 .‚
1002 1209 1194 1278 utpote
1213 1208 1413 1257 mater
1438 1202 1866 1258 universorum
1898 1199 2131 1259 Christi
2138 1202 2420 1279 fidelium

258 1307 316 1355 et
338 1299 638 1377 mayistra
680 1296 772 1378 (3)
798 1342 814 1370 .,
859 1294 1124 1377 adeoque
1153 1294 1418 1356 fidelium
1445 1306 1505 1354 et
1544 1296 1985 1378 Episcoporum.
2029 1298 2179 1359 Huic
2219 1300 2418 1359 conci-

259 1392 353 1450 nit
385 1392 711 1451 Concilium
746 1392 1154 1452 Florentinum
1186 1393 1249 1451 in
1292 1391 1547 1451 adducto
1584 1391 1819 1452 decreto
1858 1392 1971 1452 illis
2020 1394 2251 1470 verbi83
2286 1396 2420 1479 qui-

256 1487 369 1549 bus
395 1489 698 1565 definivit,
737 1492 1063 1551 Traditam
1101 1513 1219 1550 esse
1246 1512 1400 1549 rom.
1439 1490 1726 1570 Pontifici
1753 1496 1823 1550 in
1855 1495 1925 1550 B.
1964 1493 2143 1551 Petro
2167 1481 2420 1574 plenam

255 1597 599 1666 potestatem
632 1589 963 1668 pascendi,
1004 1588 1255 1668 reyenoli
1302 1597 1358 1646 et
1387 1587 1790 1668 yuhernandi
1813 1593 2164 1648 uiziversam
2201 1590 2418 1651 Eccle-

258 1685 419 1742 siam
449 1682 561 1763 (4).

344 1777 485 1839 605.
532 1779 1018 1840 Luculentissime
1071 1778 1228 1839 hanc
1297 1777 1569 1839 eamdem
1609 1779 1924 1840 veritatem
1976 1802 2126 1840 rom.
2175 1783 2422 1843 Pontifi-

260 1895 395 1933 cum
430 1888 707 1936 constans
745 1897 812 1936 ac
846 1887 1136 1959 perpetua
1187 1877 1384 1959 praxis
1422 1876 1757 1936 confirmat.
1802 1878 1913 1936 Res
1966 1877 2127 1936 enim
2165 1879 2427 1939 testatis-

259 1972 407 2031 sima
434 1982 524 2031 est
552 1972 617 2030 in
655 1971 921 2051 historia{
948 1970 1358 2046 ecclesiastica,
1388 1993 1536 2031 rom.
1560 1971 1874 2032 Pontifices
1898 1995 2066 2032 suam
2085 1973 2239 2034 hanc
2261 1986 2428 2057 pote·

261 2078 476 2128 statem
511 2070 834 2129 exercuisse
855 2115 871 2145 ‚
903 2069 1028 2130 sive
1067 2069 1134 2128 in
1174 2067 1563 2129 decernendis
1600 2067 1740 2128 fidei
1762 2070 2174 2129 controversiis
2206 2070 2430 2155 ubique

259 2175 552 2226 terrarum
579 2167 796 2226 exortis
815 2211 831 2242 ‚
854 2167 977 2230 sive
1001 2167 1062 2226 in
1088 2164 1447 2250 praefigenda
1471 2164 1779 2248 disciplina
1800 2211 1816 2241 7
1844 2166 1967 2228 sive
1986 2166 2050 2225 in
2073 2168 2428 2250 recipiendis

260 2261 623 2341 dejectorum
684 2264 1112 2347 Episcoporum
1162 2260 1661 2346 appellationibus
1685 2308 1702 2339 ‚
1758 2263 1882 2324 sive
1941 2263 2004 2322 in
2059 2265 2431 2327 restituendo

262 2357 501 2420 sedibus
546 2361 662 2419 suis
706 2359 874 2437 illos,
927 2361 1030 2444 qui
1082 2360 1382 2420 immerito
1442 2359 1679 2419 fuerant
1724 2361 2123 2437 exauctorati3
2163 2363 2225 2422 in
2269 2363 2431 2425 mul-

264 2454 526 2533 ctandiS‚
579 2478 716 2516 cum
752 2479 899 2539 opus
929 2457 1037 2517 fuit
1059 2503 1074 2533 .,
1106 2456 1714 2518 excommunicatione
1748 2456 2103 2540 praesulibus
2133 2471 2191 2518 et
2217 2461 2431 2520 Orien-

264 2551 474 2611 talium
550 2553 777 2614 sedium
844 2545 1198 2614 Patriarchis
1261 2554 1389 2636 (5);
1452 2554 1513 2612 in
1584 2553 1934 2613 coarctanda
2010 2554 2429 2638 Episcoporum

332 2720 400 2785 (l)
439 2721 543 2769 Lib.
579 2738 640 2781 x,
670 2720 741 2769 In
772 2721 898 2771 Luc.
932 2739 984 2769 n.
1025 2718 1152 2789 176,
1185 2721 1297 2771 edit.
1384 2720 1637 2768 restitutos.
1686 2717 1907 2768 Nicolaus
1948 2719 2005 2779 Ι,
2036 2718 2203 2786 Epist.
2241 2736 2322 2769 vni
2362 2720 2430 2768 ad

266 2802 420 2853 Maur.
1384 2800 1685 2850 Michaelem
1724 2800 2077 2868 Imperatorem
2096 2841 2110 2864 ,
2153 2804 2278 2869 apud
2303 2803 2424 2852 Har-

335 2888 403 2951 (2)
443 2888 523 2937 De
549 2888 789 2939 consider.
838 2888 922 2937 lib.
965 2905 998 2936 ιι
1022 2926 1034 2949 ,
1086 2906 1189 2953 cap.
1231 2884 1297 2948 8,
1383 2882 1520 2933 duin.
1552 2883 1684 2932 Acta
1725 2900 1861 2935 conc.
1894 2894 2011 2935 tom.
2049 2904 2110 2946 v,
2151 2886 2245 2934 col.
2289 2883 2381 2950 157
2405 2923 2420 2946 ‚

266 2986 318 3018 n.
349 2985 364 3015 1
379 2967 407 3017 5
425 3007 437 3027 ,
457 2972 572 3020 edit.
596 2971 748 3021 Maur.
1383 2978 1488 3017 octo
1515 2979 1759 3017 enumerat
1784 2970 2066 3034 patriarchas
2081 2967 2415 3018 Constantino-

335 3050 400 3117 (3)
439 3053 495 3100 In
523 3053 712 3104 Collect.
749 3053 897 3104 Cone.
918 3053 1091 3102 Veneta
1120 3052 1298 3115 coleti,
1382 3052 1613 3116 politanus
1640 3070 1665 3100 a
1696 3069 1818 3100 rom.
1837 3052 2143 3101 Pontificibus
2161 3052 2405 3117 depositos,

268 3143 391 3182 tom.
425 3137 510 3182 xm
530 3172 544 3194 ‚
577 3155 681 3201 pag.
713 3138 834 3203 937.
1383 3134 1589 3184 Gelasius
1611 3173 1623 3197 ,
1670 3134 1837 3201 Epist.
1873 3135 1939 3183 ad
1967 3133 2237 3200 Episcopos
2284 3133 2414 3183 Dar-

338 3214 404 3279 (Ιι)
443 3214 498 3263 In
532 3218 649 3268 Act.
689 3218 837 3267 Cone.
877 3218 1023 3266 Hard.
1066 3228 1180 3265 tom,
1213 3233 1296 3279 ix,
1382 3218 1548 3266 danioe
1588 3217 1824 3283 (collect.
1858 3217 2006 3266 Cone.
2042 3217 2211 3266 Venet.
2260 3218 2410 3267 Coleti

268 3299 360 3347 col.
391 3296 507 3362 423.
1382 3312 1498 3351 tom.
1547 3320 1605 3363 v,
1654 3300 1750 3350 col.
1791 3301 1923 3367 329)
1965 3301 2124 3350 scribit
2160 3319 2173 3349 :
2209 3299 2409 3350 Diosco-

340 3383 405 3447 (5)
445 3383 566 3432 Sane
592 3386 743 3449 plures
772 3386 971 3452 legimus
990 3389 1039 3434 in
1064 3385 1187 3434 Hist.
1221 3403 1299 3434 ec-
1380 3403 1491 3434 rum
1507 3385 1736 3434 secundm
1750 3384 2416 3451 sedis(Alexandrinae)proe-

269 3468 381 3516 cles.
394 3471 445 3515 in
462 3469 850 3532 patriarchatibus
866 3469 1301 3534 Constantinopoli·
1381 3467 1533 3516 sulem
1545 3485 1635 3516 sua
1652 3470 1936 3516 auctoritate
1953 3469 2227 3534 (apostolica
2243 3469 2413 3532 Sedes)

269 3550 1301 3612 tano‚Alexandrin0‚Antiocheno‚Hieroso-
1381 3550 1668 3611 damnavit,
1706 3560 1751 3599 et
1797 3553 2006 3616 impiam
2041 3551 2281 3616 synodum
2316 3567 2417 3600 non

270 3630 283 3677 Ι
290 3635 525 3697 ymssano,
549 3643 630 3682 aut
647 3633 788 3682 fuisse
812 3653 837 3682 a
859 3652 978 3684 rom.
993 3635 1299 3683 Pontificibus
1382 3633 1724 3681 consentiendo
1749 3633 2005 3684 submovit.
2026 3634 2063 3682 E
2080 3640 2244 3683 contra
2264 3634 2411 3682 Atha-

268 3731 292 3762 e
325 3715 430 3764 sede
472 3715 706 3782 dejectos,
751 3727 830 3765 aut
871 3717 1060 3766 sedibus
1102 3720 1298 3783 propriis
1384 3721 1568 3766 nasium
1603 3715 1735 3766 Alex.
1768 3718 1974 3784 aliosque
2007 3715 2257 3784 Episcopus
2283 3735 2307 3766 a
2334 3734 2415 3781 sy-
