2514 4218
2151 178 2269 238 535

532 205 697 242 PART.
745 204 786 239 1.
829 201 980 238 SEC'I'.
1026 201 1090 238 11.
1133 197 1260 236 CAP.
1304 199 1386 236 lv.
1431 199 1498 234 DE
1542 197 1718 234 DO'I‘IB.
1766 197 1920 234 Pium.

169 368 441 431 perverse
487 344 884 425 gubernarunt
928 364 942 399 :
973 342 1070 401 Hi
1100 350 1277 412 sunt,
1313 338 1541 420 inquit,
1597 337 1964 411 Theodorus,
2001 341 2117 418 qui
2145 342 2275 417 fuit

167 446 422 505 Pharan
441 441 804 520 Episcopm,
825 439 1099 517 Sergius,
1124 440 1239 514 qui
1254 438 1387 513 fuit
1410 444 1626 493 nostr-ce
1649 456 1689 493 a
1712 435 1834 493 Deo
1858 436 2289 493 conservandoe

167 542 342 618 reqiae
358 537 531 595 urhis
553 538 818 604 antis-tw,
835 533 920 591 ad
939 532 1062 590 hoec
1086 530 1484 602 etHonoriu‘S,
1508 533 1621 609 qui
1637 531 2054 607 fuitantiquoe
2068 530 2291 590 Romoe·
2364 540 2369 545 “

168 634 378 711 Papa,
410 630 760 707 hujusmodi
797 629 1069 686 haereseos
1117 626 1528 702 confirmator,
1569 627 1682 703 qui
1720 628 1902 682 etiam
1947 626 2048 682 sui
2087 627 2283 693 extitit

170 737 545 808 oppuynator
566 724 675 806 (l).
696 726 777 783 Ex
794 722 1006 805 quibus
1023 726 1212 804 patet,
1237 722 1561 780 Honorium
1589 714 2279 796 vocari-*confirmatorem

174 824 453 883 haereseos
470 832 711 929 propter
724 817 1111 878 inconsultam
1127 817 1532 893 oeconomiam,
1545 835 1795 923 eumque
1799 825 2081 895 praetcrea
2096 814 2278 895 argui,

179 917 338 999 quod
379 915 715 1023 secumipse
734 924 988 996 pugnet,
1021 911 1197 993 quia,
1233 933 1365 972 cum
1389 909 1668 971 catholice
1708 910 1898 991 reipsa
1937 909 2182 968 sentiret
2218 909 2281 967 in

177 1012 416 1087 litteris,
455 1032 576 1069 non
603 1010 670 1068 iis
708 1020 925 1069 tamen
943 1004 1187 1082 animiS,
1219 1004 1430 1089 quibus
1454 1004 1528 1064 ad
1559 1002 1987 1113 profligandam
2012 1002 2282 1063 haeresim

183 1127 329 1188 opus
361 1116 516 1183 erat,
547 1114 607 1164 et
634 1104 748 1184 egit
774 1113 834 1163 et
852 1087 1076 1162 locutus
1105 1113 1195 1162 est
1225 1103 1331 1184 (2).
1368 1103 1541 1162 Certo
1570 1100 1617 1160 si
1648 1100 1775 1181 quis
1810 1098 2034 1179 singula
2058 1096 2283 1176 objecta

181 1192 433 1261 Concilii
452 1200 575 1260 loca
601 1197 892 1282 expendat
910 1241 926 1272 ,
970 1218 1079 1257 nec
1098 1219 1286 1256 unum
1322 1195 1614 1271 offendet,
1641 1195 1705 1254 in
1737 1216 1852 1276 quo
1882 1194 2108 1254 dicatur
2135 1214 2285 1252 ana-

179 1295 377 1355 thema
401 1295 697 1368 Honorio,
731 1312 800 1352 eo
833 1290 991 1372 quod
1022 1313 1203 1351 unam
1242 1292 1502 1352 docuerit
1529 1291 1593 1350 in
1632 1289 1861 1349 Chr-isto
1896 1288 2296 1350 voluntatema.

257 1390 293 1448 7
301 1389 397 1448 93.
443 1389 534 1448 Ad
568 1389 676 1461 2¹¹,
717 1386 1033 1467 Responsio
1079 1396 1245 1467 patet
1283 1407 1357 1445 ex
1407 1386 1593 1445 dictis·
1635 1387 1958 1466 Receptum
2001 1382 2287 1465 siquidem

177 1479 504 1565 antiquitus>
521 1481 673 1558 suit,
702 1491 769 1539 ut
798 1482 1214 1541 hoereticorum
1250 1479 1496 1539 nomine
1524 1479 1985 1559 significarentur
2018 1489 2141 1538 tam
2168 1476 2290 1536 hae-

176 1579 338 1638 retici
373 1577 607 1659 proprie
649 1575 790 1635 dicti
836 1595 1016 1657 quam
1054 1596 1259 1633 eorum
1297 1574 1549 1633 fautores
1583 1572 1712 1654 (3);
1743 1593 1878 1631 cum
1917 1593 2053 1633 vero
2088 1593 2292 1630 mono·-

179 1672 519 1732 thelitarum
553 1672 871 1746 fautorem,
900 1669 1009 1730 etsi
1032 1669 1309 1750 deceptus
1330 1714 1348 1743 ,
1378 1690 1439 1728 se
1466 1666 1795 1727 exhibuerit
1818 1667 2136 1743 HonoriuS,
2158 1664 2288 1727 ideo

180 1788 212 1826 a
246 1765 500 1826 Concilio
528 1777 594 1824 ut
620 1765 922 1825 haereticus
950 1764 1261 1824 damnatus
1284 1773 1404 1838 εει-,ς
1445 1767 1566 1841 ejus
1599 1783 1818 1821 nomen
1846 1783 1878 1821 e
1912 1760 2164 1843 diptycis
2188 1782 2292 1821 ex-

181 1873 501 1944 punctum3
532 1861 749 1943 scripta
788 1860 909 1942 igni
940 1859 1199 1934 addicta,
1240 1880 1310 1919 eo
1347 1858 1506 1940 quod
1554 1858 1754 1917 ceteris
1793 1856 2037 1916 exitium
2069 1857 2295 1938 impor-

182 1957 459 2028 taverint.
502 1959 588 2016 Ita
623 1978 800 2041 porro
833 1977 893 2014 se
927 1954 1098 2034 gessit
1132 1955 1206 2014 Vl
1233 1953 1495 2035 Synodus
1517 1998 1533 2029 ,
1567 1953 1704 2033 quia
1729 1951 1964 2012 nullum
1992 1962 2295 2034 peccatum

185 2061 306 2126 est,
346 2051 502 2132 quod
537 2050 670 2110 fidei
705 2049 1000 2110 catholicae
1033 2049 1235 2132 quo-vis
1271 2049 1449 2108 modo
1482 2058 1721 2120 noceat,
1758 2047 1821 2106 in
1860 2047 2029 2129 quod.
2053 2046 2295 2108 Ecclesia

184 2147 655 2207 animadvertere
686 2168 810 2205 non
847 2146 1029 2227 possit
1065 2145 1177 2225 (4).

256 2363 327 2429 (1)
363 2364 423 2412 In
455 2364 665 2424 Edicto,
695 2365 819 2431 apud
848 2364 1080 2414 Harduin.
1110 2365 1201 2414 loc.

197 2448 278 2495 cit.
291 2445 380 2495 col.
417 2443 562 2513 1447.

255 2527 321 2591 (ἓ)
357 2527 828 2578 Csr.Jo.Garne1-ius
856 2526 905 2579 S.
936 2529 984 2579 J.
1021 2532 1072 2578 in
1099 2529 1207 2596 Ap-

176 2609 380 2676 pendice
402 2610 609 2659 admotas
624 2613 798 2677 capitis
813 2628 848 2659 ιι
866 2611 1011 2660 Libri
1021 2607 1209 2659 Diurm‘

189 2707 314 2740 rom.
333 2691 659 2755 Pontificum,
695 2691 721 2758 g
746 2690 804 2753 6,
830 2710 882 2741 n.
907 2690 973 2742 65
996 2702 1043 2741 et
1067 2709 1200 2758 seqq.

257 2774 324 2838 (3)
363 2774 437 2822 Cf.
472 2775 596 2824 lbid.
627 2794 675 2823 n.
700 2773 784 2842 69.

257 2857 319 2920 (la)
356 2856 423 2904 Ex
455 2856 528 2904 his
549 2866 670 2920 patet
691 2893 706 2917 ,
734 2873 917 2905 necesse
940 2856 1070 2905 haud
1105 2873 1203 2904 esse

189 2937 247 2985 ad
289 2937 516 2986 tuendum
554 2936 846 2997 Honorium,
879 2947 932 2986 ut
959 2938 1200 3001 confugia-

190 3036 294 3067 mus
321 3022 415 3067 sive
437 3019 493 3067 ad
518 3017 678 3066 vitiata
706 3029 803 3066 acta
823 3017 969 3068 Cone.
991 3033 1041 3068 Ἡ
1058 3056 1072 3077 ,
1105 3021 1201 3067 sive

190 3101 252 3148 ad
275 3100 486 3165 epistolas
517 3099 813 3165 Imperatoris
836 3109 881 3148 et
905 3099 952 3147 S.
973 3099 1137 3148 Leonis
1153 3099 1227 3146 11¹

192 3184 498 3246 supposititias
515 3219 529 3242 ,
563 3196 652 3230 etc.
673 3183 743 3229 uti
764 3181 979 3230 nonnulli
996 3183 1131 3230 etiam
1145 3199 1199 3230 ex

192 3266 520 3314 recentioribus
547 3266 696 3314 facere
723 3264 1199 3315 consueverunt-Om-

194 3362 275 3392 nes
297 3347 421 3393 enim
440 3349 671 3410 peritiores
701 3349 845 3396 critici
864 3384 877 3406 ‚
899 3356 952 3394 ut
972 3355 1095 3395 recte
1116 3345 1201 3394 ob-

196 3436 345 3474 servat
373 3425 623 3492 Roncaglia
651 3429 702 3476 in
730 3426 1003 3475 Animadv.
1032 3427 1091 3475 ad
1118 3429 1200 3476 cit.

195 3506 381 3555 dissert.
411 3506 518 3556 Nat.
545 3507 681 3558 Alex.
713 3508 971 3558 Honor-ium
1006 3510 1206 3556 inaniter

195 3587 382 3636 defendi
410 3589 614 3638 fatentur
650 3589 709 3638 ab
741 3579 964 3640 haereseos
996 3600 1105 3639 nota
1138 3589 1206 3638 illi

198 3672 349 3719 inusta
369 3706 384 3731 ,
438 3688 491 3720 ex
539 3672 716 3721 ratione
758 3672 882 3738 quod
929 3682 1029 3723 acta
1075 3681 1208 3721 sextae

1287 2361 1459 2430 Synodi
1488 2363 1547 2412 ad
1579 2379 1664 2411 nos
1691 2362 1943 2411 adulterata
1973 2364 2264 2427 pervenerint
2285 2367 2317 2429 3'

1289 2448 1512 2511 quoniam
1537 2445 1674 2494 hodie
1692 2449 1767 2493 vix
1789 2454 1883 2505 est,
1907 2454 1957 2492 ut
1983 2444 2139 2493 subdit
2159 2444 2296 2495 Card.

1289 2529 1414 2589 Orsi,
1439 2530 1530 2578 loc.
1562 2531 1643 2580 cit.
1670 2546 1770 2594 cap.
1800 2526 1896 2593 26,
1923 2530 2006 2595 qui
2038 2528 2301 2579 Honorium

1287 2614 1338 2660 in
1355 2622 1476 2660 sexta
1501 2610 1681 2677 synodo
1696 2628 1858 2675 reapse
1875 2610 2147 2659 damnatum
2163 2611 2303 2660 fuisse

1286 2703 1438 2758 neget.
1465 2691 1586 2741 Sane
1606 2730 1619 2751 ‚
1642 2694 1722 2758 qui
1752 2693 1913 2756 legerit
1941 2691 2214 2741 Garnerium
2251 2694 2301 2741 in

1284 2778 1364 2823 cit.
1384 2774 1434 2823 A
1430 2774 1667 2840 ppendice
1684 2809 1698 2832 ‚
1729 2773 1816 2821 sibi
1836 2774 1969 2822 facile
1985 2774 2300 2839 persuadebit,

1283 2856 1414 2904 nullo
1444 2856 1582 2903 modo
1615 2855 1673 2903 de
1703 2856 1931 2921 ejusmodi
1967 2856 2300 2905 adulteratione

1284 2948 1366 2985 aut
1381 2937 1676 3001 epistolarum
1695 2939 2008 3001 suppositione
2026 2938 2098 2986 vel
2114 2947 2302 2986 tenuem

1284 3022 1591 3084 suspicionem
1631 3019 1815 3067 admitti
1853 3037 2002 3084 posse.
2042 3018 2131 3084 Qui
2170 3019 2302 3084 plura

1282 3103 1408 3166 cupit
1441 3102 1498 3149 de
1514 3100 1718 3149 Honorio
1738 3135 1753 3164 ‚
1788 3117 1841 3149 ac
1870 3102 1927 3150 de
1947 3101 2085 3150 Rom.
2107 3101 2299 3149 Pontifi-

1281 3185 1346 3230 cis
1375 3182 1700 3231 infallibilitate
1715 3186 1985 3242 universim,
2005 3184 2155 3244 adeat,
2185 3198 2301 3248 quos

1279 3264 1531 3313 identidem
1544 3267 2304 3330 commemoravimus,optimorum

1282 3357 1526 3395 auctorum
1553 3347 1721 3396 fontes.
1751 3346 1854 3395 Non
1874 3364 2118 3413 possumus
2145 3351 2300 3396 tamen

1287 3431 1403 3495 quin
1422 3430 1500 3478 hic
1533 3432 1758 3496 praecipue
1785 3429 2166 3479 commendemus
2192 3445 2306 3493 opus

1287 3511 1408 3560 illud
1417 3548 1430 3573 ‚
1451 3511 1581 3578 quod
1593 3512 1680 3560 hac
1695 3513 1794 3577 ipsa
1805 3512 1862 3560 de
1876 3527 1926 3559 re
1938 3509 2189 3558 Gascomus
2199 3508 2311 3557 XVI

1288 3592 1428 3642 Pont.
1456 3592 1583 3642 Max.
1607 3611 1747 3659 quem
1776 3593 1858 3640 diu
1878 3594 2093 3657 sospitem
2125 3590 2305 3639 incolu-

1295 3690 1513 3741 memque
1527 3673 1652 3725 Deus
1668 3682 1842 3736 servet,
1871 3672 2147 3739 jampridem
2164 3709 2177 3734 ‚
2198 3671 2308 3721 dum
