2514 4218
276 131 395 192 470

876 149 1076 187 TRAGT.
1126 151 1195 186 DE
1239 146 1387 186 LOCIS
1431 148 1815 187 THEOLOGICIS.

283 298 460 357 totius
487 292 888 376 antiquitatiS‚
933 314 1063 374 quae
1111 291 1264 352 illico
1301 292 1390 350 uti
1423 290 1727 351 haereticos
1763 292 1972 354 habuit
2025 315 2123 354 eos
2163 315 2368 356 omnes
2403 342 2418 372 .,

283 392 383 475 qui
411 401 545 472 post
567 388 934 451 decretorum
960 388 1424 468 dogmaticorum
1449 387 1984 469 promulgationem
2011 389 2422 473 obtemperare

283 488 396 547 illis
450 485 946 559 detrectaverint,
993 483 1159 542 nullo
1202 493 1509 566 expectato
1543 484 1808 545 Ecclesiae
1846 497 1949 545 aut
1990 508 2282 547 consensu
2322 499 2426 547 aut

285 582 702 665 acceptatione.
739 581 807 638 20
842 582 926 639 Ex
962 579 1157 660 agenti
1197 580 1422 638 ratione
1457 580 1724 661 ipsorum
1749 580 2143 641 Conciliorum
2175 604 2425 643 oecume-

288 680 589 752 nicorum,
628 697 754 758 quae
798 675 1111 735 anathema
1151 675 1429 735 dixerunt
1480 678 1840 736 contrarium
1876 677 2267 738 asserentibus
2299 679 2424 754 illi,

290 775 450 858 quod
492 774 806 833 definitum
829 773 903 831 ab
932 774 1070 854 ipsis
1104 773 1307 833 fuisset
1328 819 1343 848 ‚
1381 785 1558 855 atque
1589 761 1676 833 uti
1717 775 2019 836 haereticos
2047 775 2121 834 ab
2165 776 2427 838 Ecclesiae
2467 801 2473 806 ·

289 870 703 930 communione
740 880 1106 951 separarunt.
1145 869 1210 928 30
1251 871 1333 928 Ex
1362 882 1578 930 tessera
1603 917 1618 945 ,
1656 892 1832 952 quam
1874 884 2100 932 veteres
2134 872 2430 932 dederunt

290 966 364 1051 de
401 965 767 1046 legitimitate
799 964 1039 1044 alicujus
1078 965 1318 1025 Concilii
1357 967 1698 1026 oecumenici
1720 993 1736 1032 a
1762 968 1920 1049 quod
1946 989 2161 1051 nempe
2188 969 2363 1029 fuerit
2399 991 2432 1028 a

288 1085 436 1122 rom.
469 1062 750 1121 Pontifice
791 1065 1237 1135 confirmatum,
1284 1062 1431 1143 quin
1468 1062 1579 1122 alia
1617 1086 1680 1123 re
1722 1086 1868 1146 opus
1899 1064 2092 1124 fuerit.
2121 1066 2271 1124 Sane
2304 1066 2434 1125 Fer-

292 1158 509 1218 randus
552 1158 836 1217 diaconus
877 1157 949 1216 ad
985 1157 1402 1218 certitudinem
1432 1169 1492 1218 et
1520 1158 1759 1241 plenam
1795 1159 2435 1221 confirmationem‘de-

289 1266 584 1314 cretorum
623 1253 870 1313 Concilii
896 1254 1183 1334 generalis
1216 1254 1480 1314 sufficere
1510 1255 1774 1337 scripsitq
1807 1257 1856 1315 si
1870 1258 2173 1337 perducta
2220 1263 2292 1315 in
2335 1277 2438 1315 no-

290 1354 490 1409 titiam
524 1355 702 1409 totius
730 1351 1097 1410 Ecclesiae...
1130 1352 1484 1429 Apostolz'coe
1522 1352 1671 1430 fidei
1710 1356 2026 1411 convenire
2062 1354 2433 1432 firmentur,

293 1449 644 1527 Apostoliooe
685 1447 856 1506 Sedis
890 1448 1173 1506 roborata
1208 1468 1498 1506 consensu
1560 1446 1671 1527 (l).
1702 1449 1849 1507 Cum
1889 1459 2200 1531 propterea
2235 1447 2443 1508 sollici·

294 1555 386 1601 tus
417 1554 567 1603 esset
604 1544 927 1603 Marcianus
977 1547 1304 1625 Imperator
1345 1543 1418 1602 de
1469 1541 1794 1603 obtinenda
1836 1565 2109 1626 expressa
2147 1545 2205 1603 S.
2234 1542 2442 1605 Leonis

296 1639 773 1715 confirmatione,
809 1651 875 1698 ut
908 1661 971 1698 os
1010 1638 1413 1698 obstrueretur
1437 1639 1819 1720 Eutychianis
1841 1685 1857 1716 ,
1885 1639 1961 1700 ad
1981 1640 2259 1701 eumdem
2287 1642 2444 1700 Pon-

296 1735 512 1794 tificem
561 1736 824 1817 scripsit,
875 1746 943 1793 ut
988 1734 1333 1815 dignaretur
1372 1736 1719 1817 quantocius
1768 1758 1877 1820 per
1919 1736 2145 1796 litteras
2187 1736 2448 1817 idipsum

296 1830 523 1891 efficere
551 1832 661 1913 (2).
698 1830 966 1912 Synodus
997 1832 1109 1891 ‘VII
1146 1853 1249 1893 seu
1285 1833 1529 1893 Nicoena
1568 1833 1620 1891 ΙΙ
1654 1831 1787 1894 ideo
1824 1832 2293 1916 pseudo-synodo
2331 1832 2446 1891 ico-

364 2091 432 2156 (1)
470 2089 631 2157 Epist.
659 2105 707 2138 v¹
725 2126 738 2151 ,
755 2089 820 2138 ad
841 2085 1094 2154 Pelaqium
1121 2098 1167 2138 et
1185 2088 1333 2138 Ana·

298 2171 467 2223 talium
491 2172 722 2221 diaconos
748 2172 888 2220 urbis
919 2171 1109 2233 Romae,
1142 2189 1246 2238 cap.
1266 2189 1300 2240 9
1318 2209 1331 2233 ‚

299 2257 424 2323 apud
449 2255 673 2306 Galland.
707 2254 945 2306 Biblioth.
964 2256 1111 2305 Patr.
1128 2265 1245 2306 tom.
1260 2273 1330 2318 n,

298 2358 403 2406 pag.
435 2337 559 2389 363.

368 2422 433 2487 (a)
469 2420 539 2470 Ex
588 2439 642 2471 eo
695 2425 824 2472 enim
878 2423 1009 2489 quod
1063 2423 1336 2490 acceperant

299 2508 595 2573 eutychiani,
651 2506 704 2556 S.
761 2507 972 2556 Leonem
1044 2508 1335 2574 improbasse

301 2608 406 2640 can.
444 2608 591 2639 xxvm
619 2589 767 2639 Cone.
799 2590 1195 2640 Chalcedonensis
1216 2630 1229 2652 ,
1260 2608 1337 2640 ea-

304 2691 396 2740 que
435 2675 593 2723 omnia
614 2710 628 2734 ‚
665 2689 772 2740 quae
791 2684 913 2740 gesta
942 2674 1130 2724 fuerant
1166 2677 1217 2722 in
1254 2674 1337 2723 ab·

305 2759 450 2805 sentia
504 2758 763 2822 legatorum
815 2774 1008 2805 suorum
1033 2793 1047 2815 ‚
1098 2774 1335 2807 rumorem

310 2850 606 2902 sparserant,
672 2838 922 2906 Synodum
979 2839 1110 2887 illam
1141 2841 1336 2888 minime

311 2920 449 2969 fuisse
488 2940 514 2970 a
558 2920 608 2971 S.
651 2920 769 2970 Sede
805 2921 1081 2987 probatam,
1113 2924 1251 2972 etiam
1286 2925 1336 2970 in

314 3001 505 3050 decretis
550 3003 674 3053 fidei.
723 3003 846 3052 Hinc
898 3003 1021 3070 Imp.
1066 3005 1336 3054 Marcianus

314 3085 491 3148 scripsit
518 3086 575 3133 ad
608 3086 824 3135 eumdem
846 3086 1120 3136 Pontificem
1145 3088 1217 3137 his
1241 3107 1336 3138 ver-

1420 2089 1585 2152 bitur,
1613 2106 1706 2156 per
1735 2106 1856 2155 quas
1896 2090 2124 2139 omnibus
2157 2090 2370 2140 ecclesiis
2403 2099 2449 2139 et

1411 2171 1614 2238 populis
1632 2171 1948 2238 manifestum
1958 2173 2070 2238 fiat,
2094 2174 2149 2222 in
2164 2182 2332 2223 sancta
2346 2169 2446 2239 Sy-

1420 2254 1543 2303 modo
1563 2264 1766 2321 peraeta
1799 2263 1910 2304 rata
1936 2255 2124 2307 haberi.
2159 2257 2283 2306 Inter
2312 2259 2444 2323 epist.

1420 2335 1470 2386 S.
1499 2337 1646 2387 Leon.
1682 2339 1796 2388 edit.
1830 2338 2053 2389 Ballerin.
2083 2357 2136 2388 cx
2155 2377 2170 2402 ‚
2197 2340 2287 2389 col.
2320 2337 2446 2389 1182

1421 2431 1466 2470 et
1507 2439 1640 2488 seqq.
1673 2421 1775 2470 Hoc
1809 2425 1959 2488 reipsa
1985 2426 2188 2489 praestitit
2218 2423 2446 2476 Pontifex.

1421 2503 1630 2554 scribens
1658 2505 1717 2553 ad
1731 2505 2000 2571 Episcopus,
2022 2509 2104 2573 qui
2127 2509 2177 2555 in
2191 2517 2345 2556 saneta
2365 2505 2452 2573 Sy-

1422 2588 1547 2636 nodo
1567 2585 1932 2637 Chalcedonensi
1946 2592 2205 2656 congregati
2223 2590 2412 2638 fuerunt
2432 2627 2446 2650 ‚

1422 2673 1800 2738 epistolam‚quae
1811 2683 1895 2734 est,
1924 2674 2038 2724 edit.
2060 2677 2204 2723 cit.n.
2228 2691 2349 2735 cxlv,
2366 2673 2449 2722 ubi

1422 2773 1526 2820 cap.
1552 2773 1569 2803 t
1598 2759 1694 2805 ait:
1710 2755 1788 2804 Ne
1803 2773 1912 2822 erqo
1917 2775 2010 2823 per
2032 2756 2271 2823 maliqnos
2295 2759 2448 2805 inter-

1415 2848 1576 2905 pretes
1590 2839 1855 2889 dubitabile
1868 2842 2118 2904 videatur,
2140 2849 2322 2900 utrum,
2342 2857 2451 2904 quoe

1422 2923 1480 2969 in
1511 2921 1705 2987 Synodo
1740 2923 2125 2972 Clzalcedonensi
2143 2940 2236 2990 per
2263 2924 2449 2970 unani-

1424 3008 1640 3054 mitatem
1672 3015 1878 3056 vestram
1909 3007 1967 3055 de
1989 3008 2087 3071 fide
2113 3015 2291 3054 statuta
2306 3014 2447 3066 sunt,

1425 3089 1682 3156 approbem
1700 3128 1714 3151 ‚
1754 3090 1856 3139 hoee
1895 3089 1960 3138 ad
2001 3105 2167 3138 omnes
2190 3089 2368 3153 fratres
2408 3097 2452 3137 et

314 3163 387 3212 bis
418 3182 433 3214 z
471 3166 614 3231 Quod
637 3169 982 3218 nonnullorum
1002 3173 1186 3219 animis
1202 3210 1215 3233 ‚
1251 3175 1340 3238 qai
1422 3174 1722 3239 coepiscopos
1745 3181 1954 3234 nostros,
1971 3172 2302 3238 quiproedicto
2320 3172 2451 3221 Con-

322 3238 607 3312 Eueychetis
645 3253 789 3299 etiam,
828 3269 960 3302 num>
991 3270 1199 3319 pravam
1235 3260 1342 3322 opi-
1426 3254 1537 3304 cilio
1561 3255 1916 3320 interfuerunt,
1945 3256 2126 3321 scripta
2155 3256 2378 3304 direxi...
2398 3262 2459 3302 ut

323 3330 519 3377 saionem
570 3340 613 3379 et
653 3338 1013 3397 perversitatem
1069 3347 1340 3403 secta-ntur,
1428 3346 1473 3386 et
1482 3338 1704 3403 fraterna
1728 3339 2027 3385 universitas
2045 3346 2090 3386 et
2105 3337 2451 3400 omniumfide-

325 3412 688 3476 ambiquitatem
725 3417 925 3466 multam
952 3421 1151 3485 injecit,
1180 3433 1345 3471 utrum
1427 3420 1550 3468 lium
1575 3420 1720 3468 corda
1741 3428 2056 3484 coquoscant,
2084 3439 2218 3478 me...
2242 3437 2335 3486 per
2362 3437 2449 3485 ap-

324 3503 409 3542 tua
434 3494 725 3558 Beacitudo‚
750 3515 857 3562 quw
879 3502 934 3549 in
958 3511 1126 3551 sancta
1151 3501 1346 3569 Synodo
1422 3501 1752 3568 probationem
1767 3511 2006 3568 qestorum
2022 3502 2329 3569 synodalium
2336 3518 2451 3568 pro·

328 3574 514 3625 decreta
532 3584 674 3638 sunt,
694 3581 1067 3642 confirmaverit.
1087 3584 1155 3636 Et
1167 3588 1223 3635 ob
1239 3604 1345 3636 eam
1419 3589 1588 3653 priam
1632 3588 1874 3638 vobiscum
1927 3591 2094 3638 maisse
2145 3588 2446 3637 sententiam.

331 3673 429 3704 rem
453 3668 539 3709 tua
551 3662 712 3727 pietas
743 3662 925 3712 litteras
953 3668 1141 3717 mittere
1166 3668 1344 3734 diqna-
1429 3669 1533 3719 Col.
1576 3668 1719 3735 ¹¹95·
