2514 4218
536 188 697 227 PAn‘r.
746 188 789 225 1.
837 188 959 227 GAP.
1004 187 1090 226 111.
1136 190 1203 226 DE
1247 187 1519 228 ECGLESIAE
1559 187 1738 229 Nous.

2081 169 2199 230 209

97 327 390 392 erroribus
417 328 690 411 componi
715 339 890 410 queat
915 328 1020 408 (1).
1051 327 1306 409 Triginta
1334 328 1445 412 ipsi
1472 349 1688 391 novem
1713 328 1972 404 articuli,
2002 330 2099 411 qui
2127 331 2203 390 ad

97 425 401 487 arbitrium
418 422 646 482 conficti
671 434 830 495 sunt,
856 435 921 482 ut
936 444 1205 484 normam
1228 425 1649 484 constituerent
1666 422 1802 483 fidei
1823 423 2081 485 Ecclesiae
2102 446 2207 484 an·

91 520 330 600 glicanae
350 563 366 594 ,
391 517 780 580 diversimode
794 519 1202 597 intelliguntur
1216 563 1233 593 ,
1265 519 1342 578 sic
1361 530 1427 577 ut
1447 518 1594 577 mira
1617 518 1690 576 sit
1715 518 1870 577 inter
1892 519 2203 601 Episcopos

91 626 151 689 et
184 614 445 673 doctores
471 614 829 693 anglicanOS,
851 615 1026 675 etiam
1049 613 1242 694 quoad
1266 612 1652 673 substantiam
1673 612 1906 672 illorum
1926 660 1941 689 ,
1979 613 2206 674 diversa

89 709 517 790 interpretandi
538 709 685 767 ratio
725 710 813 789 (2)
831 753 848 783 ,
881 695 1073 789 neque
1110 705 1230 765 ulla
1267 708 1424 788 apud
1463 709 1617 789 ipsos
1659 707 2075 768 conciliationis
2110 709 2203 769 via

91 803 319 865 defectu
337 804 695 863 auctoritatis
712 804 938 863 existat.
958 805 1148 875 Quare
1165 801 1227 860 in
1245 813 1529 883 perpetua
1552 803 1930 862 fluctuatione
1958 825 2202 864 versan—

89 911 208 976 tur,
236 911 301 958 ut
319 910 481 982 patet
499 921 570 959 ex
584 899 826 958 historia
841 897 1204 958 diversarum
1222 896 1502 978 phaseon‚
1529 919 1671 978 quas
1693 897 2002 966 subierunt
2025 909 2201 980 atque

93 994 239 1053 adeo
263 993 525 1054 subeunt
546 993 858 1074 anglicanae
888 989 1152 1051 Ecclesiae
1179 989 1290 1071 (3).
1324 991 1749 1051 Concludamus
1775 993 1950 1076 igitur
1979 1004 2038 1053 et
2067 1015 2173 1052 nos
2194 1038 2211 1067 ,

93 1088 370 1148 Ecclesias
405 1089 608 1164 hasce,
637 1109 760 1147 non
788 1085 1059 1146 obstante
1097 1107 1312 1166 magno
1349 1085 1448 1145 illo
1485 1085 1803 1147 verborum
1837 1100 2124 1169 apparatu
2148 1099 2210 1148 et

93 1181 381 1243 lenocinio
400 1229 416 1259 ,
444 1205 560 1265 quo
583 1180 895 1243 adversarii
925 1180 1113 1238 nostri
1136 1178 1407 1239 tenebras
1434 1181 1664 1241 veritati
1690 1204 1755 1241 ac
1775 1182 1889 1241 luci
1905 1183 2208 1248 offundere

94 1288 403 1355 conantur,
430 1297 624 1359 neque
649 1295 913 1356 unquam
938 1272 1229 1352 habuisse,
1256 1296 1366 1335 nec
1391 1274 1608 1337 habere
1628 1320 1645 1351 ,
1672 1288 1773 1336 aut
1796 1276 2014 1338 habere
2034 1299 2207 1360 posse

93 1535 346 1585 humanam
365 1550 461 1585 esse
473 1570 492 1598 ‚
525 1520 607 1585 seu
629 1552 746 1601 opus
772 1535 1020 1585 hominum
1049 1534 1110 1584 il-

92 1619 185 1667 lam
212 1618 622 1679 modificationem,
642 1634 785 1685 quam
812 1619 954 1668 subiit
974 1621 1026 1667 in
1051 1618 1111 1667 il-

91 1701 150 1749 lis
182 1700 444 1765 regionibus
476 1701 730 1749 christiana
752 1702 947 1766 religio,
983 1718 1113 1750 secus

95 1798 147 1831 ac
188 1783 367 1831 eveniat
414 1784 465 1830 in
515 1782 818 1847 regiminibus
854 1783 1111 1832 catholicis.

96 1863 231 1912 Ratio
274 1864 415 1929 hujus
446 1864 726 1913 discriminis
767 1875 863 1926 est,
904 1864 1018 1930 quia
1043 1881 1116 1913 re-

96 1945 206 2009 ligio
247 1943 478 1994 catholica
526 1963 553 1995 a
592 1945 692 1995 Deo
736 1956 806 1995 est
841 1951 889 1995 et
934 1946 1115 1994 homini

98 2028 384 2092 imponitur3
430 2028 682 2077 acatholica
726 2037 947 2086 vero‚est
1000 2044 1116 2093 opus

99 2107 302 2156 hominis
319 2143 337 2170 ‚
361 2119 407 2158 et
432 2109 567 2157 homo
596 2108 708 2158 colit
740 2108 922 2158 idolum
951 2126 1115 2159 sunm.

175 2189 244 2253 (l)
280 2190 337 2237 Id
368 2191 514 2257 liquet
541 2207 596 2239 ex
628 2192 841 2256 pluribus
870 2192 1078 2240 articulis
1101 2228 1115 2251 ,

106 2271 190 2336 qui
221 2271 383 2319 saltem
414 2289 439 2319 a
467 2271 702 2337 plerisque
732 2274 982 2339 anglicanis
1014 2291 1120 2338 pro-

104 2351 385 2402 testantibus
419 2357 692 2420 rejiciuntur
715 2392 730 2415 ,
773 2365 818 2403 et
847 2356 906 2404 de
950 2355 1122 2421 quibus

107 2437 354 2484 certissime
400 2445 579 2484 constat
620 2454 674 2486 ex
721 2436 1002 2499 traditione3
1040 2455 1123 2486 cu-

104 2517 310 2584 jusmodi
334 2535 408 2566 ex.
432 2533 501 2581 gr.
527 2529 594 2567 est
611 2521 833 2583 primatus
846 2522 950 2585 jure
964 2520 1123 2568 divino

107 2596 241 2646 Rom.
258 2597 494 2646 Pontificis
509 2634 524 2659 ,
547 2610 601 2648 ut
620 2600 757 2665 paulo
781 2609 884 2666 post
914 2601 1125 2649 ostende-

107 2698 246 2741 mus,
288 2680 576 2730 Sacrificium
621 2683 752 2747 quod
796 2685 847 2731 in
884 2685 1020 2731 missa
1056 2683 1127 2731 os·-

109 2762 287 2824 fertur‚
333 2766 567 2813 invocatio
612 2762 920 2825 Sanctorum,
958 2764 1127 2814 suffra·

109 2846 240 2911 gium
268 2862 352 2910 pro
382 2845 613 2897 defunctis
632 2882 646 2907 ,
679 2855 771 2896 etc.
806 2856 860 2895 ut
898 2863 982 2898 suo
1023 2847 1126 2897 loco

109 2927 346 2976 evicimus.

182 3009 248 3073 (2)
286 3008 504 3074 Apposite
547 3008 716 3076 Paley,
747 3012 799 3059 in
838 3027 917 3075 op.
958 3008 1130 3058 Philo-

117 3087 261 3153 sophy
280 3127 294 3150 ‚
323 3091 410 3141 lib.
452 3107 508 3139 111
527 3126 542 3149 ‚
574 3101 695 3157 part.
734 3109 752 3140 1
773 3129 786 3152 ,
819 3109 922 3157 cap.
951 3106 1013 3153 2,
1048 3093 1130 3158 qui

119 3178 271 3219 tamen
313 3183 359 3221 et
384 3175 482 3238 ipse
521 3173 611 3221 fuit
644 3183 898 3240 protestans
928 3174 1131 3238 anglica·

120 3264 227 3310 nus,
243 3251 300 3301 de
317 3256 503 3318 triginta
527 3273 695 3305 novem
723 3256 926 3304 articulis
947 3258 1131 3304 sancitis

122 3348 149 3379 a
175 3330 483 3384 Parlamento
502 3374 517 3396 ,
550 3337 711 3386 scribit
744 3355 759 3386 ε
801 3338 907 3405 Qui
939 3346 1132 3387 conten-

125 3411 248 3459 dunt
263 3449 277 3472 ,
296 3413 575 3465 nihilaliud
588 3436 726 3484 posse
729 3419 1007 3486 justificare
1026 3419 1136 3469 suh-

126 3494 435 3558 scriptionem
449 3514 585 3548 xxxix
597 3500 911 3550 articulorum
931 3538 946 3561 ,
961 3509 1137 3567 proeter

128 3574 361 3623 actualem
369 3576 514 3640 fidem
528 3582 904 3649 uniuscnjusque
919 3583 1130 3646 illorum,

125 3672 183 3706 ac
208 3655 514 3722 sinqularnm
530 3665 935 3729 propositionum,
953 3682 1059 3732 quae
1079 3666 1135 3714 in

208 3739 273 3798 T.
323 3740 471 3800 VIH.

1195 1534 1296 1584 illis
1319 1536 1661 1597 continentur,
1702 1550 1970 1601 supponere
2007 1535 2178 1586 debent
2200 1572 2218 1599 ‚
2251 1558 2254 1562 ·

1192 1620 1526 1668 anctoritatem
1541 1617 1862 1683 leqislativam
1882 1619 1985 1668 sibi
2009 1618 2214 1667 adblan-

1197 1700 1347 1749 ditam
1376 1701 1533 1765 fuisse
1564 1700 1622 1749 de
1643 1717 1878 1751 consensu
1902 1701 2060 1749 decem
2082 1700 2222 1749 mille-

1194 1784 1435 1844 virorum,
1464 1782 1608 1846 idque
1644 1785 1700 1830 in
1732 1784 2030 1831 successione
2049 1799 2216 1848 perpe-

1195 1872 1280 1912 tua
1316 1900 1331 1927 ,
1372 1881 1433 1911 ne
1494 1864 1657 1912 dicam
1706 1865 1837 1912 circa
1881 1862 1957 1911 vel
2012 1865 2215 1911 unicam

1187 1947 1599 2011 propositionem,
1648 1946 1732 1993 sed
1767 1948 1898 1993 circa
1928 1944 2096 2011 plures
2139 1962 2218 1992 ea-

1197 2026 1415 2074 rumdem
1453 2034 1695 2075 centenas.
1737 2025 1959 2091 Difficile
1986 2043 2134 2092 porro
2157 2035 2225 2074 est

1199 2108 1298 2157 sibi
1312 2108 1606 2174 persuadere
1627 2146 1639 2168 ‚
1658 2107 1890 2172 quomodo
1911 2108 1964 2156 id
1981 2111 2226 2174 expectari

1199 2209 1229 2239 a
1256 2208 1495 2256 quoquam
1523 2192 1767 2256 potnerit,
1798 2192 1886 2254 qai
1917 2191 1982 2238 ad
2020 2179 2227 2240 insana-

1200 2272 1340 2320 bilem
1378 2273 1701 2321 diversitatem
1759 2271 2086 2319 humanarum
2118 2274 2223 2339 opi-

1200 2356 1407 2401 nionum
1447 2356 1503 2400 in
1529 2355 1596 2400 iis
1635 2354 1860 2401 omnibus
1898 2354 2073 2412 rebus,
2120 2371 2228 2417 qnoe

1203 2437 1462 2499 incapaces
1491 2442 1604 2481 sunt
1633 2434 2051 2482 demonstrationis
2068 2469 2082 2494 ,
2120 2435 2230 2481 ani-

1204 2533 1339 2563 mum
1364 2515 1665 2565 intendisset.
1699 2515 1759 2562 Et
1779 2533 1887 2563 sane
1915 2533 2082 2580 magna
2110 2516 2231 2579 viget

1206 2601 1331 2647 inter
1360 2599 1638 2663 Anglicanos
1671 2601 2002 2647 sententiarum
2040 2598 2234 2647 diversi-

1209 2689 1279 2729 tas
1297 2717 1311 2741 ,
1341 2683 1545 2728 etiamin
1571 2680 1957 2728 substantialibus
1985 2682 2105 2728 circa
2121 2697 2232 2745 ger·

1208 2780 1397 2811 manam
1478 2760 1836 2828 intelligentiam
1924 2763 2232 2827 plurimorum

1206 2844 1376 2893 horum
1398 2846 1586 2910 triginta
1602 2860 1773 2892 novem
1789 2845 2107 2893 articulorum.

1278 2926 1345 2991 (3)
1381 2926 1590 2975 Profecto
1614 2926 1826 2975 Ecclesiae
1843 2927 2114 2976 britannicae
2129 2924 2231 2975 fue-

1209 3017 1322 3057 runt
1336 3009 1575 3057 catholicae
1602 3010 1763 3074 primis
1793 2994 1928 3056 annis
1943 3010 2071 3073 regni
2094 3005 2228 3057 Hen-

1211 3092 1294 3138 rici
1322 3106 1433 3153 vur3
1465 3090 1633 3139 deinde
1665 3090 1853 3137 fuerunt
1879 3093 2047 3154 partim
2067 3088 2227 3138 catho-

1211 3171 1318 3220 licae
1341 3175 1507 3237 partim
1535 3170 1804 3236 anqlicanae
1829 3171 1916 3219 sub
1940 3171 2082 3220 finem
2100 3171 2224 3228 illius

1211 3258 1388 3319 regni;
1430 3255 1616 3302 fuerunt
1659 3253 1792 3317 plene
1840 3253 2091 3318 anglicanae
2136 3251 2223 3300 sub

1213 3337 1432 3386 Eduardo
1450 3353 1496 3385 vr
1512 3370 1531 3397 ,
1547 3353 1601 3384 ac
1615 3352 1798 3383 rursum
1813 3335 1900 3383 sub
1915 3333 2181 3383 Elisabetha
2205 3348 2221 3394 ς

1214 3418 1568 3485 presbyterianae
1597 3417 1684 3465 sub
1715 3415 1945 3466 Cromwel
1962 3454 1976 3478 ‚
2009 3426 2098 3464 etc.
2126 3413 2222 3462 Cfr.

1217 3519 1317 3568 quae
1357 3502 1646 3566 scripsimus,
1672 3508 1802 3548 tract.
1832 3497 1905 3549 De
1944 3514 2055 3546 vera
2083 3493 2223 3559 reliq.

1218 3593 1339 3650 part.
1372 3600 1436 3645 n,
1477 3599 1529 3632 n.
1569 3582 1700 3647 304,
1733 3592 1835 3633 not.
1872 3582 1968 3645 (1),
2016 3596 2063 3643 p.
2104 3575 2226 3628 352.

1921 3740 1993 3800 14
