2514 4218
295 201 374 263 94
873 222 1071 260 macr.
1121 222 1190 256 »Β
1232 221 1386 260 coms
1430 224 1811 263 τΗΕοιοαιοιε.

289 365 401 428 sibi
440 374 713 446 arrogent
735 366 1128 437 sanctitatem,
1162 382 1288 443 quae
1315 365 1591 444 provenit
1609 376 1736 428 tum
1766 391 1838 430 ex
1865 372 2088 432 ratione
2112 374 2311 456 capitis
2343 389 2402 438 et

289 460 678 544 plurimorum
724 459 931 519 saltem
971 455 1415 532 membrorum,
1467 468 1596 518 tum
1641 482 1712 522 ex
1755 466 1980 527 ratione
2023 467 2304 529 doctrinae
2343 481 2402 531 et

287 567 789 618 sacramentorum
810 598 826 628 ‚
866 575 941 613 ne
964 552 1200 634 longam
1233 574 1299 613 ac
1323 552 1620 614 difficilem
1658 557 2069 622 discussionem
2105 565 2402 643 ineamuS,

280 657 454 733 juxta
489 649 859 724 methodum,
895 671 1072 731 quam
1097 650 1505 733 proposuimus
1526 697 1542 726 ,
1576 650 1844 730 dicimus,
1872 655 2024 717 hane
2061 670 2262 719 notam
2299 660 2405 720 de-

291 748 580 833 prehendi
620 768 693 806 ex
727 746 1023 805 interioris
1059 747 1203 808 vitae'
1241 746 1698 830 supernaturalis
1741 751 2233 817 manifestatione.
2270 758 2403 816 Haec

294 858 494 906 autem
527 842 920 902 manifestatio
957 864 1081 901 non
1116 841 1309 902 solum
1343 844 1409 902 fit
1445 865 1553 925 per
1595 845 1934 905 exercitium
1974 847 2259 911 virtutum
2286 873 2405 911 om-

291 942 456 1000 nium
482 950 542 999 et
566 938 938 998 consiliorum
977 939 1154 999 etiam
1194 938 1660 1019 evangelicorum
1714 940 1777 999 in
1807 963 2037 1003 summo
2057 943 2240 1024 gradu
2259 990 2275 1021 .,
2306 967 2408 1006 seu

287 1037 375 1095 uti
413 1046 627 1097 vocant
663 1036 927 1106 heroice,
961 1056 1171 1096 verum
1201 1036 1377 1097 etiam
1409 1058 1514 1118 per
1547 1035 1966 1097 charismatum
2012 1040 2369 1100 affluentiam
2389 1087 2406 1115 .‚

290 1131 703 1192 miraculorum
762 1130 1086 1214 praesertirn
1142 1152 1206 1190 ac
1257 1131 1662 1192 vaticiniorum
1688 1178 1705 1208 ‚
1760 1156 1936 1215 quam
1983 1134 2245 1196 Ecclesiae
2290 1159 2410 1197 suae

289 1250 597 1310 nunquam
656 1226 995 1288 defuturam
1038 1226 1300 1288 Christus
1349 1228 1652 1309 promisit,
1710 1241 1769 1288 et
1820 1251 1926 1312 per
1971 1230 2411 1293 foecunditatem

289 1347 615 1411 perennem
627 1330 651 1394 ',
687 1346 864 1407 quam
897 1324 951 1385 ei
975 1323 1197 1407 pariter
1212 1327 1380 1403 juxta
1409 1324 1561 1384 dicta
1597 1324 1861 1385 Christus
1892 1325 2183 1407 pollicitus
2216 1339 2327 1388 est.

375 1422 516 1482 161.
563 1421 624 1481 Si
663 1442 777 1503 qua
812 1420 988 1501 igitur
1024 1420 1264 1495 societas
1293 1442 1363 1480 ea
1394 1419 1658 1480 doctrina
1684 1421 1963 1481 instructa
1993 1445 2116 1482 non
2145 1424 2243 1498 sit,
2285 1444 2412 1506 quae

287 1517 367 1579 ad
391 1517 763 1579 sanctitatem
783 1516 1052 1577 homines
1076 1516 1359 1576 informet
1378 1561 1394 1591 ,
1434 1515 1622 1576 multo
1655 1519 1835 1598 magis
1862 1519 1912 1578 si
1933 1540 2061 1579 eam
2087 1519 2413 1580 doctrinam

293 1616 675 1699 profiteatur,
713 1634 844 1696 quae
884 1612 1179 1673 sanctitati
1215 1613 1559 1674 adversetur
1579 1659 1596 1688 .,
1636 1635 1879 1696 quaeque
1915 1636 2091 1698 opera
2122 1615 2275 1675 bona
2307 1617 2414 1676 mi·

289 1712 450 1772 nime
479 1719 856 1793 promoveat,
885 1719 988 1768 aut
1013 1708 1192 1768 etiam
1216 1707 1518 1784 excludat,
1553 1707 1774 1791 absque
1796 1708 1908 1768 alio
1931 1710 2142 1771 indicio
2175 1712 2415 1774 evidens

291 1819 405 1881 est,
430 1828 561 1868 eam
583 1805 692 1865 hac
721 1816 862 1865 nota
893 1804 1215 1866 sanctitatis
1234 1825 1359 1864 esse
1392 1804 1769 1879 destitutam,
1798 1826 1907 1865 nec
1942 1806 2187 1888 proinde
2211 1829 2413 1870 veram

291 1926 417 1966 esse
448 1903 665 1964 Christi
691 1903 1022 1965 Ecclesiam.
1048 1904 1104 1962 Si
1128 1913 1409 1986 praeterea
1436 1925 1558 1962 non
1582 1923 1701 1986 prae
1730 1923 1791 1962 se
1819 1902 1969 1962 ferat
1991 1901 2232 1963 indubia
2255 1903 2417 1983 signa

289 2022 356 2061 ac
395 1999 789 2061 ineluctabilia
837 2000 943 2061 Dei
984 2000 1361 2074 testimonia7
1410 1998 1621 2081 quibus
1666 1999 1913 2059 interior
1954 1997 2415 2081 supernaturalis

291 2102 413 2176 ejus
447 2097 568 2159 vita
588 2143 605 2173 ,
636 2117 764 2179 quae
795 2096 857 2156 in
881 2096 1063 2176 gratia
1093 2094 1419 2172 habituali,
1458 2094 1778 2156 virtutibus
1810 2093 2231 2174 theologalibus
2260 2104 2417 2153 cete—

295 2194 494 2276 risque
534 2193 774 2253 adnexis
809 2192 1110 2268 consistit,
1149 2191 1403 2252 exterius
1431 2203 1631 2273 aper-te
1661 2192 1967 2250 manifesta
2001 2190 2077 2248 sit
2097 2235 2113 2264 ,
2149 2188 2416 2270 quamvis

293 2292 666 2352 sanctitatem
680 2294 864 2368 jactet
882 2334 899 2365 ‚
926 2311 1236 2371 nunquam
1258 2298 1416 2348 certo
1448 2286 1617 2346 nobis
1641 2286 1955 2360 constabit,
1986 2296 2187 2345 utrum
2214 2297 2417 2348 notam

293 2409 445 2451 verae
474 2385 736 2446 Ecclesiae
766 2383 982 2443 habeat
1013 2405 1122 2443 nec
1149 2405 1245 2444 ne.
1277 2385 1488 2443 Fucata
1518 2382 1678 2441 enim
1714 2382 1991 2441 sanctitas
2019 2381 2237 2465 absque
2269 2385 2418 2460 ejus·

293 2482 451 2542 modi
486 2481 689 2543 divino
724 2479 1062 2541 testimonio
1098 2501 1224 2540 esse
1273 2490 1501 2562 potest3
1539 2491 1679 2540 nota
1716 2489 1913 2538 autem
1964 2479 2044 2538 ita
2087 2489 2244 2537 certa
2291 2496 2416 2535 esse

292 2578 467 2639 debet
490 2600 555 2637 ac
582 2576 823 2636 indubia
840 2623 857 2652 ,
895 2588 962 2635 ut
990 2577 1056 2635 in
1082 2577 1350 2635 omnium
1377 2574 1574 2635 oculos
1599 2574 1763 2633 facile
1793 2575 2071 2633 incurrat.
2104 2573 2253 2632 Cum
2276 2592 2417 2632 vero

293 2698 366 2736 ex
395 2674 565 2734 dictis
597 2673 724 2732 haec
758 2683 898 2732 nota
932 2672 1252 2731 sanctitatis
1292 2681 1449 2730 certa
1487 2691 1553 2729 ac
1590 2657 1974 2728 ineluctabilis
2009 2690 2131 2727 non
2161 2668 2270 2739 sit,
2305 2666 2417 2726 nisi

292 2793 399 2855 per
430 2770 778 2831 exteriorem
803 2768 936 2829 vitae
966 2766 1501 2826 manifestationem
1525 2786 1586 2824 se
1619 2763 1830 2846 prodat
1861 2785 1963 2838 ea,
1994 2785 2109 2846 qua
2148 2762 2413 2845 exposui·

292 2890 422 2927 mus
443 2912 461 2944 ‚
491 2867 720 2927 ratione
744 2910 760 2940 ,
797 2875 960 2945 patet
982 2863 1144 2922 illam
1172 2861 1355 2921 solam
1393 2861 1758 2933 societatem,
1795 2880 1920 2942 quae
1957 2858 2245 2939 ejusmodi
2278 2869 2418 2921 nota

295 2964 617 3025 sanctitatis
634 2963 710 3024 sit
730 2962 1002 3043 insignita
1021 3005 1039 3036 ,
1063 2980 1266 3020 veram
1288 2979 1457 3041 posse
1475 2956 1588 3016 dici
1613 2967 1671 3017 et
1692 2978 1816 3017 esse
1844 2956 2055 3017 Christi
2075 2954 2410 3017 Ecclesiam.

895 3181 988 3234 DE
1022 3179 1207 3235 NOTA
1242 3174 1816 3232 CATHOLICITATIS.

384 3350 522 3411 162.
580 3350 1051 3410 Catholicz'tatem
1084 3368 1186 3406 seu
1221 3345 1734 3406 universalitatem
1771 3340 1999 3424 ,pariter
2042 3349 2246 3397 notam
2293 3357 2416 3396 esse

298 3468 449 3510 verae
462 3444 746 3520 Ecclesiae,
761 3446 1193 3529 Scripturarum
1217 3440 1445 3501 oracula
1465 3462 1530 3500 ac
1548 3441 1790 3498 Patrum
1815 3435 2079 3495 omnium
2105 3453 2416 3494 consensus

295 3543 625 3605 luculenter
652 3542 995 3602 ostendunt.
1035 3539 1261 3601 Etenim
1297 3540 1485 3612 Deus,
1503 3538 1716 3595 GeneS.
1747 3532 1852 3593 XII
1874 3579 1891 3607 ,
1923 3530 1997 3606 33
2042 3530 2204 3591 XXII
2232 3574 2249 3604 .,
2299 3527 2414 3600 18;

297 3642 522 3714 XXVI,
547 3637 617 3714 [ις
643 3639 879 3697 XXVIII
900 3683 916 3712 .,
948 3636 1023 3696 14
1043 3683 1059 3712 ‚
1091 3633 1282 3696 collat.
1315 3635 1442 3694 Act.
1469 3632 1669 3714 Apost.
1699 3630 1815 3704 111,
1841 3627 1952 3704 25,
1976 3638 2035 3688 et
2057 3625 2184 3687 Gal.
2214 3625 2325 3699 ΙΙΙ,
2352 3622 2414 3694 9,

300 3735 569 3817 promisit
599 3732 894 3795 Abraham
919 3778 936 3807 ,
968 3734 1121 3793 isaac
1156 3740 1215 3789 et
1241 3728 1421 3790 Jacob
1440 3774 1457 3805 ,
1486 3725 1641 3809 quod
1673 3735 1872 3805 gentes
1896 3744 2099 3785 omnes
2126 3721 2188 3782 in
2214 3737 2415 3781 eorum
