2514 4218
316 197 429 259 108

927 223 1117 264 ΤΒΔΟΤ.
1165 225 1231 261 DE
1277 225 1424 265 tocts
1467 228 1843 269 THEOLOGICIS.

402 365 538 425 187.
592 365 678 425 Ad
713 365 829 441 5¹¹¹.
861 368 1014 446 Nec).
1049 368 1199 427 Nam
1222 387 1343 425 non
1365 369 1638 431 novimus
1667 373 2025 454 Scripturam
2061 373 2171 432 nisi
2203 394 2306 455 per
2333 374 2439 435 Ec-

312 460 582 536 alesiam7
617 483 744 542 quae
770 462 1079 540 Scripturis
1119 463 1262 524 Novi
1294 464 1654 524 Testamenti
1681 469 1938 527 anterior
1970 481 2089 544 est,
2126 470 2212 528 uti
2243 480 2442 529 osten-

312 557 532 616 dimus·
564 559 766 639 Itaque
805 557 965 638 prius
1001 556 1170 616 nobis
1199 559 1564 618 innotescere
1605 558 1781 620 debet
1805 563 2052 622 Ecclesia
2072 608 2088 638 7
2121 585 2247 645 quae
2279 585 2442 624 veras

316 653 649 734 Scripturas
688 662 972 732 tanquam
1007 652 1294 712 divinitus
1337 654 1648 736 inspiratas
1686 654 1904 729 tradit,
1944 658 2223 740 nobisque
2272 670 2442 741 pate-

316 749 455 809 facit
495 770 702 808 verum
729 769 932 806 earum
971 770 1241 823 sensum,
1282 771 1458 831 quem
1498 750 1619 831 ipsa
1657 750 1998 811 immediate
2025 773 2058 811 a
2097 754 2325 814 Christo
2353 777 2447 814 as·-

316 856 514 905 secuta
555 854 678 916 estg
718 844 779 901 in
808 843 899 903 his
923 844 1139 906 deinde
1163 846 1344 905 veluti
1372 846 1433 904 in
1472 845 1715 926 publicis
1754 844 1968 907 tabulis
1996 845 2208 907 relatos
2238 847 2450 931 depre-

317 938 634 999 hendimus
667 937 868 998 titulos
907 962 970 998 ac
1005 941 1306 1022 privilegia
1330 987 1345 1015 7
1381 942 1594 1023 quibus
1633 964 1665 999 a
1705 941 1933 1000 Christo
1968 953 2135 1001 aucta
2165 954 2253 1002 est
2276 954 2451 1025 atque

318 1035 616 1115 insignita.
652 1036 804 1094 Sane
840 1037 952 1094 nisi
978 1039 1141 1118 prius
1172 1037 1418 1096 Ecclesia
1450 1037 1698 1097 ethnicis
1737 1036 1914 1097 fidem
1954 1037 2350 1119 praedicasset,
2393 1049 2454 1099 et

319 1131 433 1212 ipsi
458 1129 864 1206 credidissent,
892 1153 1201 1213 nunquam
1224 1154 1320 1191 eos
1343 1131 1521 1192 libros
1545 1132 1889 1192 habuissent
1916 1143 2248 1214 perspectos
2264 1178 2281 1210 ‚
2308 1155 2452 1216 quos

322 1226 553 1286 divinos
599 1247 701 1285 seu
741 1226 1055 1308 inspiratos
1104 1227 1383 1287 divinitus
1445 1229 1841 1287 nominamus
1896 1227 2293 1302 Quamobrem
2333 1250 2456 1289 non

323 1321 514 1381 solum
551 1322 611 1381 in
651 1344 740 1399 se,
783 1343 989 1385 verum
1026 1324 1203 1383 etiam
1240 1323 1432 1406 quoad
1476 1346 1583 1383 nos
1622 1324 1818 1383 notior
1858 1336 1946 1383 est
1995 1323 2238 1384 Ecclesia
2280 1345 2460 1406 quam

323 1420 619 1500 Scriptura
650 1420 762 1499 (l).

413 1515 550 1575 188.
580 1515 668 1575 Ad
693 1516 775 1574 6ῐ11
796 1561 812 1591 .‚
842 1516 993 1596 Ney.
1024 1518 1172 1575 Tum
1201 1517 1362 1598 quia,
1386 1527 1589 1575 utrum
1618 1515 1875 1597 legitima
1900 1537 1974 1574 an
1999 1537 2137 1575 vero
2161 1515 2462 1596 illegitima

328 1612 405 1671 sit
435 1613 945 1671 Sacramentorum
971 1611 1433 1681 administrati0‚
1462 1611 1630 1670 nobis
1660 1603 1915 1672 exterius
1935 1623 2198 1672 constare
2226 1611 2462 1693 nequit.

328 1729 463 1767 cum
489 1707 824 1787 legitimitas
857 1708 1070 1766 afficiat
1089 1713 1216 1785 jus7
1249 1729 1369 1765 non
1398 1718 1597 1766 autem
1619 1706 1809 1765 solum
1841 1716 2036 1765 actum
2066 1707 2462 1781 materialem3

329 1815 461 1862 tum
497 1805 632 1885 quia
672 1804 1041 1886 privatorum
1078 1802 1309 1864 defectu
1346 1804 1472 1863 fieri
1508 1814 1741 1886 potest,
1786 1815 1852 1862 ut
1887 1804 1949 1861 in
1989 1803 2290 1863 nonnullis
2328 1826 2470 1885 par-

331 1898 671 1959 ticularibus
707 1900 967 1960 Ecclesiis
1017 1911 1209 1959 rectus
1243 1923 1367 1959 non
1406 1898 1695 1960 habeatur
1735 1901 2243 1959 Sacramentorum
2285 1920 2422 1957 usus
2449 1943 2467 1972 ‚

332 1996 604 2078 quamvis
628 2007 942 2078 propterea
963 1995 1122 2054 haud
1141 2007 1371 2055 cessent
1391 1995 1505 2055 illae
1529 2016 1652 2055 esse
1680 2017 1815 2055 vera
1841 1994 2057 2054 Christi
2081 1994 2328 2063 Ecclesia
2352 1995 2468 2073 (2.);

333 2104 461 2150 tum
503 2092 749 2151 demum
785 2092 920 2173 quia
963 2113 1196 2172 semper
1229 2092 1625 2152 controversia
1663 2091 1888 2150 moveri
1925 2102 2158 2172 potest,
2203 2110 2473 2172 quaenam

333 2186 609 2246 :habenda
625 2188 700 2246 sit
716 2187 973 2267 legitima
991 2190 1500 2248 Sacramentorum
1515 2186 1966 2258 administratiO.
1984 2197 2184 2245 utrum
2200 2206 2265 2245 ea
2282 2207 2373 2246 ex.
2391 2207 2475 2265 gr.

333 2304 467 2365 quae
504 2284 566 2341 in
599 2283 850 2343 Ecclesia
884 2286 1146 2342 Romana
1184 2284 1340 2364 viget
1365 2330 1380 2357 ,
1421 2306 1496 2342 an
1522 2305 1662 2345 vero
1686 2282 1789 2342 illa
1814 2305 1943 2365 quae
1982 2281 2140 2364 apud
2171 2281 2470 2342 haereticos

335 2377 567 2438 obtinet
605 2379 715 2458 (3).
760 2381 936 2438 Porro
965 2390 1118 2440 notae
1157 2378 1381 2440 debent
1417 2400 1542 2439 esse
1581 2378 1660 2437 ita
1698 2379 1949 2460 propriae
1981 2399 2132 2440 verae
2171 2376 2429 2438 Ecclesiae
2457 2420 2472 2451 ‚

334 2598 432 2637 tur.
455 2585 575 2635 Hoec
589 2596 748 2635 autem
760 2585 983 2636 Ecclesia
998 2604 1170 2653 corpas
1178 2587 1364 2636 Christi

336 2680 403 2719 est
423 2709 434 2729 ‚
472 2673 598 2717 sicut
636 2669 902 2735 Apostolus
943 2670 1064 2718 dicit
1094 2689 1112 2718 .·
1141 2671 1244 2718 Pro
1261 2686 1364 2718 cor-

329 2771 449 2820 pore
462 2756 564 2820 ejus
583 2790 596 2815 ,
615 2752 741 2818 quod
753 2760 820 2799 est
837 2749 1078 2801 Ecclesia.
1110 2751 1252 2801 Unde
1270 2757 1367 2800 uti-

337 2854 427 2902 que
452 2835 759 2901 manifestam
787 2843 854 2882 cst
879 2870 892 2894 ‚
922 2852 1029 2881 eum
1048 2873 1065 2894 ,
1081 2835 1169 2898 qai
1185 2851 1283 2881 ‘non
1300 2843 1366 2881 est

340 2920 396 2966 in
434 2918 659 2966 membris
689 2915 875 2966 Christi
902 2954 916 2976 ‚
953 2915 1274 2964 christianam
1290 2933 1366 2963 sa-

343 3000 488 3047 lutem,
521 3001 692 3048 habere
719 3017 816 3047 non
832 3016 985 3065 posse.
1020 2998 1246 3046 Membra
1260 3012 1369 3046 vero

348 3084 534 3132 Christi
571 3102 663 3150 per
701 3085 910 3149 unitatis
952 3082 1236 3131 charitatem
1274 3082 1374 3129 sibi

344 3166 640 3233 copulantur
662 3206 674 3227 ,
712 3177 755 3216 et
769 3185 860 3234 per
883 3166 1097 3215 eamdem
1115 3168 1372 3232 capitisue

349 3250 584 3299 coltoerent
618 3288 630 3310 ‚
665 3251 793 3316 quod
828 3246 895 3299 est
945 3249 1168 3298 Christus
1207 3247 1370 3297 Jesas.

349 3334 531 3404 Deinde
563 3335 763 3381 ostendit
793 3352 847 3382 ex
893 3332 1138 3398 Scripturis
1176 3330 1377 3378 Donati·

350 3427 445 3466 stas
464 3419 513 3464 in
534 3416 736 3465 Ecclesia
765 3433 858 3465 csse
879 3435 976 3466 uon
1000 3431 1158 3482 posse,
1184 3415 1377 3480 eoquod

351 3519 448 3550 non
488 3503 579 3548 sint
621 3501 671 3547 in
717 3500 805 3547 hac
836 3503 1032 3549 unitate.
1082 3498 1154 3546 En
1200 3499 1250 3544 in
1285 3514 1378 3562 quo

351 3592 614 3632 versaretur
630 3585 840 3647 quaestio,
861 3584 917 3629 ad
944 3600 1086 3648 quam
1108 3579 1379 3628 solvendam

352 3667 406 3714 S.
443 3666 730 3730 Augustinus
760 3675 975 3729 provocat
1004 3664 1062 3712 ad
1101 3662 1379 3727 Scripturas.

427 3749 496 3812 (Ι)
537 3748 685 3813 Quare
717 3745 1029 3795 Bellarminus
1053 3784 1065 3805 ‚
1104 3744 1185 3793 De
1200 3741 1383 3792 Eccles.

1451 2588 1539 2636 lib.
1572 2604 1617 2635 iv
1640 2623 1653 2647 ‚
1678 2603 1781 2651 cap.
1812 2601 1840 2632 2
1860 2622 1872 2644 ,
1904 2583 1929 2649 ὃ
1949 2581 2046 2631 283
2066 2618 2082 2645 ,
2115 2583 2173 2631 ad
2196 2584 2476 2648 propositam

1452 2668 1770 2717 difficultatem
1830 2668 1926 2714 haec
1960 2664 2102 2713 habet
2145 2683 2158 2714 :
2207 2665 2480 2730 Respondeo

1453 2750 1741 2816 simpliciter
1763 2787 1774 2808 ‚
1806 2746 2075 2799 Ecclesiam
2096 2765 2194 2795 esse
2206 2749 2419 2813 priorem
2439 2755 2482 2794 et

1454 2834 1683 2880 notiorem
1707 2870 1719 2892 ‚
1770 2849 1915 2896 quam
1957 2836 2020 2878 sit
2047 2827 2325 2895 Scriptura.
2349 2828 2482 2878 Nam

1456 2913 1678 2966 Ecclesia
1699 2914 1801 2979 fuit
1816 2922 1927 2961 ante
1954 2911 2261 2977 Scripturam
2282 2949 2295 2972 ‚
2325 2921 2370 2960 et
2385 2912 2486 2978 ipsi

1457 2999 1571 3047 data
1600 3007 1670 3046 est
1692 2995 1952 3063 Scriptura
1979 3014 2008 3045 a
2026 2995 2123 3046 Deo
2144 3034 2157 3056 ‚
2192 3003 2238 3043 st
2254 2997 2361 3060 ipsa
2379 3011 2485 3043 eam

1459 3082 1571 3131 aliis
1603 3082 1751 3129 tradit
1775 3089 1819 3128 et
1844 3080 2069 3146 explicat.

1530 3166 1601 3228 (2)
1640 3163 1739 3213 Cfr.
1794 3163 2012 3211 Bellarm.
2058 3161 2175 3209 ibid.
2204 3157 2230 3225 ὃ
2272 3157 2361 3222 24,
2402 3159 2489 3207 ubi

1462 3248 1511 3296 id
1541 3244 1790 3295 nonnullis
1816 3243 2041 3307 exemplis
2076 3243 2342 3308 confirmat.

1533 3328 1596 3393 (3)
1620 3327 1696 3376 Sic
1714 3347 1786 3376 ex.
1804 3344 1871 3392 gr.
1898 3325 2151 3373 Lutherani
2167 3335 2209 3372 et
2230 3323 2488 3371 Calvinistae

1469 3413 1605 3461 divisi
1634 3402 1753 3459 iuter
1775 3427 1825 3458 se
1849 3418 1957 3457 sunt
1981 3442 1995 3468 ‚
2028 3426 2081 3456 eo
2111 3407 2236 3473 quod
2269 3421 2490 3471 unaquae-

1469 3512 1562 3562 que
1581 3504 1699 3543 secta
1727 3500 1890 3556 putet,
1929 3509 1976 3539 se
2002 3491 2146 3538 solam
2173 3489 2344 3538 habere
2379 3488 2490 3551 legi-

1472 3571 1635 3625 timam
1679 3571 1960 3623 sacramenti
1994 3573 2296 3621 Eucharistici
2339 3571 2488 3618 admi-

1477 3660 1883 3707 ministrationem.
1905 3656 2031 3703 Idem
2051 3656 2127 3703 dic
2140 3655 2195 3702 de
2209 3653 2490 3712 Socinianis‚

1478 3741 1761 3789 Methodistis
1784 3740 1977 3805 aliisque
2012 3738 2250 3785 haereticis.
