2514 4218
281 143 398 204 394

894 164 1092 200 TRACT.
1147 164 1217 199 DE
1265 163 1418 199 LOCIS
1464 164 1844 204 THEOLOGICIS.

284 306 509 368 maticis
558 304 964 364 auctoritatem
1018 304 1282 364 Ecclesiae
1327 327 1617 383 romanie,
1665 330 1914 389 quacum
1954 311 2000 369 si
2033 311 2222 391 quivis
2260 309 2422 371 'haud

280 402 779 478 communicaret,
810 401 1024 461 frustra
1063 413 1327 483 speraret
1374 423 1497 462 sese
1530 403 1606 462 ad
1652 404 1957 466 Ecclesiam
1986 407 2281 489 pertinere
2302 408 2413 487 (l).

284 500 422 558 Eam
480 510 791 580 propterea
838 497 1103 556 certatim
1144 497 1434 557 vocabant
1466 511 1702 578 petram
1756 501 2040 562 Ecclesiae
2088 506 2419 583 principa-

284 598 401 654 lem
431 596 551 673 (2);
591 596 1009 654 Ecclesiaram
1046 597 1318 653 omniam-
1354 600 1664 654 matricem
1694 596 1788 677 (3)
1810 643 1824 671 .,
1868 609 1924 656 ot
1965 620 2035 657 ecc
2058 621 2183 679 qua
2211 603 2420 658 unitas

285 691 666 750 sacerdotalis
708 699 913 747 eoeorta
962 699 1042 747 est
1091 689 1223 769 (4);
1271 691 1603 750 Ecclesiam
1626 752 1629 754 ,
1643 697 2074 771 potentiorem.
2115 717 2256 753 cum
2297 716 2420 774 qua

291 809 511 846 necesse
535 797 617 844 est
646 789 957 844 convenire
985 807 1184 845 omnes
1207 832 1223 861 ‚
1253 793 1367 866 qui
1389 799 1535 846 sunt
1560 790 1830 869 undique
1855 791 2053 869 fideles
2083 789 2205 871 (5)3
2257 792 2426 849 Petri

293 883 674 957 cathedram,
728 892 933 940 contra
974 904 1162 961 quam
1189 886 1512 963 nunquam
1531 887 1950 963 praevaliturae
1983 889 2107 945 sint
2148 887 2421 965 superhoe

289 982 628 1057 inferorum
669 989 860 1057 portae
894 977 1021 1057 (6);
1070 1001 1141 1036 θα)
1179 1001 1302 1058 qua
1332 980 1635 1059 profluoeit
1672 983 1975 1060 quidquid
2002 987 2071 1041 in
2112 983 2423 1060 Episcopis

286 1077 667 1135 auctoritatis
693 1085 778 1133 est
811 1072 931 1151 (7);
954 1068 1044 1132 'ea’
1069 1079 1246 1152 cajus
1298 1075 1590 1151 firmitate
1613 1078 1883 1154 firmitas
1933 1080 2154 1157 pendet
2177 1078 2237 1136 E
2235 1081 2420 1157 pisco-

280 1193 510 1251 porum
551 1182 606 1229 et
643 1175 1018 1250 episcopatus
1059 1170 1167 1251 (8).
1228 1172 1366 1243 Quae
1410 1171 1648 1253 quidem
1687 1172 1914 1255 aliaque
1954 1186 2225 1233 sexcenta
2263 1179 2422 1251 ejus-

291 1266 452 1326 modi
489 1269 729 1325 Patrum
758 1266 962 1341 effata.
996 1266 1208 1348 quibus
1255 1289 1404 1325 rom.
1439 1268 1639 1328 sedem
1678 1292 1777 1329 seu
1804 1292 2035 1329 roman.
2081 1271 2421 1329 Pontificem

296 1368 554 1423 unitatis
589 1374 863 1422 centrum
879 1407 901 1435 ,
947 1368 1205 1422 unitatis
1245 1367 1539 1444 oriqinem
1559 1409 1579 1437 ,
1626 1368 1831 1424 Sedem
1867 1369 2277 1447 Apostolicam
2321 1387 2433 1447 per·

293 1459 758 1520 antonomasiam
797 1458 1132 1541 appellant.
1166 1462 1626 1539 firmamentum
1657 1485 1696 1520 a
1735 1464 1855 1521 Deo
1881 1466 2078 1541 ,lixum
2115 1474 2169 1521 et
2205 1468 2425 1521 immo·

295 1559 437 1627 hile,
476 1557 847 1635 Episcopum
889 1557 1369 1635 Episcoporum.‚
1414 1558 1664 1617 Patrem
1698 1560 1987 1637 Patrum,
2028 1572 2138 1619 etc.
2175 1559 2423 1642 apertis-

292 1654 442 1712 sime
477 1654 796 1728 evincunt,
838 1653 1103 1730 agnitum
1131 1673 1363 1732 semper
1399 1665 1850 1736 constanterque
1887 1657 2060 1715 fuisse
2103 1657 2423 1737 primatum

296 1862 464 1923 ’Ecpmn
501 1857 556 1908 δὲ
588 1859 690 1923 ἡμῖν
721 1857 954 1909 οἰκὸλουθον
980 1861 1235 1910 {wantiam
1262 1866 1328 1927 τῷ

299 1942 534 2008 ἔπεα-κόπῳ
564 1941 720 2007 Ρῶμης
739 1982 753 2006 ,
793 1941 1133 2006 ἐπισκέψασθαι
1170 1941 1234 1994 u*
1259 1946 1322 1993 ἐυ-

299 2036 476 2084 τοιῧτοι,
519 2024 597 2076 κει)
638 2025 788 2076 dotium
823 2024 1000 2090 vym'pcnv
1019 2066 1032 2090 ,
1040 2063 1129 2077 .....
1171 2029 1218 2077 ἵν’
1222 2064 1318 2078 .....

301 2111 428 2160 οἶος-ον
443 2111 721 2165 deffere-ierat
743 2108 840 2177 περὶ
858 2107 911 2159 ‘ri
928 2116 1143 2177 πρᾶῖγμοι.
1162 2111 1215 2159 Id
1231 2122 1295 2160 est
1307 2150 1321 2174 ‚

301 2192 455 2243 Nobis
491 2203 683 2252 autem,
705 2197 889 2261 inquit,
924 2212 1075 2261 operoe
1108 2197 1323 2261 pretium

303 2293 402 2325 esse
431 2277 588 2324 visum
611 2284 708 2336 est,
743 2275 808 2323 ad
829 2274 1124 2342 Episcopum
1163 2276 1324 2324 Romoe

302 2360 509 2408 scribere
528 2396 541 2418 ‚
567 2367 620 2405 at
633 2375 707 2406 res
720 2367 906 2406 nostras
919 2360 1130 2418 invisat,
1149 2368 1193 2405 et
1215 2374 1326 2406 con-

306 2441 474 2490 silium
512 2442 708 2492 daret...
734 2441 940 2508 Ipsohoo
960 2442 1201 2507 neqotium
1221 2457 1308 2487 sao

307 2533 456 2573 marte
475 2525 793 2589 aqqrediatur.
814 2525 939 2573 Edit.
961 2525 1113 2573 Maur.
1125 2534 1236 2571 tom.
1253 2540 1323 2580 m,

310 2627 356 2672 p.
412 2605 517 2656 162.
565 2607 686 2656 Sane
720 2611 855 2673 epist.
903 2625 986 2655 Lxx
1013 2645 1026 2666 ,
1066 2606 1224 2655 scribit
1269 2606 1328 2653 ad

317 2692 577 2741 Damasum
613 2727 628 2752 ,
669 2710 803 2757 opem
843 2689 945 2756 ejus
986 2691 1237 2755 implorans
1279 2692 1329 2736 in

314 2773 605 2823 difficillimis
626 2775 718 2822 illis
738 2791 892 2823 rerum
913 2774 1145 2839 adjunctis
1161 2811 1174 2833 ‚
1200 2789 1331 2820 eum-

316 2858 517 2924 demque
541 2859 706 2906 excitat
727 2857 783 2905 ad
800 2854 1067 2922 exemplum
1091 2855 1334 2921 praedeces-

322 2956 475 2988 sorum
490 2958 697 2988 suorum.

388 3023 457 3085 (1)
480 3023 579 3073 Cfr.
596 3024 776 3073 Praefat.
799 3025 985 3074 editoris
1005 3024 1206 3073 Mam-ini
1226 3042 1336 3089 opp.

319 3104 371 3152 S.
396 3104 609 3169 Cypriani
632 3142 645 3167 ,
678 3105 703 3172 §
726 3107 755 3155 3
775 3145 788 3166 ‚
815 3123 902 3155 nec
921 3124 1016 3154 non
1042 3107 1334 3164 Balbrinius,

322 3186 402 3234 De
429 3190 479 3234 vi
505 3196 550 3235 et
576 3190 762 3237 ratione
788 3191 1032 3254 prim-atus
1059 3227 1072 3250 ‚
1105 3207 1210 3255 cap.
1262 3204 1278 3234 1
1295 3205 1337 3246 1,

321 3269 348 3335 ἓ
381 3285 410 3316 2
436 3307 449 3329 ‚
477 3288 581 3335 pag.
619 3269 685 3337 59
705 3282 749 3319 et
771 3290 866 3338 seq.

390 3352 463 3413 (2)
477 3349 524 3401 S.
542 3351 818 3417 Cyprianus,
836 3353 935 3422 Ep.
950 3372 1003 3404 ιν
1018 3388 1033 3417 ,
1058 3352 1124 3402 ad
1152 3352 1343 3402 cornel.

393 3435 459 3499 (3)
500 3435 626 3483 idem
646 3472 660 3498 ,
679 3454 749 3500 ep.
777 3454 879 3497 xiv,
905 3438 960 3485 ad
978 3436 1139 3486 eumd.

393 3518 462 3581 (4)
477 3517 626 3574 idem,
650 3536 724 3582 ep.
739 3522 816 3568 cit.
837 3537 909 3581 tv,
928 3520 1005 3569 ed.
1024 3523 1103 3569 cit.
1129 3538 1231 3584 pag.
1250 3517 1334 3579 86,

328 3613 370 3649 et
395 3601 444 3652 S.
458 3599 759 3658 Ambrosiu5‚
785 3605 930 3667 quiin
946 3601 1108 3669 Epist.
1132 3604 1197 3650 ad
1219 3601 1349 3650 Gra-

329 3686 519 3732 tionum
548 3686 677 3749 Imp.
700 3684 892 3749 loquens
912 3685 968 3733 de
989 3684 1343 3744 rom.Ecclesia‚

1407 1862 1567 1910 scribit
1599 1879 1613 1912 τ
1651 1862 1778 1911 Inde
1810 1866 1942 1911 enim
1979 1866 2036 1911 in
2081 1880 2243 1912 omnes
2284 1880 2425 1910 vene—

1407 1944 1577 2004 randae
1612 1949 1969 1994 communionis
1982 1950 2109 2012 jura
2144 1947 2421 1994 dimanant.

1408 2025 1544 2092 Apud
1574 2027 1812 2076 Labbeum
1843 2067 1855 2088 ‚
1890 2035 2008 2078 tom.
2032 2046 2095 2089 n,
2127 2029 2218 2076 col.
2255 2043 2372 2094 999.

1480 2110 1545 2173 (5)
1585 2109 1634 2159 S.
1663 2110 1786 2159 Iren.
1822 2111 1911 2159 loc.
1941 2115 2017 2159 cit.
2048 2109 2141 2160 Ubi
2167 2110 2425 2158 notandum

1410 2192 1526 2240 illud
1557 2209 1741 2241 necesse
1776 2203 1844 2241 est
1864 2232 1877 2251 ,
1923 2213 2017 2260 quo
2040 2194 2324 2259 significatur
2345 2192 2429 2240 ab·

1411 2275 1562 2323 soluta
1604 2279 1845 2324 necessitas
1892 2296 1987 2325 non
2032 2278 2181 2325 solum
2218 2276 2430 2324 eamdem

1412 2357 1555 2404 fidem
1588 2358 1835 2421 profitendi
1857 2376 1963 2407 cum
1994 2360 2239 2424 apostolica
2267 2357 2384 2406 Sede
2415 2394 2427 2417 ‚

1414 2457 1573 2487 verum
1609 2443 1747 2489 etiam
1786 2442 1997 2489 servandi
2036 2443 2262 2489 uuita-tom
2301 2456 2431 2487 com-

1415 2525 1653 2570 munionis
1681 2541 1787 2571 c-um
1812 2542 1882 2572 ea.
1916 2524 2126 2572 Technas
2154 2524 2434 2571 adversario-

1416 2622 1519 2652 rum
1543 2607 1662 2653 circa
1693 2606 1821 2653 hunc
1853 2616 2027 2654 textum
2064 2606 2200 2670 paulo
2229 2614 2330 2669 post
2355 2621 2434 2652 ex-

1418 2689 1692 2753 pendemus.

1494 2770 1560 2834 (6)
1597 2769 1646 2819 S.
1675 2770 1920 2834 Augustin.
1956 2773 2015 2818 irs
2038 2769 2239 2818 Psalmo
2275 2776 2440 2818 contra

1414 2862 1607 2919 partem
1627 2850 1827 2902 Donati.

1496 2936 1561 2999 (7)
1599 2935 1649 2983 S.
1688 2936 1850 2983 Innoc.
1876 2953 1890 2981 1
1911 2972 1922 2994 ‚
1950 2933 2113 2999 Epist.
2133 2932 2198 2981 ad
2227 2930 2286 2980 V
2282 2933 2440 2980 ictric.

1427 3018 1761 3083 Rothom.cap.
1779 3034 1826 3066 2.
1846 3017 1959 3065 Item
1977 3020 2025 3064 in
2041 3013 2205 3080 Epist.
2221 3013 2286 3062 ad
2294 3011 2437 3065 Cone.

1428 3101 1707 3152 Milevitan.
1726 3119 1827 3166 cap.
1849 3117 1875 3147 2
1898 3118 1912 3163 3
1931 3098 1979 3149 S.
1997 3098 2131 3163 Grcg.
2160 3097 2439 3146 Nazianzen.

1429 3189 1479 3234 in
1510 3196 1624 3234 orat.
1670 3185 1916 3233 Adversus
1940 3198 2047 3240 eos,
2079 3184 2167 3245 qai
2190 3179 2442 3246 ‘reprehen-

1430 3271 1593 3317 siones
1609 3266 1925 3333 ‹ny-referunt,
1942 3265 2114 3330 aliique
2130 3264 2301 3329 passim
2316 3263 2437 3327 apud

1433 3352 1648 3416 Bolgeni‚
1682 3368 1757 3413 op.
1796 3351 1878 3397 cit.
1912 3346 2137 3412 Append.
2175 3346 2240 3395 B.

1505 3433 1575 3497 (3)
1612 3431 1663 3480 S.
1694 3433 1786 3480 Leo
1811 3430 1879 3478 M.
1906 3427 2065 3483 Serm,
2092 3446 2157 3488 iv,
2182 3427 2263 3475 De
2281 3424 2451 3474 Natali

1437 3517 1594 3581 ipsius
1637 3515 1884 3562 annivers.
1936 3513 2012 3560 die
2055 3518 2289 3575 asswnpt.
2326 3525 2445 3556 suoe.

1439 3598 1566 3647 Edit.
1601 3597 1821 3647 Ballerin.
