2514 4218
339 181 498 222 PART.
543 182 586 217 1.
633 178 782 217 ποτ.
831 178 897 215 11.
945 174 1066 215 cAP.
1113 173 1197 213 111.
1242 175 1310 211 nn
1352 173 1483 214 nn.
1534 176 1600 215 m·
1644 174 1767 212 sun.
1812 172 1965 211 rium.
2085 151 2201 212 471

88 322 508 383 nomachorum
525 320 947 400 Episcoporum
958 317 1387 377 CCCXXXVIII
1410 318 1814 377 auctoritatem
1834 336 2073 375 omnem
2104 314 2208 403 de-

86 420 264 477 traxit
290 463 306 492 ‚
360 426 668 499 propterea
709 413 867 495 quod
913 434 1034 471 non
1072 413 1294 471 hahuit
1328 414 1666 491 adjutorem
1716 413 1886 470 illius
1930 411 2211 492 temporis

86 532 480 573 romanorum
494 512 761 590 Papam,
774 511 865 590 vei
874 529 994 578 θος,
1013 513 1123 586 qui
1132 513 1297 566 circa
1318 512 1521 587 ipsum
1535 517 1707 576 sunt,
1731 507 2092 575 Sacerdotes,
2106 527 2214 564 nec

85 613 266 668 etiam
277 628 391 685 per
404 611 660 665 vicarios
686 609 845 681 ejw,
872 624 1055 682 neque
1060 607 1548 682 perenoyolicam
1574 605 1879 682 epistolam
1892 601 2211 679 ,quemad-

83 704 328 761 modum
351 704 444 759 lea:
466 703 657 759 dictat
684 697 1194 775 Conciliorum(])
1212 722 1228 770 ς
1248 718 1279 756 e
1308 709 1508 756 contra
1524 718 1663 758 vero
1684 697 1950 778 Episcopi
1979 695 2212 777 amplis-

83 798 214 856 simi
243 797 667 879 patriarchatus
706 793 1084 854 Alexandrini
1125 804 1185 851 et
1229 793 1577 866 Antiocheni
1604 840 1621 871 7
1653 814 1903 875 quorum
1936 813 2113 850 nemo
2149 792 2212 848 in

86 894 186 949 V11
219 891 450 972 Synodo
487 893 765 951 inventus
801 900 924 963 est,
959 887 1170 946 merito
1208 887 1283 947 ad
1324 889 1627 948 Tarasium
1667 886 2207 968 Constantinopoli-

83 998 291 1045 tanum
329 987 651 1045 antistitem
688 985 1045 1065 scripserunt
1084 1005 1097 1040 :
1147 983 1407 1042 Nullum
1443 1006 1514 1044 em
1544 984 1648 1043 hoc
1686 995 1906 1042 sanctae
1952 983 2213 1042 adhaesit

85 1083 314 1160 Synodo
353 1083 796 1160 ⁴pmejudicium
823 1103 850 1151 ,-
922 1100 1111 1156 neque
1158 1082 1314 1138 vires
1374 1080 1591 1138 hahuit
1628 1079 1962 1158 prohibitio
2007 1067 2214 1156 aliqua

83 1178 423 1248 statuendi,
467 1187 521 1234 et
556 1176 879 1251 manifesta
913 1174 1196 1251 faciendi
1229 1185 1388 1233 recta
1414 1176 1691 1254 dogmata
1711 1177 1958 1254 pietatis
1985 1197 2008 1240 ,·
2037 1192 2212 1253 prce-

83 1277 258 1351 oipue
293 1293 434 1330 oum
481 1271 894 1329 sanctissimus
944 1279 999 1326 et
1036 1270 1392 1347 apostolicus
1426 1270 1606 1348 Papa
1644 1282 1938 1327 romanus
1974 1288 2216 1327 concor—

84 1370 319 1426 daverit
345 1412 360 1441 ,
388 1377 443 1425 et
468 1372 537 1426 in
564 1386 634 1423 ea
659 1369 939 1422 inventus
960 1369 1039 1422 sit
1056 1385 1175 1442 per
1191 1366 1591 1441 apocrisarios
1619 1384 1753 1421 suos
1773 1365 1883 1439 (2).
1912 1365 2215 1444 Quaprop-

83 1474 175 1522 ter
206 1462 299 1523 vel
324 1462 447 1542 ipse
473 1459 787 1519 Gersonius
818 1459 1000 1516 fassus
1015 1469 1126 1533 est,
1151 1458 1364 1517 Sedem
1389 1456 1777 1539 Apostolicam
1801 1457 1963 1516 illam
1998 1478 2146 1532 esse,
2175 1479 2215 1515 a

83 1578 205 1635 qua
226 1557 372 1634 fidei-
410 1556 701 1613 certitudo
726 1554 987 1633 petenda
1028 1564 1111 1612 est
1150 1553 1262 1632 (3).
1309 1554 1554 1612 Constat
1599 1552 1667 1610 4⁰
1707 1573 1780 1612 ex
1817 1573 1886 1612 eo
1921 1553 2081 1633 quod
2118 1551 2217 1610 illa

86 1650 206 1710 sola
226 1649 484 1709 Concilia
502 1670 640 1710 vere
665 1649 1018 1708 oecumenica
1034 1669 1099 1707 ac
1121 1647 1379 1727 legitima
1402 1647 1601 1706 habita
1622 1647 1867 1722 fuerint,
1893 1669 2025 1728 quae
2041 1645 2216 1706 Sedes

85 1745 407 1828 Apostolica
451 1767 550 1804 seu
578 1767 724 1804 rom.
763 1744 1029 1804 Pontifex
1086 1743 1465 1825 probaverit3
1503 1744 1600 1809 illa
1643 1764 1781 1807 vero
1816 1744 1903 1801 uti
1929 1743 2125 1823 spuria
2153 1741 2223 1800 il-

81 1842 334 1921 legitima
359 1841 736 1900 aclatrocinia
764 1851 1019 1922 spectata
1042 1840 1281 1915 fuerint,
1308 1860 1436 1921 quae
1451 1862 1597 1898 rom.
1627 1839 1893 1898 Pontifex
1916 1838 2183 1917 rejecerit
2200 1883 2218 1914 ‚

83 1937 168 1994 uti
198 1958 269 1995 ex
294 1938 471 1995 Cone.
508 1935 799 2018 Ephesino
833 1936 885 1994 II
903 1980 919 2007 ,
951 1935 1300 1994 Ariminensi
1323 1956 1388 1993 ac
1416 1931 2064 2015 Constantinopolitano
2097 1933 2217 1991 ico-

85 2030 506 2088 nomachorum
548 2030 743 2111 palam
776 2031 842 2088 fit
863 2029 974 2110 (4).

166 2124 306 2183 687.
356 2126 494 2197 Quae
520 2146 653 2184 cum
694 2124 776 2183 ita
801 2146 862 2183 se
874 2123 1132 2184 habeant
1159 2169 1176 2199 ,
1199 2124 1608 2206 consequitur,
1647 2124 1880 2182 unicam
1920 2123 2213 2182 rationem

84 2231 243 2279 certo
294 2219 707 2300 cognoscendi,
738 2231 938 2278 utrum
979 2219 1232 2279 Concilia
1273 2219 1630 2280 oecumenica
1682 2218 1940 2299 legitima
1999 2218 2218 2277 fuerint

85 2337 271 2375 necne
297 2361 314 2392 ,
353 2320 476 2376 es'se
504 2316 1012 2376 confirmationem
1055 2338 1204 2375 rom.
1242 2315 1536 2374 Pontificis
1557 2359 1573 2389 ,
1597 2315 1688 2373 cui
1726 2315 1789 2372 in
1813 2317 1984 2373 Petro
2017 2326 2077 2372 et
2110 2336 2215 2394 per

88 2413 324 2470 Petrum
369 2411 572 2470 datum
596 2422 684 2470 est
714 2432 948 2491 pascere
988 2422 1046 2471 et
1082 2431 1282 2490 regere
1323 2411 1661 2470 universum
1696 2408 2056 2468 dominicum
2081 2430 2216 2488 gre-

87 2528 217 2585 gem
246 2553 261 2582 a
300 2507 503 2566 datum
531 2519 619 2566 est
664 2518 891 2587 petram
919 2528 1042 2566 esse
1067 2517 1127 2566 et
1159 2505 1613 2566 fundamentum
1650 2504 1910 2564 Ecclesiae
1940 2503 2177 2564 visibilis
2198 2548 2216 2578 ,

88 2602 589 2684 confirmandique
627 2602 833 2661 fratres
854 2624 1006 2662 suos·
1030 2602 1430 2684 ¹Consequitur
1462 2613 1734 2683 praeterea
1758 2646 1774 2674 .,
1804 2599 2034 2658 nullum
2060 2599 2211 2660 ulte-

86 2698 298 2756 riorem
343 2697 417 2756 ad
454 2698 791 2757 eorumdem
830 2699 1168 2756 firmitatem
1211 2698 1445 2779 exposci
1480 2718 1829 2756 consensum
1868 2706 1970 2753 aut
2010 2716 2215 2777 accep·

87 2795 370 2852 tationem
412 2795 752 2853 unanimem
770 2795 944 2853 totius
986 2793 1248 2854 Ecclesiae
1286 2804 1588 2876 pastorum
1617 2839 1633 2867 .,
1674 2793 1773 2873 qui
1819 2803 1878 2851 et
1919 2792 2065 2873 ipsi,
2100 2793 2214 2851 nisi

155 2972 219 3035 (l)
257 2971 360 3020 Act.
404 2988 485 3032 vi,
528 2971 653 3036 apud
698 2970 930 3022 Harduin.
978 2972 1106 3021 Acta
1182 2972 1529 3039 praejudicium
1560 2970 1754 3036 aliquod
1792 2972 1933 3018 nasci
1962 2970 2125 3036 potuit
2153 2984 2212 3016 ea·

97 3053 242 3104 Cone.
287 3066 402 3103 tom.
431 3073 479 3102 ιν
500 3092 514 3115 ,
542 3054 633 3103 eol.
664 3055 782 3121 327.
1189 3073 1392 3104 numero
1427 3073 1591 3104 eorum
1610 3093 1624 3117 ,
1650 3057 1740 3122 qui
1769 3055 1903 3121 apud
1928 3054 2211 3104 Ariminum

159 3137 220 3199 (2)
256 3138 374 3187 ibid.
410 3138 501 3186 col.
536 3135 649 3200 142.
1190 3147 1514 3187 convenerunt
1533 3155 1676 3196 :cum
1699 3145 1891 3197 constet,
1914 3154 2062 3201 neque
2087 3152 2209 3183 rom.

165 3219 232 3284 (3)
271 3220 328 3270 In
353 3240 491 3272 serm.
527 3219 600 3270 De
636 3220 836 3270 Ascens.
871 3217 1105 3283 Domini,
1189 3218 1520 3287 Episcopum,
1561 3222 1701 3285 cujus
1758 3227 1868 3267 ante
1906 3216 2071 3266 omnia
2108 3214 2211 3280 fait

94 3317 248 3349 coram
285 3299 546 3351 Alexandro
576 3303 697 3368 Papa
741 3306 951 3352 recitato.
983 3302 1106 3368 Opp.
1190 3302 1448 3368 expetenda
1477 3303 1773 3358 sententia...
1799 3299 2077 3366 hujusmodi
2102 3305 2203 3343 sta·

95 3383 208 3431 edit.
225 3382 415 3447 Dupinii
429 3422 443 3444 ‚
461 3396 577 3434 tom.
598 3402 633 3433 11
646 3424 659 3446 ‚
676 3398 793 3451 part.
815 3404 831 3435 ι
844 3424 857 3447 ,
882 3387 969 3435 col.
995 3403 1010 3433 1
1024 3383 1107 3434 36.
1190 3387 1308 3433 tutis
1323 3401 1602 3433 consensum
1615 3382 1823 3448 aliquem
1839 3379 2207 3431 commendasse.

167 3465 237 3528 (h)
281 3464 494 3514 Scribens
525 3479 762 3533 propterea
797 3467 843 3518 S.
885 3469 1111 3518 Damasus
1194 3468 1331 3533 Apud
1366 3466 1610 3521 Constant.
1649 3465 1815 3533 Epist.
1852 3481 1974 3513 rom.
2012 3461 2205 3525 Pontis.

98 3546 156 3594 de
180 3545 325 3594 Cone.
348 3546 659 3607 Ariminensi,
685 3551 809 3598 hanc
833 3554 1022 3599 unicam
1045 3569 1118 3598 ra·
1200 3552 1336 3614 epist.
1368 3564 1421 3597 111
1441 3586 1454 3607 ‚
1484 3550 1572 3598 col.
1599 3546 1701 3617 489
1730 3559 1774 3598 et
1805 3564 1935 3612 seqq.
1965 3543 2063 3594 Cfr.
2093 3543 2207 3592 Zac-

96 3631 273 3675 tionem
290 3624 444 3688 affert,
477 3647 620 3695 quare
635 3630 895 3682 Concilium
914 3633 1029 3681 illud
1047 3650 1122 3681 re·
1203 3633 1343 3692 caria,
1359 3628 1582 3696 Antifeb.
1606 3641 1720 3681 tom.
1737 3646 1801 3691 iv,
1821 3627 1904 3677 lib.
1922 3642 1993 3688 iv,
2013 3633 2134 3690 part.
2152 3640 2208 3684 11,

100 3709 270 3773 jectum
308 3711 448 3759 fuerit
494 3729 507 3760 :
542 3711 706 3776 Neque
740 3716 902 3774 enim,
940 3718 1123 3781 inquit,
1207 3730 1304 3778 cap.
1331 3710 1383 3775 4.
1498 3696 1509 3706 x
