2514 4218
2053 249 2129 307 83

410 273 562 310 PAR'r.
607 272 648 307 1.
695 270 815 307 GAP.
863 271 926 308 11.
969 270 1038 306 DE
1080 269 1294 308 CHRISTI
1338 269 1490 308 ECCL.
1534 267 1778 306 CONSTIT.

143 414 277 475 140.
322 410 408 472 Ad
438 410 519 468 5¹¹³
542 454 560 484 ,
586 411 743 469 Dz'st.
775 407 840 467 Id
856 420 944 469 est
966 453 983 483 ,
1019 418 1446 490 supposuerunt
1476 406 1774 469 interdum
1802 407 1976 467 etiam
2010 408 2132 469 hae-

58 509 216 570 retici
248 504 518 565 miracula
539 549 555 578 ,
585 525 775 570 cono.,·
803 524 936 564 vere
957 501 1287 561 habuerunt
1306 548 1322 577 ,
1359 523 1485 582 neq.
1526 500 1859 565 invidentes
1886 501 2135 564 haeretici

58 603 190 662 huic
230 599 481 660 Ecclesiae
506 598 729 672 decori,
768 596 923 678 quod
947 616 1154 673 negare
1190 596 1300 676 ipsi
1325 618 1445 656 non
1480 605 1824 678 potuerunt,
1858 596 1968 654 nisi
1993 609 2131 657 sunt

59 694 332 757 miracula
356 691 702 767 obtrudere3
729 703 790 757 at
816 711 948 755 cum
971 688 1272 752 consilium
1294 690 1356 755 in
1385 691 1614 750 irritum
1641 690 1938 767 ceciderit,
1963 691 2137 751 aliam

61 790 210 852 viam
246 789 572 864 iniverunt,
596 781 1312 856 contemnendoEcclesiae,
1335 805 1492 864 aqua
1526 784 1906 845 discesserunt
1926 831 1943 861 ,
1969 787 2139 846 mira-

60 883 184 942 cula
203 927 221 960 ,
246 882 468 963 aliaque
494 881 832 964 charismata
861 875 1072 958 quibus
1105 876 1169 935 in
1204 877 1424 942 Sanctis
1465 880 1579 937 suis
1608 881 1811 960 quovis
1838 891 2099 962 tempore
2118 927 2136 957 ,

64 991 130 1038 ut
163 990 361 1060 postea
397 977 796 1050 ostendemuS,
833 993 963 1041 vera
986 971 1199 1034 Christi
1233 972 1475 1032 Ecclesia
1506 972 1844 1036 abundavit.
1880 977 1969 1036 Ad
1997 979 2139 1038 Pro-

63 1084 340 1133 testantes
377 1072 656 1152 praecipue
690 1065 847 1149 quod
874 1076 1127 1147 spectat,
1160 1067 1205 1127 si
1241 1066 1396 1148 apud
1431 1067 1582 1148 ipsos
1609 1068 1881 1129 miracula
1908 1070 2145 1132 ederen-

71 1178 165 1226 tur
181 1211 199 1237 ,
231 1187 531 1251 nunquam
553 1161 919 1230 devenissent
943 1159 1018 1227 ad
1039 1172 1287 1240 systema
1323 1160 1644 1241 mythicum
1665 1163 2138 1240 excogitandum3

64 1283 196 1322 cum
218 1281 355 1321 vero
373 1257 520 1320 nihil
547 1277 805 1338 unquam
826 1254 1264 1337 supernaturale
1299 1255 1455 1336 apud
1477 1255 1607 1315 illos
1634 1255 1897 1334 eveniat,
1929 1258 1991 1317 in
2015 1280 2145 1319 eam

60 1355 252 1438 plures
282 1376 351 1415 ex
377 1353 487 1419 illis
523 1370 800 1432 proruere
831 1350 1199 1431 opinionem,
1238 1363 1350 1430 qua
1388 1350 1581 1408 omnia
1619 1349 1988 1412 eliminarent
2025 1355 2141 1412 mi-

63 1450 254 1515 racula
293 1471 364 1515 ex
403 1446 620 1529 populo
653 1445 922 1509 hebraico
972 1455 1146 1526 atque
1196 1466 1268 1504 ex
1309 1443 1635 1524 Evangelia
1676 1444 1766 1505 Illi
1796 1467 1964 1522 vere,
1993 1448 2151 1530 apud

67 1566 208 1626 quos
238 1542 376 1612 ‚talia
418 1542 566 1604 faeta
595 1563 716 1609 non
743 1539 922 1609 semel
952 1540 1323 1619 contingunt,
1359 1538 1531 1619 longe
1562 1538 1773 1600 absunt
1796 1540 1872 1600 ab
1897 1541 2148 1603 absurda

66 1660 131 1698 ac
165 1637 338 1720 impia
375 1636 656 1715 ejusmodi
688 1636 995 1696 sententia.
1031 1635 1200 1709 Quod
1234 1635 1280 1693 si
1310 1634 1555 1695 visiones
1591 1634 1885 1695 lutherani
1916 1636 2150 1698 Schwe—

67 1732 363 1812 denborgii
399 1730 653 1813 aliquam
685 1731 1074 1796 celebritatem
1112 1740 1294 1790 nactae
1330 1741 1501 1804 sunt,
1546 1730 1842 1812 potissime
1868 1732 2053 1813 repeti
2086 1730 2150 1790 id

67 1825 239 1887 debet
271 1826 344 1885 ab
372 1825 469 1885 illa
492 1827 736 1900 visione,
763 1826 827 1884 in
846 1847 958 1907 qua
989 1827 1111 1907 ipse
1148 1824 1384 1884 exhibet
1404 1837 1708 1906 parentem
1730 1848 1899 1885 suum
1929 1826 2150 1888 Luthe-

68 1942 197 1983 rum
231 1921 536 1982 detrusum
573 1920 648 1980 ad
693 1920 905 1981 inferos
942 1921 1050 2001 (1).
1105 1921 1375 1980 Ceterum
1415 1920 1694 1979 fanaticus
1737 1920 1833 1980 hic
1875 1921 1996 1996 vir,
2051 1923 2151 2003 qui

67 2112 273 2160 mimirs
311 2127 398 2158 suu·
438 2109 658 2174 l'oriyine
688 2109 746 2158 de
779 2108 1027 2158 l’idolcitrio
1048 2147 1062 2170 ,
1146 2113 1275 2176 juxta
1303 2127 1349 2158 se
1375 2126 1452 2158 eos
1469 2143 1485 2173 ,
1514 2112 1596 2176 qui
1615 2112 1778 2177 maj0ri
1806 2109 1905 2160 zelo
1918 2128 2048 2160 suam
2074 2111 2155 2161 de-

67 2201 112 2241 et
135 2210 217 2241 sur
247 2193 315 2240 les
331 2192 457 2240 idees
472 2208 563 2257 que
591 2192 657 2240 les
667 2198 846 2259 paitem
870 2194 1067 2242 avaient
1150 2191 1392 2263 fenderant
1423 2191 1701 2240 doctrinam.
1744 2191 1975 2242 Lutherus
2014 2194 2153 2242 modo

71 2272 128 2323 de
149 2271 271 2320 leurs
302 2273 526 2321 divinites
544 2309 557 2331 ,
589 2272 616 2339 ἓ
644 2271 711 2336 4;
757 2274 955 2336 Banier‚
989 2275 1068 2322 La

72 2352 354 2418 mytholoqie
370 2360 416 2401 et
439 2352 502 2401 les
517 2352 669 2418 sables
695 2354 958 2420 expliquhes
972 2372 1069 2420 par

71 2433 296 2483 l’histoire
313 2470 328 2493 ,
346 2434 469 2483 Paris
507 2431 651 2500 1738.
677 2433 910 2501 Quidquid
934 2453 1068 2500 porro

74 2519 156 2575 sit,
191 2532 249 2564 ex
289 2516 379 2564 hac
414 2519 511 2581 ipsa
553 2518 762 2566 varietate
797 2519 1068 2582 opinionum

73 2607 118 2647 et
135 2599 462 2646 sententiarum
492 2606 646 2661 patet,
669 2614 810 2663 quam
837 2597 971 2646 labile
1011 2601 1068 2646 sit

73 2678 427 2728 fundamentum
461 2678 717 2744 mythicum
738 2713 752 2737 ,
790 2688 843 2726 ut
872 2679 1067 2727 conferri

48 2813 51 2819 ,
73 2764 212 2827 possit
233 2778 341 2810 cum
369 2761 707 2809 narrationibus
732 2759 931 2809 biblicis.

140 2843 206 2907 (1)
245 2840 550 2909 Swedenborg
615 2846 742 2892 enim
818 2854 953 2890 natus
1005 2853 1072 2890 est

73 2942 126 2974 ex
145 2926 355 2990 episcopo
380 2920 524 2973 Sueco
555 2924 799 2973 lutherano
815 2960 829 2984 ‚
862 2934 907 2972 et
939 2925 990 2971 in
1016 2940 1070 2973 ea

73 3016 196 3055 secta
223 3003 611 3064 enutritus30biit
634 3016 787 3054 autem
816 3023 895 3054 an.
923 3020 1067 3072 1772.

75 3086 212 3136 Porro
237 3090 287 3136 in
305 3107 384 3154 op.
418 3090 493 3137 cui
528 3091 603 3136 tit.
641 3086 699 3134 V
691 3103 776 3135 era
803 3086 1072 3136 christiana

77 3167 270 3232 alifia,
298 3170 546 3218 continens
585 3170 862 3217 universam
896 3167 1068 3216 theolo-

80 3247 208 3311 ρίου·
227 3266 360 3300 noooe
384 3250 611 3300 Ecclesioe
629 3287 643 3309 ,
664 3250 724 3297 ab
754 3249 806 3298 E
806 3248 1072 3298 mmanuele

80 3324 386 3396 Swedonborq
409 3368 425 3392 ,
475 3329 677 3381 Domini
716 3334 835 3381 Jesu
890 3329 1074 3379 Christi

78 3424 238 3466 servo,
287 3410 538 3462 Amstelod.
581 3429 698 3479 ¹77¹
724 3449 738 3472 ‚
783 3431 880 3478 pag.
917 3409 1010 3476 481
1050 3448 1066 3473 ,

76 3489 196 3538 hanc
229 3491 344 3539 inter
371 3502 536 3543 ceteras
555 3497 776 3543 visionem
803 3494 956 3542 refert.
982 3493 1065 3542 Vi-

78 3570 144 3618 dit
171 3573 222 3618 in
252 3571 450 3637 quadam
486 3577 668 3639 regione
699 3575 956 3625 Lutherum
987 3593 1069 3624 au-

78 3650 235 3700 dacem
255 3661 297 3700 et
324 3653 800 3717 superbia-tumentem
819 3692 833 3715 ‚
865 3658 946 3722 qui
964 3673 1069 3705 con·

81 3732 287 3796 gregabat
312 3733 552 3799 discipulos
576 3753 679 3786 suos
703 3773 717 3797 ,
748 3748 794 3787 et
821 3738 1071 3792 collocabat

1153 2273 1414 2337 dogmatico
1444 2275 1723 2322 incessanter
1751 2273 1851 2322 haee
1878 2275 2018 2323 verba
2034 2277 2158 2340 inge·

1149 2354 1357 2401 minabat
1377 2371 1391 2402 ε
1411 2351 1527 2401 Sola
1541 2354 1916 2419 fidesjtastificat.
1934 2355 2023 2405 Sed
2038 2357 2153 2405 heu!
2223 2374 2226 2377 ·

1149 2437 1290 2483 astitit
1322 2434 1529 2499 Angelus
1544 2471 1559 2497 ,
1591 2438 1673 2500 qui
1694 2438 1736 2483 ei
1755 2437 1952 2484 declarat
1970 2473 1985 2496 ‚
2016 2440 2144 2503 ejus-

1151 2516 1276 2564 modi
1301 2516 1557 2564 doctrinam
1580 2517 1740 2564 falsam
1770 2534 1865 2566 esse
1882 2554 1896 2578 ‚
1924 2535 2011 2567 nec
2045 2537 2152 2568 eum

1148 2599 1393 2660 pervenire
1425 2614 1556 2662 posse
1593 2597 1649 2645 ad
1679 2598 1830 2662 gloriae
1879 2601 2148 2663 regionem,

1149 2679 1266 2742 quin
1297 2676 1424 2725 illam
1458 2678 1649 2727 deserat.
1679 2676 1860 2743 Quibus
1900 2680 2048 2730 verbis
2083 2699 2155 2730 re-

1149 2759 1369 2807 formator
1387 2759 1513 2807 velut
1534 2777 1560 2808 a
1579 2759 1777 2808 fulmine
1806 2762 2037 2825 perculsus
2057 2773 2124 2812 est
2141 2780 2159 2827 3

1151 2842 1232 2888 diu
1258 2850 1438 2889 recusat
1472 2858 1522 2889 se
1556 2840 1815 2907 subjicere3
1858 2852 1928 2889 ast
1965 2843 2154 2892 tandem

1150 2923 1314 2987 incipit
1346 2921 1556 2971 dubitare
1582 2924 1632 2970 in
1660 2923 1796 2972 corde
1833 2940 1931 2971 suo.
1971 2923 2026 2972 In
2063 2925 2153 2973 alio

1150 3020 1270 3051 verov
1291 3005 1460 3052 itinere
1491 3003 1799 3068 Swedenhorg
1837 3006 2014 3053 invenit
2040 3006 2146 3056 Lut-

1155 3083 1324 3133 herum
1365 3087 1415 3133 in
1460 3087 1590 3134 tertia
1621 3088 1837 3150 regione,
1885 3102 1987 3151 quae
2045 3105 2151 3153 spe-

1151 3169 1240 3214 cies
1266 3174 1335 3216 est
1362 3171 1637 3233 purgatorii,
1666 3169 1717 3215 in
1739 3184 1829 3233 qua
1857 3168 1991 3216 datur
2012 3186 2151 3234 opera

1150 3253 1435 3298 conversioni
1460 3252 1737 3314 impiorum,
1765 3267 1923 3298 eorum
1946 3252 2116 3301 scilicet
2133 3289 2149 3313 ,

1149 3333 1231 3394 qui
1266 3333 1422 3398 aliquo
1453 3334 1647 3380 crimine
1687 3340 1767 3379 aut
1809 3348 1956 3380 errore
1995 3335 2151 3397 inqui-

1150 3415 1249 3461 nati
1299 3424 1428 3462 sunt.
1467 3413 1600 3461 Tune
1634 3411 1834 3477 Angelus
1883 3415 1993 3461 dicit
2028 3413 2152 3463 Swe-

1148 3494 1405 3562 denborgio
1427 3533 1441 3555 ‚
1471 3495 1725 3544 Lutherum
1747 3495 1892 3544 videri
1917 3512 1995 3542 sua
2020 3513 2150 3543 eom·-

1153 3587 1306 3624 menta
1347 3592 1619 3639 agnoscere,
1665 3593 1886 3641 spemque
1931 3574 2152 3640 effulgere

1151 3675 1258 3706 eum
1288 3658 1532 3707 revocandi
1558 3660 1608 3705 in
1634 3659 1757 3706 viam
1794 3667 1981 3713 rectam.
2015 3655 2151 3722 Qua-

1147 3749 1371 3806 propter,
1419 3740 1598 3789 dicehat
1642 3739 1896 3795 Lufflerus,
1932 3753 2029 3785 non
2062 3738 2153 3783 mi-

1856 3818 1908 3874 6.
