2514 4218
278 151 400 212 430
875 174 1069 214 macr.
1124 178 1191 213 mi
1235 176 1389 216 mols
1434 179 1829 221 rnnoromms,

277 323 341 380 in
379 341 583 379 omnes
635 320 945 402 Episcopos
987 342 1091 379 suo
1121 319 1296 381 modo
1340 319 1616 382 derivatae
1649 323 1766 406 (l)
1811 325 1975 386 Idem
2003 327 2095 388 dic
2125 325 2199 388 de
2225 330 2433 411 appel—

276 417 495 476 latione
545 418 785 479 Vicarz'c‘
836 417 1097 486 Christi,
1144 438 1259 498 qua
1304 417 1527 498 pariter
1565 418 1872 480 interdum
1893 421 2098 483 donati
2140 436 2280 484 sunt
2304 425 2435 507 Epi-

276 514 436 596 scopi
461 525 637 595 atque
666 513 842 572 etiam
874 511 1240 594 Presbyteri,
1274 525 1569 595 quatenus
1598 514 1663 573 in
1698 515 2026 578 ministerio
2054 543 2162 602 pro
2199 520 2434 582 Christo

273 608 564 690 legatione
589 611 915 690 funguntur
942 609 1058 688 (2).

374 707 512 766 616.
565 705 695 784 Obj.
766 704 1042 766 secunda.
1101 706 1163 764 1Ο
1234 706 1428 778 Semel
1491 708 1838 791 episcopatu
1897 711 2216 772 universali
2279 737 2428 775 rom.

271 803 570 866 Pontificis
601 801 917 861 constituto
938 846 954 877 ,
982 801 1255 885 Episcopi
1278 803 1601 865 evaderent
1638 806 1893 866 totidem
1916 807 2181 886 ejusdem
2231 810 2433 871 vicarii

270 914 331 962 et
366 899 621 959 ministri
640 944 656 974 a
707 898 868 981 quod
895 910 1050 958 esset
1078 910 1345 961 evertere
1380 900 1831 961 ecclesiasticam
1856 902 2249 963 hierarchiam
2277 905 2432 968 divi·

269 998 427 1058 nitus
474 996 828 1055 institutam.
879 996 949 1053 20
1005 996 1318 1057 Ordinaria
1355 1000 1528 1080 Papae
1577 1010 1836 1081 potestas
1875 1000 1939 1058 in
1979 999 2183 1061 alienis
2223 1001 2432 1063 dioece-

270 1092 429 1153 sibus
468 1093 723 1152 excitare
763 1091 934 1152 facile
974 1104 1170 1175 posset
1213 1092 1626 1169 turbamenta,
1667 1097 2110 1172 contentioneS‚
2158 1098 2433 1160 scandala

270 1201 331 1250 et
377 1190 441 1248 in
479 1188 767 1269 legitimos
793 1200 1056 1272 pastores
1106 1201 1548 1273 contemptum.
1583 1192 1649 1251 30
1688 1194 1836 1252 Fieri
1871 1205 2153 1275 praeterea
2181 1196 2428 1278 nequit,

269 1297 338 1345 ut
374 1308 526 1345 unus
551 1307 699 1346 rom.
750 1286 1021 1346 Pontifex
1066 1298 1223 1346 recte
1252 1289 1435 1369 possit
1484 1288 1795 1370 providere
1834 1289 2121 1367 Ecclesiae,
2160 1313 2269 1373 per
2307 1291 2433 1350 uni-

269 1405 512 1445 versum
552 1381 758 1442 orbem
787 1382 1084 1465 dispersae.
1128 1385 1335 1466 Neque
1371 1383 1446 1444 ab
1490 1384 1600 1445 hac
1639 1387 1932 1446 sententia
1984 1386 2264 1448 abhorret
2294 1387 2429 1447 Bel·

268 1480 560 1540 larminus
584 1525 600 1556 .,
632 1480 734 1562 qui
766 1479 1046 1562 inquirit,
1082 1491 1286 1539 utrum
1332 1481 1662 1564 expeditius
1694 1482 1845 1545 foret
1890 1481 1965 1542 ab
1994 1504 2114 1542 uno
2161 1484 2431 1566 Principe

269 1578 391 1659 regi
414 1589 606 1637 totum
623 1588 918 1637 terrarum
945 1576 1193 1637 orbem?
1223 1578 1627 1651 Quaestionem
1647 1600 1823 1661 porro
1854 1579 2125 1660 negative
2150 1580 2427 1656 resolvit,

270 1697 453 1758 quum
485 1675 611 1734 fieri
643 1697 767 1733 non
795 1675 981 1756 possit
999 1720 1014 1749 7
1047 1686 1115 1734 ut
1138 1673 1212 1733 ab
1232 1686 1352 1734 uno
1378 1675 1648 1758 Principe
1670 1687 1761 1735 tot
1785 1687 2025 1759 tamque
2054 1676 2430 1738 dissimilium

269 1773 574 1833 nationem
606 1773 872 1853 regimen
901 1770 1192 1831 habeatur
1237 1794 1347 1855 per
1381 1772 1680 1832 ministros
1725 1772 1947 1856 absque
1994 1774 2278 1853 injustitia
2307 1774 2416 1855 (3)-

352 1869 494 1930 617.
546 1871 718 1952 Resp.
756 1868 843 1928 Ad
876 1869 989 1945 1¹1¹,
1015 1869 1169 1951 Ney.
1203 1871 1502 1951 sequelam
1534 1917 1551 1941 ‚
1600 1891 1733 1929 cum
1781 1871 2148 1953 episcopatus
2198 1871 2430 1933 univer-

274 1966 409 2027 salis
430 2014 446 2044 ,
479 1989 658 2050 quem
682 1989 833 2027 rom.
872 1966 1141 2027 Pontifici
1165 1967 1524 2027 adstruimus
1546 2013 1562 2039 ,
1594 1990 1719 2027 non
1753 1967 2027 2028 excludat
2055 1969 2426 2051 episcopatus

272 2064 692 2147 particulares⁷
745 2065 867 2123 imo
916 2077 1231 2148 supponat.
1290 2065 1410 2125 Nec
1455 2065 1612 2125 enim
1666 2087 1947 2124 romanus
2014 2064 2284 2124 Pontifex
2323 2087 2430 2146 per

272 2163 573 2245 episcopos
623 2161 806 2223 veluti
854 2182 963 2245 per
1017 2161 1397 2221 administros
1461 2171 1562 2220 aut
1613 2162 1857 2221 vicarios
1917 2182 2050 2220 suos
2116 2159 2431 2220 Ecclesiam

269 2259 452 2339 regit3
522 2257 626 2319 sed
694 2280 791 2318 eos
860 2258 1166 2318 constituit
1216 2270 1504 2341 tanquam
1571 2257 1820 2318 totidem
1878 2258 2211 2342 principeS‚
2275 2257 2430 2317 ordi-

268 2357 433 2417 naria
476 2367 769 2440 potestate
812 2355 1129 2416 instructos
1180 2356 1255 2416 ad
1298 2357 1758 2439 uniuscujusque
1806 2354 2070 2416 Ecclesiae
2121 2353 2430 2437 peculiaris

266 2453 491 2514 bonum
512 2500 527 2530 ,
555 2454 825 2537 quamvis
850 2474 985 2512 cum
1016 2451 1215 2512 debita
1240 2452 1605 2532 subJ'ectione
1627 2454 1691 2511 in
1718 2453 1892 2532 hujus
1928 2453 2232 2535 potestatis
2267 2471 2432 2509 exer-

265 2552 401 2612 citio
440 2574 472 2612 a
530 2572 774 2610 romana
817 2549 999 2623 Sede,
1057 2549 1130 2608 ad
1174 2549 1530 2614 servandam
1577 2550 1871 2609 unitatem
1926 2559 2056 2607 tum
2104 2546 2243 2605 fidei
2297 2556 2427 2604 tum

265 2648 701 2710 communionis
738 2648 803 2706 in
837 2645 1085 2706 Ecclesia
1119 2647 1418 2707 universa.
1467 2648 1632 2706 Tunc
1678 2644 1869 2705 solum
1904 2642 2233 2706 intervenit
2279 2663 2427 2702 auc-

266 2749 502 2806 toritate
532 2767 635 2805 sua
670 2765 820 2804 rom.
855 2742 1125 2803 Pontifex
1146 2788 1162 2818 ,
1211 2764 1346 2802 cum
1381 2754 1484 2801 aut
1505 2742 1745 2820 alicujus
1770 2739 2079 2823 peculiaris
2112 2739 2427 2799 dioeceseos

266 2856 368 2904 aut
408 2843 670 2905 Ecclesiae
712 2839 1062 2903 universalis
1105 2838 1326 2900 utilitas
1364 2839 1488 2901 sive
1532 2839 1847 2899 necessitas
1876 2838 1939 2896 id
1985 2838 2180 2920 ipsum
2216 2846 2427 2918 postu-

265 2940 350 3000 lat
384 2941 494 3021 (4).

351 3037 489 3096 618.
536 3036 626 3096 Ad
669 3037 789 3110 ΞΜ,
830 3035 985 3116 Neq.
1050 3036 1217 3094 Patet
1262 3033 1556 3116 siquidem
1605 3054 1678 3092 ex
1732 3030 1906 3091 modo
1949 3029 2152 3103 dictis,
2195 3026 2426 3087 nullam

266 3154 504 3217 prorsus
531 3134 756 3213 jurium
793 3132 1158 3194 collisionem
1178 3176 1195 3207 ,
1232 3130 1425 3190 nullas
1458 3128 1929 3203 colluctationes7
1962 3124 2232 3214 scandala
2261 3123 2425 3183 nulla

268 3241 370 3291 aut
403 3241 813 3313 contemptum
853 3229 1165 3312 provenire
1202 3227 1263 3286 in
1301 3226 1592 3306 subjectos
1619 3224 1891 3285 Praelatos
1913 3244 1984 3282 ex
2008 3222 2238 3281 romani
2271 3222 2426 3279 Pon-

339 3424 407 3490 (l)
446 3423 547 3472 Cfr.
575 3422 700 3471 idem
726 3422 1051 3490 Raynaudus,
1089 3418 1209 3470 ibid.
1245 3420 1306 3469 ad
1462 3417 1528 3483 (3)
1575 3416 1651 3465 De
1666 3413 2233 3479 rom.Pontifi'ce,lib.1,
2254 3432 2358 3480 cap.
2372 3430 2424 3481 9,

267 3526 430 3558 vocem
451 3503 708 3558 Successor
736 3507 898 3555 Petri.
1390 3521 1441 3552 n.
1483 3517 1568 3567 71.

340 3591 408 3656 (2)
446 3589 544 3639 Cfr.
584 3588 758 3638 Natalis
788 3587 920 3639 Alex.
963 3589 1075 3637 diss.
1120 3589 1202 3636 cit.
1244 3586 1304 3636 ad
1461 3583 1529 3649 (4)
1566 3582 1665 3631 Cfr.
1698 3582 2001 3643 Ballerinius,
2027 3579 2084 3628 V
2081 3580 2284 3628 indicioe
2305 3595 2424 3627 auc-

270 3673 438 3740 object.
471 3672 523 3735 4.
1389 3668 1602 3716 loricatis
1621 3666 1900 3732 Pontificiae
1922 3704 1935 3727 ‚
1961 3673 2128 3714 contra
2152 3679 2271 3730 opus
2297 3660 2422 3709 Just

1388 3750 1628 3800 Fehronii
1651 3788 1664 3811 ‚
1696 3767 1801 3815 cap.
1835 3748 1863 3797 3
1887 3785 1900 3810 ,
1933 3766 1984 3797 n.
2018 3748 2047 3797 3
2079 3756 2125 3796 et
2152 3762 2283 3811 seqq.
