2514 4218
262 124 379 184 438
872 142 1066 180 macr.
1116 142 1185 178 nn
1230 140 1380 178 Locis
1425 139 1797 187 maome-mm.

265 289 462 348 cilium
499 284 925 347 oecumenicum
938 284 1076 345 VIII
1092 282 1452 343 contrarium
1485 303 1756 364 expresse
1786 282 2089 355 statuerit3
2119 282 2197 342 sic
2221 283 2384 342 enim

259 395 369 443 art.
430 384 527 455 X,
579 402 705 439 can.
752 379 847 455 13,
898 401 958 439 se
1007 378 1186 438 babet
1228 401 1242 438 ε
1287 379 1360 438 Si
1396 400 1516 458 qua
1566 399 1699 436 vero
1741 383 2108 438 oecumenioa
2154 380 2388 459 Synodo

260 479 489 537 collecta
524 478 593 534 de
622 497 882 534 romana
909 478 1093 532 etiam
1130 475 1403 533 Ecclesia
1435 478 1836 532 controversia
1863 478 2158 547 emtiterz't7
2188 477 2390 534 licebit

258 595 400 632 cum
434 573 663 630 decenti
689 572 1023 629 reverentia
1061 570 1131 627 de
1157 572 1470 649 proposita
1517 573 1841 647 quaestione
1876 581 2215 629 venerantes
2232 591 2387 650 per-

258 672 499 728 contari
522 687 985 745 responsu-mque
1012 667 1352 735 admittere,
1376 677 1433 725 et
1458 668 1577 723 sive
1593 669 1821 743 juvari
1843 670 1964 724 sive
1967 670 2201 743 juvare
2225 711 2240 739 7
2265 687 2388 725 non

257 776 460 824 tamen
484 762 868 841 impudenter
912 772 1123 819 eontra
1155 765 1407 821 senioris
1442 760 1654 821 Romoe*
1687 761 1996 838 Pontifices
2034 764 2389 820 sententiam

258 861 452 918 dicere
479 857 596 936 (l).
634 855 821 915 Multo
854 857 1032 938 igitur
1060 857 1254 920 minus
1305 856 1522 937 poterit
1567 855 1910 914 universalis
1947 854 2212 936 Synodus
2238 878 2387 915 rom.

260 953 602 1013 Pontificem
631 951 950 1032 deponere.
987 950 1292 1024 Quomodo
1320 952 1479 1011 enim
1518 951 1735 1033 poterit
1771 951 1893 1010 sive
1932 951 2195 1032 Synodus
2234 967 2387 1012 oecu-

261 1050 487 1108 menica
540 1050 663 1107 sive
689 1048 905 1128 quaevis
934 1047 1043 1106 alia
1077 1058 1333 1129 potestas
1363 1048 1425 1106 in
1454 1059 1608 1107 terra
1648 1048 1872 1107 auferre
1908 1070 1938 1106 a
1977 1049 2254 1108 Pontifice
2277 1048 2391 1128 pri-

260 1156 489 1203 matum
525 1142 721 1212 illum,
753 1165 930 1223 quem
968 1142 1131 1202 nulla
1184 1145 1235 1202 ei
1285 1142 1545 1202 humana
1589 1156 1846 1225 potestas
1888 1143 2051 1203 dedit
2117 1150 2217 1203 aut
2249 1153 2392 1203 c'on-

270 1240 420 1299 ferre
449 1238 679 1321 potuit7
717 1239 817 1297 sed
842 1260 1017 1320 quem
1053 1240 1175 1320 ipse
1213 1237 1553 1297 immediate
1586 1261 1616 1296 a
1652 1241 1771 1298 Deo
1808 1238 1988 1299 habet
2014 1238 2046 1299 ‘2

344 1335 486 1394 631.
539 1336 667 1393 Huc
697 1334 937 1393 demum
987 1334 1204 1393 accedit
1242 1356 1394 1394 nova
1434 1334 1715 1393 doctrinae
1759 1347 1973 1395 nostrae
2024 1314 2392 1396 confirmatio

263 1454 333 1491 ex
380 1431 555 1489 nimis
597 1431 816 1489 recenti
854 1429 1323 1488 adversariorum
1348 1430 1658 1490 sententiae
1675 1431 1915 1510 origine.
1940 1433 2206 1491 Primum
2235 1433 2395 1493 enim

258 1527 550 1607 gallicanas
578 1525 887 1585 sententiae
921 1527 1228 1606 vestigium
1251 1526 1506 1584 occurrit
1534 1525 1595 1583 in
1613 1527 1788 1584 Conc.
1815 1528 2022 1585 Pisano
2046 1527 2122 1586 ad
2145 1528 2395 1588 schisma

261 1620 617 1682 occidentale
649 1620 977 1680 tollendum
1011 1630 1209 1680 coacto
1232 1666 1247 1695 7
1275 1641 1382 1679 nec
1410 1621 1535 1678 sine
1577 1620 1816 1680 horrore
1848 1624 2165 1704 propositio
2194 1624 2269 1684 de
2296 1646 2396 1683 su-

261 1717 596 1799 perioritate
622 1715 865 1775 Concilii
908 1737 1084 1798 supra
1128 1717 1467 1775 Pontificem
1517 1727 1757 1799 excepta
1793 1728 1881 1777 est
1924 1718 2035 1798 (2).
2071 1719 2217 1780 Cum
2257 1741 2397 1779 vero

260 1813 491 1871 nullum
524 1811 855 1872 remedium
879 1807 1143 1871 attulerit
1178 1813 1381 1871 Pisana
1409 1813 1666 1893 synodus
1689 1859 1704 1883 7
1736 1813 1858 1871 imo
1890 1813 2107 1872 malum
2143 1836 2265 1873 non
2286 1837 2394 1896 pa-

259 1930 393 1968 rum
425 1909 650 1968 auxerit
678 1954 693 1982 7
730 1930 763 1966 a
794 1910 966 1967 Joan.
1001 1909 1282 1967 Gersonio
1313 1908 1657 1967 cancellario
1694 1909 2002 1968 Parisiensi
2035 1911 2097 1967 in
2132 1909 2396 1970 medium

259 2006 474 2064 iterum
519 2003 745 2086 prolata
785 2015 876 2063 est
914 2026 1066 2063 nova
1102 2004 1226 2064 haec
1269 2004 1561 2064 sententia
1596 2005 1656 2063 in
1687 2005 1863 2063 Conc.
1923 2006 2356 2091 Constantiensi
2379 2051 2396 2080 7

261 2099 359 2157 ubi
386 2099 564 2180 coepit
597 2109 873 2180 patronos
918 2098 1137 2159 habere
1170 2144 1186 2173 7
1230 2098 1415 2159 donec
1455 2101 1521 2158 in
1564 2100 1824 2180 ejusdem
1863 2101 2105 2160 Concilii
2137 2123 2276 2162 sess.
2320 2102 2400 2162 1V

260 2206 320 2255 et
362 2196 429 2269 V7
458 2218 578 2254 non
608 2196 802 2276 paucis
839 2194 1267 2274 refragantibus
1299 2196 1477 2255 etiam
1513 2216 1585 2255 ex
1615 2197 1952 2254 obedientia
1981 2241 1996 2271 7
2026 2207 2093 2255 ut
2136 2207 2350 2257 vocant
2375 2242 2393 2274 7

258 2291 502 2350 Joannis
537 2291 720 2348 XXIII
745 2335 761 2364 7
795 2313 907 2372 qua
937 2290 1055 2349 sola
1087 2303 1229 2350 tunc
1253 2290 1719 2351 constituebatur
1749 2290 2074 2350 Concilium
2107 2338 2123 2368 7
2155 2292 2399 2354 absente

258 2397 317 2446 et
346 2396 711 2467 repugnante
740 2386 945 2445 eodem
971 2389 1204 2447 Joanne
1234 2388 1458 2461 XXIII,
1480 2409 1597 2467 per
1627 2389 1876 2446 modum
1902 2392 2399 2448 constitutionum

258 2484 643 2562 synodalium
686 2482 761 2541 ad
797 2482 1043 2542 schisma
1074 2483 1409 2543 tollendum
1444 2494 1660 2542 asserta
1691 2483 1800 2541 fuit
1831 2483 1920 2563 (3)
1947 2509 1963 2557 ς
1993 2506 2226 2543 rursum
2261 2504 2399 2544 vero

260 2600 288 2636 a
320 2579 495 2637 Cone.
541 2578 851 2638 Basileensi
896 2600 1033 2637 sess,
1086 2582 1134 2637 11
1185 2578 1481 2639 adstructa
1521 2580 1856 2658 (4).7Porro
1886 2601 1959 2638 ex
1996 2579 2098 2638 illo
2131 2590 2399 2662 tempore

258 2672 479 2732 factiosi
520 2675 773 2755 quique7
821 2675 1177 2734 Jansenistae
1204 2720 1219 2748 7
1257 2673 1461 2750 aulici-7
1503 2674 1860 2748 Febronius7
1899 2674 2111 2757 Eybel,
2161 2678 2399 2736 Emsen-

260 2767 408 2826 sium
439 2781 765 2829 conventus
795 2815 809 2843 7
857 2769 1070 2851 aliique
1113 2768 1377 2847 ejusdem
1415 2769 1651 2828 furfuris
1692 2770 1966 2830 homines
1992 2817 2007 2846 7
2049 2793 2170 2830 non
2208 2771 2399 2831 solum

261 2862 586 2926 doctrinam
614 2866 767 2925 hanc
805 2887 1023 2927 novam
1068 2888 1133 2925 ac
1183 2867 1293 2926 toti
1332 2866 1668 2949 antiquitati
1707 2867 2123 2929 adversantem
2160 2889 2397 2950 pugna—

259 2959 402 3020 citer
438 2972 844 3035 asseruerunt,
890 2984 1096 3022 verum
1127 2964 1307 3022 etiam
1335 2963 1580 3021 summis
1622 2963 1964 3023 extulerunt
1996 2963 2271 3024 laudibus
2297 2962 2399 3024 de-

336 3151 403 3214 (Ι)
439 3151 494 3199 In
524 3151 710 3201 collect.
742 3153 890 3202 Cone.
916 3164 1077 3203 veneta
1106 3154 1251 3203 Coleti
1275 3193 1288 3214 7
1375 3153 1453 3205 del
1497 3153 1717 3203 Concilio
1756 3154 1812 3202 di
1855 3154 2125 3217 Comma,
2171 3173 2241 3204 ex.
2278 3157 2398 3206 trad.

259 3243 377 3281 tom.
407 3252 435 3281 x
455 3270 469 3292 7
506 3234 597 3283 eol.
625 3233 748 3302 879.
1374 3235 1451 3285 dal
1488 3238 1637 3287 franc:
1672 3236 1818 3285 Roma
1853 3237 1970 3301 ¹73¹
1995 3275 2007 3296 7
2031 3234 2188 3301 in-407
2215 3255 2313 3304 cap.
2338 3237 2397 3302 4,

334 3314 398 3378 (2)
435 3315 534 3363 Cfr.
559 3315 774 3364 Ballerin.
797 3315 871 3366 De
895 3326 1123 3383 potestate
1151 3316 1290 3366 eecle-
1371 3337 1478 3385 pag.
1496 3315 1595 3367 338
1610 3329 1654 3366 et
1673 3335 1805 3385 seqq.
1830 3318 1962 3367 Hanc
1983 3319 2242 3369 editionem
2264 3320 2399 3386 selegi

260 3399 460 3445 siastica
483 3433 497 3454 7
529 3414 631 3460 cap.
669 3396 698 3445 5
718 3437 730 3457 7
756 3398 781 3464 ὃ
813 3400 861 3448 3.
1372 3411 1532 3466 utpote
1559 3403 1723 3450 ceteris
1758 3400 2022 3451 uberiorem
2046 3439 2057 3461 7
2098 3421 2291 3470 quaeque
2319 3422 2396 3452 ex-

329 3479 394 3542 (3)
427 3479 527 3529 Cfr.
563 3478 730 3527 Malth.
762 3480 1058 3541 Petitdidier,
1107 3484 1156 3529 in
1200 3499 1278 3546 op.
1368 3484 1500 3532 hibet
1528 3485 1806 3533 documenta
1843 3488 1939 3549 ipsa
1971 3487 2226 3551 originalia.

262 3559 619 3610 Dissertazione
636 3564 813 3610 astorica
832 3581 856 3610 e
876 3564 1101 3629 teoloqioa
1125 3567 1181 3613 in
1202 3568 1286 3613 oui
1438 3566 1503 3629 (4)
1546 3565 1679 3614 Decr.
1712 3584 1765 3613 111
1797 3577 1841 3614 et
1879 3584 1923 3614 1v
1943 3604 1958 3629 ,
2002 3569 2125 3633 apud
2162 3568 2388 3617 Harduin.

257 3644 301 3689 εἰ
316 3644 697 3710 esamina7qual
715 3646 790 3693 sia
811 3655 931 3694 stato
949 3646 987 3694 il
1005 3647 1286 3696 sentimenta
1371 3650 1523 3708 Acta,
1557 3655 1649 3698 etc.
1690 3660 1798 3698 tom.
1832 3667 1942 3710 vm,
1984 3650 2075 3700 col.
2114 3665 2255 3700 112¹.
