2514 4218
241 131 359 190 440

830 150 1030 189 ΤΒΑΟΤ.
1079 150 1146 185 DE
1189 149 1341 186 LOCIS
1384 150 1763 192 THEOLOGIGIS.

245 297 533 369 ChristuS,
558 314 683 354 sese
714 297 779 353 in
795 292 986 353 medio
1000 291 1341 351 adfuturum
1359 338 1375 367 ,
1402 291 1503 351 ubi
1526 293 1642 353 duo
1671 294 1763 358 vel
1778 307 1896 356 tres
1921 298 2138 356 fuerint
2160 299 2223 356 in
2244 301 2364 375 ejus

245 393 485 451 nomine
526 389 854 469 congregati
894 388 1024 466 (l),
1062 387 1127 446 30
1151 388 1251 469 qui
1286 388 1360 447 ad
1402 389 1741 471 exemplum
1770 391 2002 450 Concilii
2035 393 2366 474 Hierosoly—

247 488 456 546 mitani
510 486 700 545 dicere
759 495 1005 566 possunt
1067 506 1080 541 z
1165 485 1376 544 Visum
1431 496 1516 545 est
1562 487 1830 566 Spiritui
1889 489 2105 547 Sancto
2165 501 2219 548 et
2269 510 2368 548 no-

246 585 339 642 his
362 583 470 663 (2).
509 583 674 661 Ergo·

328 677 465 737 633.
512 679 683 758 Resp.
726 676 876 756 Ney.
911 687 1037 734 aut.
1081 675 1169 735 Ad
1217 678 1320 749 1¹¹³⁷
1355 675 1523 758 prob.
1569 678 1726 756 Βία.
1768 680 1885 738 Dic
1915 680 2224 754 Ecclesiae,
2266 703 2368 742 seu

249 772 504 833 Concilio
533 815 553 844 ,
587 774 633 830 si
673 771 749 831 de
791 792 858 831 eo
903 782 1107 851 agatur
1137 816 1152 845 .,
1199 773 1300 853 qui
1336 772 1597 831 Ecclesiae
1636 794 1738 833 seu
1767 775 2006 835 Concilii
2044 775 2372 836 auctoritati

248 868 539 945 subjectus
582 867 694 942 sit,
746 887 938 936 conc.‚·
977 867 1026 925 si
1063 867 1138 926 de
1176 889 1283 939 en,
1334 868 1434 948 qui
1474 868 1732 929 Ecclesiae
1781 873 1905 931 sive
1955 870 2211 930 Concilio
2239 916 2254 945 .,
2283 872 2372 930 uti

247 965 465 1046 primas
492 974 551 1022 et
580 965 895 1045 Episcopus
916 1008 932 1037 ,
961 964 1304 1044 praeeminet
1323 1008 1339 1033 ,
1369 985 1499 1044 neq.
1527 965 1651 1023 Hoc
1681 966 1841 1047 prius
1875 966 2267 1027 evincendum
2297 966 2372 1025 ab

248 1060 593 1120 adversariis
623 1071 775 1119 esset
802 1105 818 1134 .,
846 1070 913 1117 ut
939 1058 1160 1140 aliquid
1189 1081 1294 1140 pro
1319 1079 1487 1118 causa
1526 1081 1626 1118 sua
1661 1062 1876 1122 inferre
1904 1073 2142 1144 possent
2171 1083 2243 1121 ex
2265 1061 2375 1121 ad-

250 1155 425 1214 ducto
460 1155 836 1228 testimoni03
877 1154 1134 1236 alioquin
1172 1155 1528 1236 principium
1560 1167 1801 1237 petunt,
1834 1157 2099 1239 nihilque
2122 1157 2375 1236 legitime

250 1251 599 1312 concludere
635 1263 881 1333 queunt.
930 1254 1133 1310 Petrus
1160 1252 1362 1332 utique
1396 1255 1593 1329 ejusve
1621 1274 1913 1312 successor
1935 1275 2081 1312 rom.
2108 1253 2377 1313 Pontifex

244 1351 446 1426 frater
482 1360 569 1406 est
598 1359 843 1423 natura,
876 1346 991 1406 fide
1038 1347 1281 1428 aliisque
1309 1346 1529 1419 titulis,
1564 1360 1653 1406 ast
1687 1349 1861 1407 simul
1910 1350 2174 1408 omnium
2210 1360 2377 1430 pater

252 1454 340 1502 est
360 1489 375 1518 .‚
403 1455 578 1525 caput
600 1465 686 1503 ·ac
731 1444 995 1524 superior
1014 1489 1028 1516 a
1071 1454 1274 1525 utpote
1314 1442 1574 1503 Ecclesiae
1603 1446 1888 1505 universae
1924 1468 1955 1503 a
1984 1443 2214 1505 Christo
2250 1446 2378 1528 ipso

252 1540 595 1621 praepositus
624 1539 735 1620 (3).
775 1540 833 1597 Si
869 1540 1064 1620 itaque
1104 1539 1467 1618 contingeret
1494 1585 1510 1614 .‚
1554 1551 1621 1598 ut
1645 1541 1909 1600 Pontifex
1937 1552 2204 1623 peccator
2235 1562 2377 1600 con-

256 1647 459 1693 tumax
508 1645 692 1709 esset,
734 1646 930 1716 posset
972 1634 1213 1715 quidem
1260 1634 1333 1692 ab
1380 1634 1639 1694 inferiori
1674 1657 1740 1695 ea
1777 1658 1891 1717 qua
1938 1657 2044 1717 par
2093 1647 2180 1694 est
2205 1657 2382 1697 reve-

258 1731 447 1789 rentia
510 1730 993 1801 commonefierig
1042 1751 1251 1788 verum
1311 1730 1462 1788 ultra
1507 1731 1778 1812 progredi
1826 1731 1986 1791 nefas
2037 1743 2222 1804 essetz,
2279 1732 2383 1791 sed

257 1827 362 1884 Dei
389 1826 627 1884 interim
662 1825 1046 1886 Providentiae
1072 1832 1193 1904 ejus
1223 1827 1618 1906 resipiscentia
1652 1839 1803 1886 esset
1828 1826 2246 1887 committenda
2267 1871 2283 1902 ,
2308 1826 2382 1886 ab

260 1942 443 2002 eaque
477 1921 746 2002 precibus
780 1942 844 1980 ac
872 1920 1182 2002 gemitibus
1229 1923 1397 1981 unice
1421 1921 1785 2002 efflagitanda
1815 1922 1926 2002 (4).

261 2169 364 2219 pag.
390 2153 487 2220 293
512 2164 556 2202 et
577 2171 705 2220 seqq.
729 2171 782 2202 ac
800 2154 977 2203 videbis
992 2190 1006 2218 ,
1024 2172 1132 2204 eum
1150 2156 1286 2204 talem

261 2238 388 2286 haud
407 2256 523 2300 esse,
544 2239 696 2304 qualis
712 2239 769 2286 ab
785 2241 960 2288 editore
978 2258 1168 2289 suorum
1183 2259 1291 2306 ope-

261 2338 367 2369 rum
386 2322 670 2385 praedicatur.
701 2321 770 2370 De
799 2320 983 2371 Andrea
1008 2323 1258 2372 d'Escobar
1275 2362 1288 2382 ‚

261 2401 452 2451 Nicolao
469 2403 675 2460 Cusano,
692 2404 720 2452 J
725 2406 878 2453 uliano
895 2406 1100 2454 Cesarini
1110 2440 1126 2466 ,
1148 2406 1290 2455 Paulo

262 2481 421 2550 Sarpio
438 2523 451 2546 ‚
473 2485 692 2543 Timauo,
711 2487 920 2554 Lannojo
937 2527 949 2549 ,
971 2499 1057 2537 etc.
1075 2489 1157 2554 q'ui
1182 2499 1292 2537 sunt

260 2567 422 2616 heroes
463 2568 842 2618 febronianorum
858 2608 871 2626 ‚
915 2572 1004 2620 cfr.
1048 2571 1259 2620 Zaccaria
1275 2609 1288 2629 ‚

259 2653 309 2699 in
343 2651 735 2716 Antisebbronio.
756 2653 1114 2703 Introduzione
1131 2692 1145 2715 ‚
1174 2673 1217 2704 c.
1237 2652 1289 2706 6.

329 2734 396 2797 (l)
433 2733 598 2782 Matth.
630 2751 779 2797 xvm,
817 2752 900 2785 20.

329 2816 395 2880 (ἓ)
433 2819 535 2866 Act.
565 2836 656 2878 xv,
699 2815 783 2867 28.
813 2819 875 2866 Et
912 2819 1009 2867 haec
1050 2822 1290 2885 praecipua

259 2899 558 2950 fundamenta
579 2912 686 2950 sunt
711 2904 853 2970 hujus
877 2907 1116 2952 sententiae
1140 2943 1151 2965 ‚
1188 2921 1290 2970 quae

264 2999 318 3029 ex
347 2979 592 3048 Scripturis
621 2985 878 3035 afferuntur
895 3004 910 3048 3
945 2988 1121 3053 reliqua
1143 3025 1154 3047 ‚
1185 3003 1289 3053 quae

261 3061 324 3111 ab
354 3063 622 3115 adversariis
660 3079 889 3133 congesta*
912 3080 1055 3128 sunt,
1095 3069 1153 3118 ad
1190 3087 1289 3118 rem

260 3162 356 3193 non
373 3148 603 3210 pertinent
625 3186 640 3209 ‚
661 3161 713 3197 ut
742 3154 913 3217 cuique
934 3152 1104 3217 legenti
1122 3152 1287 3200 diss.1v

263 3246 351 3276 sec.
384 3245 442 3276 xv
472 3239 517 3277 et
551 3246 628 3278 xvi
651 3269 663 3291 ,
701 3232 873 3282 Natalis
910 3232 1039 3282 Alex.
1080 3234 1285 3299 patebit,

263 3312 344 3375 qui
373 3311 473 3358 haec
504 3316 660 3359 omnia
686 3316 899 3379 collegit,
924 3327 1010 3364 art.
1043 3332 1059 3363 1
1086 3353 1100 3376 ‚
1131 3314 1158 3381 §
1189 3330 1239 3366 2.

328 3392 393 3456 (3)
429 3392 554 3442 Hinc
585 3396 758 3459 optime
794 3396 900 3445 Pius
930 3398 1009 3458 ΙΙ,
1037 3407 1286 3464 postquam

262 3475 439 3534 docuit,
460 3494 579 3525 rom.
598 3476 830 3526 Pontificis
846 3498 942 3529 esse
958 3481 1165 3530 Concilia
1176 3498 1288 3529 con-

1370 2165 1440 2203 ter
1471 2156 1750 2221 diqm'tatem
1789 2165 1948 2205 tamen
1980 2157 2131 2206 Pater
2156 2158 2355 2208 habetur
2371 2179 2390 2222 ‚-

1369 2247 1412 2285 et
1441 2240 1568 2286 sicut
1584 2238 1852 2303 filiationis
1882 2256 2030 2287 causa
2056 2242 2280 2289 venerari
2307 2240 2389 2289 de-

1370 2322 1443 2370 bet
1478 2321 1750 2372 Ecclesiam
1780 2332 2011 2387 tanquam
2050 2333 2248 2371 matrem
2270 2362 2283 2384 ‚
2321 2325 2392 2373 ita

1370 2415 1415 2454 et
1436 2405 1743 2472 praelationis
1768 2422 1916 2453 causa
1947 2406 2210 2472 praesertur
2236 2408 2312 2468 ei,
2341 2415 2395 2455 ut

1361 2496 1532 2553 pastor
1554 2490 1690 2553 qreqi
1705 2524 1719 2548 ,
1750 2490 1979 2554 princeps
2007 2488 2217 2555 populo,
2248 2498 2396 2537 rector

1363 2570 1588 2635 familiae.
1607 2569 1749 2635 Apud
1765 2571 2044 2638 Roneaglia,
2065 2575 2115 2618 in
2127 2571 2395 2620 Animadv.

1369 2653 1426 2699 in
1442 2668 1577 2701 conc.
1595 2651 1899 2713 Basileeme‚
1922 2654 1980 2700 ad
1994 2653 2166 2702 calcem
2179 2653 2287 2701 diss.
2312 2669 2393 2702 vui

1371 2733 1554 2783 Natalis
1586 2734 1842 2785 Alexandr.
1875 2733 1901 2801 ἕ
1934 2733 1984 2784 5.

1440 2818 1510 2882 (lo)
1532 2816 1633 2865 Cfr.
1653 2817 1869 2866 Bellarm.
1890 2817 1967 2866 De
1981 2816 2226 2867 Eccles.et
2243 2815 2391 2866 Cone.

1370 2899 1457 2948 lib.
1485 2916 1502 2945 1
1522 2938 1533 2956 ,
1570 2917 1671 2965 cap.
1704 2917 1763 2966 9,
1797 2898 1911 2949 n.5.
1941 2899 2231 2966 Quapropter
2255 2899 2395 2947 Inno-

1370 2994 1491 3031 cent.
1510 2983 1610 3044 111,
1630 2981 1703 3032 De
1729 2999 1939 3033 consecr.
1975 2982 2263 3046 Pontifici8‚
2293 2982 2392 3032 ait:

1371 3067 1439 3113 In
1462 3073 1651 3113 tantum
1684 3065 1812 3113 mihi
1837 3064 1958 3129 fides
1992 3064 2263 3114 necessaria
2292 3073 2360 3112 est
2378 3102 2391 3125 ,

1369 3158 1423 3194 ut
1444 3186 1457 3206 ,
1491 3165 1601 3195 cam
1630 3148 1689 3196 de
1715 3150 1881 3196 ceteris
1898 3149 2110 3212 peccatis
2131 3146 2296 3195 Deum
2299 3149 2394 3213 ju-

1369 3230 1524 3278 dicem
1560 3230 1789 3289 habeam,
1812 3239 2007 3294 propter
2043 3229 2200 3278 solam
2226 3246 2398 3296 pecca-

1369 3322 1472 3359 tum
1492 3351 1505 3371 ‚
1531 3312 1658 3376 quod
1678 3315 1734 3360 in
1764 3311 1862 3376 fide
1897 3314 2214 3360 committitur
2245 3311 2340 3368 (uti
2370 3330 2397 3360 a

1369 3411 1597 3458 personna
1613 3395 1841 3458 privata),
1870 3410 2059 3459 possem
2089 3394 2150 3442 ab
2183 3392 2400 3442 Ecclesia

1361 3475 1610 3541 judicari.
1656 3475 1751 3523 cfr.
1803 3475 1939 3524 Veith
1960 3516 1971 3535 ‚
2023 3476 2103 3525 De
2142 3481 2395 3543 primatu,

267 3575 449 3622 gregare
479 3570 523 3608 et
549 3559 816 3619 dissolvere,
839 3562 997 3610 subdit
1028 3580 1042 3611 :
1079 3562 1183 3629 Qui
1206 3565 1295 3613 etsi
1378 3570 1488 3609 sect.
1528 3575 1556 3605 2
1580 3597 1591 3617 ‚
1629 3557 1655 3623 S
1691 3556 1783 3625 49..
1815 3559 1937 3607 Hinc
1960 3570 2193 3624 receptum
2223 3574 2400 3622 semper

253 3638 389 3701 filius
406 3650 474 3688 est
494 3650 691 3708 propter
710 3643 1134 3706 regenerationem,
1150 3662 1294 3709 prop-

1380 3647 1430 3691 in
1464 3642 1668 3691 Ecclesia
1702 3652 1771 3690 est
1803 3641 1919 3690 illud
1949 3644 2227 3707 principium
2262 3639 2400 3689 veluti
