2514 4218
282 175 399 236 370
894 187 1087 228 macr.
1138 188 1205 224 nn
1250 186 1400 224 mels
1443 187 1821 227 rnaoroemffi.

283 357 536 420 reynum
549 377 575 408 ‚
616 353 836 412 corpus
864 329 1186 389 instituerit
1207 373 1223 402 ,
1265 339 1443 410 atque
1473 326 1560 387 illi
1607 330 1991 410 assignaverit
2034 335 2412 411 fundamen-

282 447 411 496 tum
425 477 447 505 ,
501 428 1024 512 patremfamilias
1046 471 1063 495 ,
1114 435 1446 503 pastorem,
1499 428 1882 505 principem,
1932 442 2133 508 caput
2163 429 2238 489 ad
2282 452 2413 491 eam

284 524 732 592 sustentandam
763 534 823 582 et
863 519 1308 602 gubernandam
1328 565 1344 596 .,
1393 541 1496 580 seu
1521 521 1847 603 primatum
1889 524 2060 584 Petro
2095 525 2415 586 contulerit

281 627 358 688 ad
395 626 518 684 haec
551 616 882 704 praestanda
905 662 920 692 ‚
972 615 1428 677 fundamentum
1474 638 1615 677 vero
1653 629 1860 699 suapte
1900 632 2112 682 natura
2149 623 2226 682 ad
2264 623 2415 684 illud

286 744 472 784 unum
493 717 826 790 aedificium,
858 713 1018 796 quod
1043 716 1095 774 ei
1108 725 1574 796 superstructum
1604 726 1716 789 est,
1739 717 2215 795 sustentandum,
2248 731 2416 801 pater

281 816 525 879 familias
567 812 643 872 ad
683 811 975 870 unitatem
1026 809 1270 885 domus,
1316 822 1516 892 pastor
1553 809 1627 876 ad
1667 812 1952 871 unitatem
1997 813 2200 889 oviliS.,
2247 816 2416 897 prin-

284 934 417 994 ceps
434 910 509 970 ad
528 908 818 967 unitatem
833 906 995 987 regni
1012 950 1029 982 ‚
1060 915 1236 988 caput
1259 907 1335 966 ad
1354 909 1641 966 unitatem
1664 908 1920 989 corporis
1942 910 2416 971 constituendam

284 1020 344 1070 et
372 1002 1131 1083 conservandam-ordinata
1153 1003 1272 1061 sint
1291 1048 1308 1078 ,
1343 1023 1598 1085 pronum
1623 1015 1712 1063 est
1737 1003 1941 1064 inferri
1965 1003 2075 1064 hac
2102 1005 2175 1067 de
2209 1028 2378 1066 causa
2397 1053 2414 1082 ,

281 1104 358 1165 ob
386 1105 565 1162 finem
603 1099 821 1159 scilicet
855 1099 966 1181 ipsi
997 1099 1276 1180 primatui
1303 1099 1547 1158 insitum
1570 1145 1584 1173 7
1611 1099 1936 1181 primatum
1965 1122 2088 1162 esse
2116 1124 2148 1162 a
2187 1101 2417 1162 Christo

279 1200 656 1271 institutum3
708 1195 1036 1277 praesertim
1059 1215 1219 1268 cum,
1245 1195 1294 1254 si
1332 1194 1492 1277 quod
1516 1195 1709 1273 adhuc
1751 1195 2001 1255 dubium
2046 1210 2413 1279 superesset,

279 1320 349 1357 ex
386 1317 558 1360 sensu
592 1290 955 1352 traditionali
992 1303 1281 1373 perpetuo
1313 1303 1374 1350 et
1414 1292 1711 1351 constanti
1751 1292 2054 1352 sublatum
2093 1294 2289 1355 suerit.

367 1391 507 1451 540.
562 1389 649 1450 Ad
711 1390 830 1463 2¹¹¹,
888 1387 1038 1468 Ney.
1101 1385 1405 1470 Siquidem
1457 1409 1763 1470 nunquam
1832 1400 1934 1447 aut
1988 1391 2268 1450 Veronius
2319 1403 2421 1451 aut

279 1492 589 1549 Bossuetus
617 1495 717 1543 aut
746 1483 1061 1566 quisquam
1087 1482 1233 1542 alius
1256 1483 1572 1543 catholicus
1590 1483 1897 1565 theologus
1927 1485 2064 1545 talia
2094 1499 2420 1567 posuerunt

279 1582 564 1667 principia
593 1627 608 1656 ,
634 1602 707 1641 ex
731 1578 942 1661 quibus
963 1579 1164 1638 inferri
1180 1583 1313 1658 jure
1343 1590 1522 1661 queat
1540 1625 1558 1654 ‚
1601 1582 1895 1643 motivum
1918 1583 2259 1643 instituendi
2295 1585 2420 1664 pri·

281 1691 474 1740 matus
503 1698 626 1736 non
669 1697 839 1757 posse
878 1674 1010 1734 fidei
1055 1678 1362 1735 materiam
1401 1697 1553 1750 esse,
1593 1697 1786 1758 neque
1823 1676 2071 1738 fundare
2109 1680 2422 1740 articulum

282 1773 451 1850 fidei,
482 1773 570 1831 uti
601 1782 870 1830 autumat
908 1770 1298 1832 adversariuS.
1335 1772 1413 1831 Ut
1446 1773 1605 1832 enim
1636 1772 1972 1833 insistamus
2006 1776 2252 1856 Reyuloe
2276 1778 2427 1855 fidei

282 1869 554 1945 Veronii,
592 1867 682 1926 his
719 1865 912 1927 verbis
956 1866 1029 1926 ab
1070 1890 1138 1928 eo
1182 1872 1533 1950 proponitur
1566 1870 1782 1929 :Illud
1814 1892 1986 1930 omne
2025 1882 2082 1930 et
2111 1874 2305 1932 solum
2340 1885 2427 1934 est

283 1969 354 2027 de
393 1967 508 2045 fide
536 2010 555 2040 7
594 1964 758 2043 quod
781 1975 865 2022 est
884 1966 1211 2023 revelatum
1234 1969 1304 2022 in
1345 1966 1517 2027 verbo
1563 1970 1703 2036 Dei,
1733 1977 1789 2025 et
1818 1969 2199 2046 propositum
2233 1972 2425 2028 omni·

283 2067 394 2124 bus
443 2065 531 2121 ad
550 2062 823 2122 Ecclesia
865 2063 1158 2121 catholica
1202 2063 1319 2141 fide
1352 2063 1570 2121 divina
1611 2064 1976 2122 credendum
2002 2065 2113 2144 (1).
2148 2065 2424 2126 Animad-

286 2158 467 2221 vertit
500 2169 697 2217 autem
722 2202 737 2231 ,
775 2156 997 2239 aliquid
1025 2179 1195 2239 posse
1219 2179 1343 2217 esse
1374 2156 1707 2220 revelatum
1732 2162 1902 2219 aDeo
1934 2164 2119 2220 etiam
2144 2164 2209 2220 in
2249 2164 2422 2223 verbo

284 2275 391 2315 suo
415 2255 662 2314 obscure
682 2296 699 2326 ‚
743 2273 807 2312 ac
833 2252 1082 2313 Ecclesia
1105 2255 1431 2335 interprete
1466 2275 1633 2334 egere
1655 2301 1670 2329 7
1698 2277 1730 2313 a
1759 2277 1875 2337 qua
1912 2270 2281 2345 proponatur
2302 2279 2423 2319 cre-

284 2348 548 2409 dendum
588 2348 676 2407 uti
715 2347 1074 2424 revelatum,
1109 2370 1244 2408 cum
1283 2348 1546 2410 Ecclesiae
1583 2351 1660 2409 sit
1698 2372 1941 2411 sensum
1978 2355 2150 2413 verbi
2185 2355 2301 2415 Dei
2318 2375 2421 2415 seu

284 2451 503 2529 scripti
540 2467 643 2506 seu
681 2447 901 2506 traditi
933 2447 1159 2528 aperire
1198 2447 1310 2527 (2).
1356 2448 1436 2506 Ex
1478 2447 1585 2507 hac
1627 2448 1825 2528 regula
1866 2449 2044 2510 infert
2082 2452 2204 2533 ipse
2241 2454 2419 2512 Vero-

356 2713 425 2777 (1)
464 2711 647 2777 Reyula
666 2710 790 2776 fidei
816 2709 1064 2760 catholicus
1084 2749 1097 2770 ,
1129 2728 1230 2776 cap.
1269 2728 1313 2770 1,
1398 2710 1527 2776 quod
1552 2708 1808 2759 revelatum
1835 2715 1894 2760 sit
1911 2714 1962 2760 in
1990 2728 2130 2761 vaano
2159 2728 2257 2775 nm,
2290 2713 2419 2780 quod

291 2792 317 2859 S
356 2811 373 2842 1
389 2829 401 2843 .
1399 2803 1663 2858 potestesse
1680 2796 1777 2842 sive
1792 2795 2023 2860 scriptum
2045 2798 2140 2844 sive
2155 2794 2417 2859 traditum3

359 2877 427 2940 (2)
466 2875 584 2924 lbid.
618 2873 645 2943 §
681 2891 731 2926 α.
765 2875 853 2925 Hic
878 2893 984 2925 vero
1020 2875 1317 2925 animadver·
1399 2885 1469 2924 ast
1495 2876 1585 2925 hoc
1609 2873 1843 2926 Palmerio
1872 2894 1967 2926 non
2000 2878 2188 2927 arridet.
2220 2877 2356 2943 Quod
2373 2881 2412 2926 si

293 2960 487 3007 tendum
535 2970 631 3021 est,
680 2977 774 3026 quo
820 2960 988 3008 melius
1029 2958 1318 3024 intelligatur
1399 2961 1450 3007 in
1491 2959 1800 3008 declaratione
1849 2959 2017 3026 regulae
2057 2976 2150 3008 suae
2192 2959 2420 3010 Vei-onius

293 3041 537 3089 adversarii
570 3060 702 3092 mens
722 3080 735 3103 ,
771 3043 885 3091 dum
909 3050 1043 3107 urget
1068 3043 1319 3090 auctorita·
1400 3043 1616 3090 meminit
1672 3042 2009 3108 Prophetarum
2031 3079 2047 3099 ,
2092 3043 2418 3108 Apostolorum

293 3133 386 3171 tem
418 3122 606 3172 Veronii
625 3160 641 3184 ‚
668 3128 819 3191 ipsum
851 3125 962 3173 alibi
995 3127 1132 3172 citare
1168 3122 1316 3173 Vero·
1398 3142 1478 3173 seu
1521 3125 1779 3173 authorum
1811 3127 2184 3182 canonicorum,
2221 3144 2321 3175 non
2359 3143 2414 3176 eo

294 3209 427 3253 nium
451 3243 463 3265 ‚
487 3209 570 3272 qui
589 3208 807 3268 affirmat,
827 3207 921 3256 duo
938 3209 1111 3274 requiri
1127 3206 1185 3255 ad
1207 3224 1319 3255 eon·
1397 3207 1491 3256 fine
1516 3208 1613 3256 haec
1626 3208 1784 3256 scribit
1797 3244 1814 3269 ‚
1845 3217 1897 3256 ut
1924 3207 2143 3257 excludat
2174 3212 2385 3259 veritates
2402 3246 2417 3270 ,

293 3287 581 3337 stituendum
598 3289 861 3338 articulum
874 3290 996 3355 fidei
1010 3324 1025 3350 ,
1045 3307 1099 3338 ac
1121 3297 1167 3336 1⁰
1188 3288 1317 3355 quod
1397 3307 1503 3356 quae
1526 3308 1606 3355 per
1630 3291 1775 3339 solam
1799 3290 2094 3340 traditionem
2114 3291 2172 3340 ad
2196 3308 2282 3340 nos
2310 3309 2417 3358 per-

293 3370 542 3418 revelatum
587 3386 613 3416 a
663 3370 759 3419 Deo
806 3375 861 3419 sit
905 3389 989 3438 per
1032 3370 1311 3436 Prophetas,
1396 3383 1596 3431 verunt,
1625 3373 1706 3422 sed
1731 3382 1784 3421 ut
1800 3384 2002 3438 opponat
2017 3373 2406 3435 revelationibus,

293 3451 534 3517 Apostolos
565 3469 645 3500 seu
673 3453 893 3502 authores
923 3455 1180 3503 canonicos
1213 3454 1312 3518 (31-
1395 3472 1497 3520 quae
1534 3440 1635 3520 post
1687 3465 1893 3522 tempora
1941 3457 2263 3522 Apostolorum
2303 3458 2409 3523 qui-

292 3535 457 3584 ludens
493 3535 729 3584 evidenter
767 3537 833 3583 ad
875 3534 1225 3604 Scripturas);
1257 3545 1311 3585 2⁰
1395 3535 1592 3585 busdam
1645 3536 1826 3586 Sanctis
1874 3535 2012 3588 factae
2064 3539 2403 3605 perhibentur,

294 3619 418 3682 quod
451 3621 739 3683 propositum
768 3621 825 3667 sit
857 3620 917 3666 ab
947 3619 1172 3669 Ecclesia.
1201 3618 1308 3668 Jam
1392 3620 1636 3669 Ambrosio
1671 3638 1747 3669 ex.
1787 3639 1860 3687 gr.
1905 3624 2142 3688 Cypriano
2171 3639 2250 3671 seu
2294 3620 2403 3670 aliis

292 3715 399 3747 vero
439 3698 697 3762 Ver-onius,
746 3702 795 3748 in
834 3717 929 3767 reg.
968 3705 1048 3751 cit.
1089 3701 1247 3752 scribit
1289 3719 1305 3750 ε
1390 3704 1594 3769 antiquis
1609 3702 1699 3753 illis
1714 3714 1795 3753 aut
1812 3705 2144 3755 recentioribus
2164 3742 2177 3768 ,
2200 3705 2267 3753 uti
2280 3702 2400 3754 ibid.
