2514 4172
2109 257 2193 295 vn

171 412 533 491 Nequevero
557 404 771 463 mirum
794 403 998 484 cuique
1026 400 1208 464 videri
1232 398 1407 460 debet
1429 443 1445 474 ‚
1478 397 1636 481 quod
1665 399 1946 458 Locorum
1974 396 2194 459 theolo-

91 535 346 615 gicorum
385 526 856 610 explanationem
901 523 1128 583 duobus
1171 519 1563 583 voluminibus
1610 520 1708 581 vix
1737 520 2188 594 exhauserimuS.

91 659 272 727 Nam,
302 652 611 736 quominus
638 649 922 731 parciores
947 647 1010 704 in
1037 645 1345 705 scribendo
1384 666 1510 705 esse
1552 665 1887 726 possemuS‚
1937 656 2066 741 tum
2112 647 2198 706 rei

91 778 338 859 gravitas
377 786 551 857 atque
582 773 744 855 copia
766 758 791 846 ,l
821 762 948 827 tum
990 766 1243 825 instituti
1270 768 1474 849 nostri*
1498 748 1677 843 ratio‘J
1719 788 1826 828 nec
1866 788 1990 826 non
2015 769 2200 829 aetatis

95 922 224 983 quae
246 919 404 959 nunc
431 909 520 957 est
550 864 804 961 conditio
833 888 1279 974 prohibuerunt.
1326 871 1672 968 Incredibile
1710 893 1869 952 enim
1890 891 2048 952 dictu
2075 904 2163 953 est
2180 939 2197 969 .,

90 1033 312 1106 quanto
346 1021 596 1084 vesaniae
630 988 921 1077 ac'furoris
945 1023 1085 1073 aestu
1116 1012 1459 1073 heterodoxi
1490 1011 1789 1088 hominen,
1826 1036 1942 1096 quo
1969 1013 2205 1075 inclina·

101 1155 229 1203 tum
262 1156 319 1203 et
348 1163 531 1226 prope
562 1135 879 1219 collapsum
920 1137 1466 1219 protestantismum
1490 1145 1817 1218 utcumque.
1841 1122 2203 1232 sustentent3

93 1267 159 1325 in
210 1260 606 1325 labefactanda
651 1258 945 1319 catholicae
986 1256 1245 1318 Ecclesiae
1293 1257 1696 1340 imprimisque
1733 1255 1882 1320 romss
1913 1259 2207 1319 Pontificis

101 1386 470 1459 auctoritate,
503 1384 824 1465 ceterisque
868 1402 1038 1441 sacrae
1079 1379 1398 1461 Theologiae
1455 1379 1712 1440 fontibus
1762 1382 2210 1465 corrumpendis

100 1508 401 1569 unanimes
426 1504 787 1567 adlaborent.
820 1506 939 1565 Nee
967 1503 1134 1564 facile
1170 1501 1440 1586 explicari
1460 1512 1675 1584 potest,
1707 1523 1884 1585 quam
1910 1503 2208 1565 fallacibus

97 1634 290 1715 eisque
321 1631 492 1692 variis
515 1651 580 1690 ac
603 1627 1025 1712 multiplicibus
1059 1626 1281 1687 artibus
1305 1637 1580 1702 utantur,
1606 1638 1864 1709 quotque
1884 1629 1948 1686 in
1980 1626 2101 1699 dies
2130 1640 2210 1688 te-

98 1753 361 1815 terrimas
407 1752 863 1812 machinationes
929 1751 1261 1810 moliantur.
1314 1749 1802 1832 Quandoquidem
1834 1751 2009 1830 igitur
2064 1750 2211 1812 illud

96 1887 386 1958 perpetuo
409 1876 606 1935 animo
624 1874 1005 1934 constitutum
1023 1874 1362 1953 gesserimus
1379 1917 1396 1947 ,
1429 1884 1494 1932 ut
1523 1895 1643 1955 prae
1663 1872 1934 1934 obsoletis
1952 1874 2213 1954 jamdiu-

97 2018 210 2078 que
244 1997 503 2080 protritis
531 2018 797 2057 errorum
818 2042 833 2071 ‚
868 1997 970 2079 qui
998 1996 1067 2055 ‘in
1098 1997 1410 2078 praesentia
1450 2008 1816 2076 grassantur,
1852 1998 2215 2080 potissimam

101 2117 452 2178 haberemus
498 2118 787 2182 rationem
807 2164 822 2194 ,
866 2119 1232 2178 committere
1263 2140 1385 2178 non
1423 2120 1754 2201 potuimuS,
1796 2131 1864 2178 ut
1905 2119 2075 2180 hasce
2109 2143 2215 2182 va-

102 2241 470 2301 ferrimorum
509 2241 818 2300 hominum
867 2241 1106 2301 technas
1143 2241 1318 2323 paulo
1354 2241 1668 2302 studiosius
1713 2263 1835 2300 non
1870 2254 2216 2304 consectare·

104 2383 270 2435 mur,
313 2383 428 2443 quo
475 2364 597 2442 ipsa
638 2363 1102 2423 manifestatione
1141 2364 1452 2424 debilitatae
1491 2377 1550 2424 et
1588 2365 1784 2424 fractae
1820 2366 2210 2426 conciderent.

185 2603 455 2661 Ceterum
472 2601 621 2661 nihil
646 2602 783 2662 inde
799 2614 1130 2663 nostrarum
1145 2604 1582 2686 praelectionum
1602 2606 1782 2666 moles
1797 2612 1954 2686 justo
1969 2611 2217 2692 amplius

103 2724 401 2811 excrescit.»
437 2723 544 2783 Hic
578 2726 734 2785 enim
770 2725 870 2807 qui
909 2724 981 2786 de
1018 2726 1175 2786 Locis
1207 2738 1295 2787 est
1331 2727 1662 2808 theologicis
1691 2775 1707 2804 ⁷
1739 2741 1914 2813 atque
1945 2731 2092 2792 alter
2143 2734 2218 2794 de

107 2865 243 2905 vera
275 2844 549 2925 religione
572 2858 882 2925 tractatuS‚
923 2860 1231 2931 apparatus
1251 2849 1376 2910 loco
1404 2850 1478 2912 ad
1497 2852 1834 2914 universam
1866 2854 2216 2936 theologiam

111 2964 312 3025 haberi
338 2965 557 3027 debent
578 3014 594 3042 .,
625 2968 918 3051 iidemque
946 2983 1254 3054 propterea
1291 2993 1548 3033 seorsum
1578 2996 1609 3034 a
1628 2974 1875 3057 reliquis
1907 2976 2002 3036 edi
2038 2990 2212 3061 atque

118 3090 180 3146 in
203 3109 373 3148 usum
406 3089 611 3151 deduci
644 3095 906 3172 possunt.

187 3331 378 3390 Nihilo
401 3342 601 3393 tamen
629 3334 808 3393 secius
837 3380 852 3409 ‚
898 3345 964 3392 ut
999 3335 1065 3393 iis
1105 3336 1281 3396 etiam
1326 3337 1575 3421 collegiis
1612 3361 1836 3400 morem
1859 3363 2125 3422 geramus
2153 3368 2217 3405 ac
2296 3324 2307 3333 ‘

106 3450 441 3514 clericorum
479 3455 748 3538 ephebeis
767 3502 783 3531 a
817 3457 882 3516 in
906 3456 1114 3539 quibus
1137 3457 1370 3521 brevior
1409 3483 1584 3520 usura
1620 3465 1899 3545 temporis
1934 3465 2009 3525 ad
2046 3466 2215 3527 theo-

107 3572 275 3653 logiae
313 3576 661 3637 curriculum
691 3577 1115 3642 absolvendum
1138 3602 1245 3661 pro
1283 3599 1385 3642 sua
1417 3582 1740 3646 studiorum
1772 3587 1995 3648 ratione
2021 3609 2218 3649 conce-

107 3695 265 3755 ditur
286 3744 302 3773 ,
345 3697 516 3758 simul
541 3721 606 3762 ac
625 3700 872 3763 alterum
908 3691 1266 3766 tractationis
1290 3704 1461 3784 hujus
1503 3706 1783 3773 volumen
1822 3708 2039 3791 publici
2071 3713 2216 3789 juris
