2514 4218
239 199 360 260 532
844 218 1050 258 macr.
1096 221 1167 257 ms
1212 220 1359 259 Locis
1403 221 1779 261 rnnozoercm.

284 362 355 422 »7
362 361 460 422 87.
507 359 596 421 Ad
630 359 740 435 lem,
777 360 935 420 Dist.
981 363 1258 444 Ineptum
1295 384 1417 424 esse
1438 363 1726 442 judicavit
1759 367 1975 428 sentire
2006 379 2066 428 et
2092 391 2362 452 promere

236 459 378 518 duas
405 455 772 539 operationes
787 501 803 524 ,
834 456 894 514 in
919 456 1125 516 ordine
1148 457 1225 516 ad
1249 457 1532 519 vocabula
1562 469 1621 519 et
1640 460 2116 541 praedicationem
2131 511 2147 541 ,
2168 488 2360 536 comm

235 556 298 614 in
324 554 532 614 ordine
554 552 631 612 ad
662 553 970 614 veritatem
993 552 1363 631 catholicam,
1391 576 1524 635 neq.
1546 556 1779 616 Etenim
1813 564 2364 645 praeterquamquod

233 654 527 710 incertum
551 659 676 723 est,
718 659 920 707 utrum
948 670 1064 710 vox
1097 654 1349 722 sentire,
1388 670 1515 731 quae
1540 671 1612 710 ex
1642 653 1910 713 versione
1931 676 2110 737 graeca
2133 658 2362 720 reddita

232 758 363 821 est«,
408 745 764 828 reperiretur
799 744 862 802 in
903 743 1171 823 originali
1205 744 1427 821 latin0,
1459 745 1617 828 quod
1641 748 1814 828 periit
1835 792 1854 825 ,
1892 760 2057 831 patet
2079 772 2152 811 ex
2189 773 2360 836 scopo

203 890 208 894 -
232 843 475 903 Hononii
500 839 879 901 conciliandae
903 841 1061 923 pacis
1091 842 1700 924 persuppressionem
1724 842 2144 906 vocabulorum
2170 836 2364 910 unius

229 939 326 1000 vel
355 940 620 1020 duplicis
647 937 999 1019 operationis
1019 982 1036 1005 ,
1066 936 1231 996 illam
1261 959 1383 996 non
1406 938 1483 997 ad
1511 959 1639 997 rem
1671 939 1892 1021 ipsam,
1918 941 2031 1001 sed
2069 941 2145 1001 ad
2183 965 2362 1005 voca-

226 1035 364 1095 bula
393 1035 569 1118 plane
595 1034 820 1094 referri.
847 1035 1067 1113 Dogma
1100 1033 1262 1093 enim
1294 1033 1644 1092 catholicum
1674 1034 1747 1094 de
1776 1034 1993 1118 duplici
2024 1039 2362 1120 operatione

226 1132 591 1216 apertissime
632 1132 963 1215 professum
993 1151 1118 1191 esse
1156 1130 1487 1189 Honorium
1522 1128 1888 1191 ostendimus
1913 1157 1938 1206 ς
1975 1132 2361 1214 quamobrem

225 1230 327 1311 qui
362 1229 483 1289 fieri
514 1228 811 1310 potuerit,
855 1238 923 1286 ut
948 1226 1074 1308 ipse
1107 1247 1269 1285 nunc
1299 1226 1571 1308 ineptum
1594 1226 1901 1287 -censuerit
1926 1231 2146 1288 tenure
2176 1251 2360 1291 unam

222 1334 325 1384 aut
360 1324 655 1407 duplicem
699 1345 824 1384 esse
856 1322 921 1382 in
961 1321 1194 1382 Christo
1230 1320 1636 1402 operationem
1670 1320 1803 1401 (l)?

279 1420 444 1481 «788.
493 1420 584 1480 Ad
614 1420 740 1495 .5¹¹¹,
789 1421 952 1480 Dist.
1010 1417 1214 1490 Quoad
1266 1415 1693 1476 oeconomicum
1749 1415 2048 1479 silentium
2074 1464 2092 1495 ,
2152 1440 2360 1494 oona:

218 1517 415 1598 quoad
449 1515 781 1576 haereticam
820 1514 1057 1573 illorum
1104 1523 1405 1585 mentem,
1453 1531 1583 1590 neq.
1630 1512 1707 1571 Ut
1742 1511 1930 1595 liquet
1972 1536 2044 1575 ex
2090 1516 2260 1578 dictis
2295 1531 2358 1581 et

219 1634 291 1672 ex
330 1624 456 1672 toto
497 1621 775 1671 contextu
798 1655 814 1685 ,
833 1614 1018 1687 ‘cujus
1050 1606 1279 1690 prolata
1313 1603 1496 1668 verba
1529 1609 1853 1669 necessario
1885 1609 2148 1672 inferunt
2176 1614 2358 1676 silen-

218 1709 371 1767 tium
411 1708 695 1767 hactenus
731 1703 1239 1764 commendatum.
2366 1762 2368 1764 v

299 1804 335 1862 7
343 1803 444 1862 89.
494 1801 585 1861 Ad
644 1802 752 1876 6¹¹¹,
800 1802 959 1861 Dist.
1007 1798 1204 1859 Unam
1256 1797 1549 1859 adstruxit
1595 1800 1660 1859 in
1708 1798 1940 1860 Christo
1989 1803 2355 1867 voluntatem

215 1901 596 1969 humanam,
643 1896 719 1956 ad
749 1894 1163 1956 exclusionem
1206 1916 1420 1977 pugnae
1465 1894 1625 1956 inter
1662 1916 1900 1956 carnem
1938 1908 1998 1957 et
2039 1900 2352 1982 spiritum,

213 2014 407 2064 conc.‚·
438 1992 703 2055 divinam
729 2003 788 2052 et
819 1991 1143 2051 humanam
1165 2036 1181 2066 ,
1222 2012 1324 2051 seu
1362 1991 1982 2065 divino-humanam,
2008 2016 2138 2074 neq.
2171 1995 2356 2078 quue

214 2101 445 2150 constat
471 2091 535 2148 1⁰
564 2110 636 2149 ex
662 2087 857 2149 verbis
880 2085 1729 2169 immediateinsequentibus3
1764 2087 1957 2169 pergit
1983 2088 2143 2148 enim
2159 2091 2357 2151 Hono-

185 2186 335 2244 rius
373 2208 387 2244 :
438 2187 601 2266 Quia
630 2188 899 2265 profecto
926 2207 976 2243 a
1012 2185 1336 2243 divinitate
1374 2194 1688 2262 assumpta
1722 2194 1808 2243 est
1840 2195 2047 2244 nostra
2085 2197 2353 2262 natura,

214 2302 339 2340 non
377 2283 597 2361 culpa,
639 2282 749 2340 illa
781 2283 1084 2360 profecto,
1126 2301 1262 2361 quoe
1303 2290 1441 2338 ante
1472 2289 1791 2357 peccatum
1835 2292 2039 2340 creata
2077 2293 2192 2355 est,
2237 2304 2353 2343 non

211 2399 348 2457 quoe
366 2379 1088 2457 postproevaricatz'onem
1118 2379 1405 2436 vitiata...
1438 2375 1612 2435 Nam
1639 2376 1738 2434 Iex
1763 2378 1892 2434 alia
1924 2379 1995 2435 in
2027 2379 2315 2438 memhris
2327 2421 2351 2451 ,

212 2484 326 2533 auc
357 2474 627 2532 voluntas
655 2475 891 2531 diversa
925 2492 1045 2532 non
1073 2476 1232 2548 fuit,
1260 2474 1351 2531 vel
1376 2476 1690 2532 contraria
1716 2473 2023 2533 Salvatori
2048 2473 2159 2555 (2).
2190 2474 2350 2534 Con-

211 2579 329 2627 stat
362 2568 432 2626 20
469 2590 542 2628 ex
573 2567 1042 2651 locupletissimis
1070 2566 1315 2628 testibus
1338 2613 1355 2642 ,
1387 2569 1630 2628 -Joanne
1660 2566 1909 2644 abbate,
1949 2569 2051 2651 qui
2083 2582 2208 2629 erat
2235 2572 2350 2630 Ho-

211 2665 380 2724 norio
409 2686 443 2724 a
467 2665 703 2725 secretis
724 2669 1011 2746 ,ejusque
1038 2665 1283 2724 nomine
1307 2663 1618 2746 epistolam
1645 2665 1940 2739 exaravit3
1970 2666 2007 2724 J
2010 2687 2200 2726 oanne
2234 2667 2309 2726 IV
2327 2711 2346 2744 ‚
2404 2663 2405 2668 '

212 2761 457 2820 Honorii
493 2759 569 2820 ab
602 2761 745 2819 anni
772 2759 1021 2820 dimidio
1054 2781 1411 2836 successore,
1456 2761 1519 2818 in
1549 2758 1813 2842 apologia
1834 2802 1850 2835 ,
1894 2781 1959 2820 ac
2005 2763 2061 2821 S.
2093 2762 2347 2823 Maximo

210 2869 499 2940 martyre,
537 2868 668 2917 tum
693 2857 766 2917 ”in
806 2856 1204 2940 disputatione
1236 2877 1371 2916 cum
1415 2855 1642 2939 Pyrrho
1666 2901 1684 2932 ,
1717 2857 1955 2917 'tumin
1992 2858 2238 2942 epistola
2268 2858 2347 2919 ad

210 2952 504 3012 Marinum
529 2952 652 3034 (3).
1180 3003 1185 3006 «
1808 2949 1851 2973 ’“

270 3048 435 3108 790.
486 3049 575 3110 Ad
599 3050 709 3123 7¹¹¹,
725 3051 895 3111 Dist.
918 3051 964 3110 F
967 3049 1259 3111 ormulam
1280 3049 1623 3110 catholicam
1646 3060 1706 3110 et
1725 3051 1932 3110 Leonis
1957 3050 2134 3113 verba
2165 3050 2343 3110 etiam

208 3144 513 3224 usurpavit
545 3146 775 3226 Sergius
833 3145 910 3205 ad
935 3145 1157 3206 facilius
1195 3142 1609 3228 decipiendum
1639 3147 1966 3206 Honorium
1985 3191 2001 3222 ,
2035 3166 2241 3213 conc.,·
2272 3167 2342 3205 eo

194 3238 373 3321 >quod
401 3239 681 3302 catholice
714 3243 995 3318 sentiret,
1027 3264 1157 3323 neq.
1197 3242 1355 3303 Nihil
1386 3264 1561 3324 porro
1594 3254 1682 3303 est
1706 3242 1866 3327 quod
1898 3240 2079 3321 magis
2106 3253 2355 3302 excuset*

253 3487 345 3554 .(-1)
378 3487 484 3541 Cfr.
513 3489 833 3540 Ballerin.De
846 3491 900 3541 vi
912 3499 956 3540 et
970 3492 1227 3558 ranprim.
1379 3489 1448 3555 (3)
1483 3488 1584 3539 cfr.
1626 3503 1733 3555 quae
1790 3486 2061 3555 scripsimus
2097 3490 2151 3540 in
2191 3499 2328 3541 tract.

209 3587 314 3635 cap.
347 3569 443 3633 -15,
474 3570 594 3640 §-9‚
626 3588 762 3630 num.
797 3572 894 3634 35,
926 3575 976 3623 in
1002 3582 1105 3628 not.
1134 3575 1224 3637 (1).
1309 3571 1382 3623 De
1408 3572 1666 3620 Incarnat.
1694 3580 1811 3636 part.
1835 3586 1897 3632 11,
1923 3590 2025 3637 cap.
2058 3572 2088 3621 3
2108 3608 2122 3632 ,
2153 3582 2242 3623 art.
2264 3570 2327 3636 4,

279 3651 342 3715 (2)
382 3652 520 3719 Apud
546 3654 694 3708 Hard.
720 3655 811 3706 loc.
839 3658 920 3707 cit.
951 3657 1040 3707 col.
1067 3657 1221 3724 1319,
1308 3672 1359 3706 n.
1390 3651 1490 3718 484
1506 3662 1553 3703 et
1583 3671 1709 3719 seqq.
1733 3663 1766 3702 t.
1786 3671 1833 3702 ιν
1851 3691 1864 3714 ,
1886 3672 1932 3718 p.
1954 3652 2080 3714 262,
2110 3673 2204 3727 una
2221 3671 2328 3704 cum

203 3743 252 3782 „tt
285 3733 431 3784 1322.
1307 3738 1587 3787 adnotation.
1617 3754 1719 3803 quae
1746 3737 1858 3786 illuc
1878 3737 2150 3787 referuntur.
