2514 4218
233 132 351 192 490

835 151 1031 189 TRACT.
1078 152 1145 187 DE
1188 151 1341 189 LOCIS
1386 153 1770 193 THEOLOGICIS·

235 300 378 381 quin
405 308 662 380 potestas
689 296 1131 374 jurisdictionis,
1163 317 1277 377 qua
1300 296 1555 378 episcopi
1581 297 1864 359 divinitus
1890 301 2158 360 instructi
2187 317 2364 383 sunt,

234 418 465 456 summo
509 394 768 454 Ecclesiae
813 394 1056 454 Primati
1089 394 1167 452 ita
1206 414 1278 452 ex
1325 392 1531 453 eadem
1570 393 1771 455 divina
1808 395 2185 479 dispositione
2218 399 2365 459 sub-

226 492 482 570 Jiciatur7
509 503 575 550 ut
597 491 694 551 ille
715 492 895 573 possit
919 512 1026 571 pro
1048 488 1311 549 Ecclesiae
1341 488 1496 549 bono
1525 495 1649 569 ejus
1675 492 2016 553 exercitium
2044 495 2332 556 moderari
2343 543 2358 572 7

234 589 610 662 imminuere,
652 598 752 645 aut
783 587 960 646 etiam
999 588 1241 644 omnino
1282 585 1484 645 tollere
1516 586 1627 665 (l).
1664 588 1919 646 Tantum
1958 589 2133 667 igitur
2163 591 2361 667 abest,

235 689 302 744 ut
346 683 724 767 perturbetur
756 682 900 743 ordo
936 705 966 740 a
1010 681 1242 741 Christo
1287 683 1591 741 institutus
1629 703 1738 764 per
1778 684 2169 764 primatialem
2208 690 2364 747 Pon-

235 782 401 840 tificis
435 780 839 839 auctoritatem
864 825 879 852 „
925 790 992 836 ut
1030 778 1223 860 potius
1271 777 1522 837 maxime
1568 791 1969 840 conservetur.

317 876 456 936 714.
508 875 592 934 Ad
640 876 752 948 211¹„
797 877 954 935 Dist.
1008 876 1091 933 Ita
1141 885 1340 934 tamen
1386 886 1453 933 ut
1493 875 1792 957 primitiva
1835 875 2081 937 Ecclesia
2126 901 2248 937 non
2294 881 2370 937 sit

238 972 527 1033 exclusive
570 974 740 1031 unica
786 993 994 1030 norma
1040 970 1428 1030 distinctionis
1465 972 1723 1049 jurium,
1770 970 1844 1031 de
1884 972 2093 1054 quibus
2141 975 2379 1054 agitur5

237 1092 428 1138 eone.‚·
446 1091 606 1129 secus
628 1116 643 1139 ,
672 1091 800 1150 neq.
831 1070 1110 1127 Fatentur
1139 1066 1455 1129 adversarii
1483 1068 1616 1150 ipsi,
1644 1069 1876 1150 praxim
1910 1079 1970 1128 et
2000 1092 2170 1129 usum
2194 1070 2365 1131 alicu-

230 1172 324 1246 jus
353 1168 500 1244 juris
548 1165 742 1248 quoad
782 1163 1021 1246 aliquod
1068 1163 1380 1223 definitum
1423 1175 1658 1246 tempus
1711 1188 1832 1223 non
1881 1188 2050 1247 posse
2098 1189 2373 1226 normam

237 1262 518 1322 invehere
550 1261 698 1340 juris
742 1261 979 1339 alicujus
1025 1261 1147 1319 sive
1183 1259 1493 1320 adserendi
1539 1262 1660 1321 sive
1720 1263 1994 1342 negandi.
2032 1264 2177 1323 Fieri
2208 1265 2381 1324 enim'

238 1369 463 1438 potest,
501 1370 567 1416 ut
599 1357 761 1416 nulla
797 1378 921 1416 sese
950 1356 1230 1415 obtulerit
1281 1378 1387 1439 per
1434 1356 1495 1416 id
1533 1360 1815 1440 temporis
1857 1360 2076 1419 occasio
2118 1371 2219 1420 aut
2262 1383 2372 1420 ne-

240 1455 472 1514 cessitas
505 1452 661 1513 illius
709 1453 1247 1535 exercendi7quin
1294 1464 1604 1535 propterea
1651 1453 1864 1514 debeat
1906 1468 2005 1514 aut
2051 1457 2236 1538 possit
2275 1462 2371 1536 jus

241 1552 471 1633 ipsum,
532 1549 689 1633 quod
743 1549 913 1609 alicui
966 1549 1261 1621 inhaeret,
1312 1548 1508 1609 avelli.
1566 1550 1831 1610 Profecto
1883 1551 2132 1611 Ecclesia
2183 1548 2372 1612 tribus

242 1645 534 1728 prioribus
574 1646 813 1719 seculiS,
856 1645 1261 1727 persecutione
1300 1645 1613 1720 saeviente,
1656 1646 1929 1728 nequivit
1964 1647 2062 1706 illa
2101 1669 2369 1708 exercere

240 1745 369 1820 jura
393 1787 408 1816 ‚
453 1764 582 1823 quae
625 1753 824 1824 postea
846 1787 863 1818 ‚
900 1763 1168 1800 concessa
1204 1762 1382 1822 pace,
1423 1753 1585 1800 tanta
1621 1763 1752 1801 cum
1789 1747 2093 1822 maJ'estate
2118 1745 2374 1803 exercuit

242 1838 363 1900 sive
413 1840 475 1896 in
523 1837 913 1897 Conciliorum
955 1838 1449 1898 oecumenicorum
1496 1836 1927 1914 celebratione,
1981 1842 2103 1899 sive
2139 1840 2196 1899 in
2227 1861 2372 1899 san-

246 1933 463 1995 ciendis
489 1934 746 2014 legibuS‚
771 1935 893 1995 sive
924 1935 986 1992 in
1014 1932 1279 2016 pluribus
1305 1933 1465 2008 aliis3
1497 1934 1653 1994 idem
1682 1933 1776 1993 die
1799 1934 1871 1994 de
1894 1957 2043 1994 rom.
2075 1935 2374 1994 Pontifice.

248 2033 564 2112 Perperam
599 2053 773 2113 porro
809 2031 1097 2112 quispiam
1126 2029 1263 2089 inde
1290 2031 1568 2107 inferret,
1590 2034 1746 2108 jura,
1773 2052 1903 2112 quae
1927 2030 2175 2091 Ecclesia
2200 2030 2373 2089 simul

252 2136 486 2210 sumpta
535 2149 668 2186 cum
715 2150 818 2187 suo
865 2129 1053 2210 capite
1081 2175 1097 2203 .,
1141 2139 1242 2187 aut
1285 2150 1433 2188 rom.
1482 2129 1748 2188 Pontifex
1793 2149 2054 2189 seorsum
2100 2150 2377 2189 exercue-

251 2345 469 2407 Charlas,
489 2356 576 2394 etc.
596 2357 759 2411 praeter
770 2344 1107 2395 Bellarminum
1123 2385 1136 2407 ‚
1155 2345 1270 2396 Sua-

252 2430 427 2477 rezium
444 2467 457 2489 ‚
496 2428 668 2493 Vargas
691 2468 704 2489 ‚
741 2429 1011 2495 Fagnanum
1030 2468 1042 2489 ‚
1069 2447 1269 2496 quorum

1356 2350 1480 2396 zium
1501 2365 1516 2411 3
1535 2349 1620 2397 cfr.
1651 2348 1892 2410 Zaccaria,
1925 2350 2015 2397 loc.
2043 2351 2123 2399 cit.
2155 2347 2382 2415 Quamvis

1356 2434 1550 2497 quaestio
1585 2433 1684 2480 haec
1722 2450 1902 2480 summa
1937 2435 2231 2482 contentione
2258 2434 2379 2480 inter

250 2513 347 2561 loca
363 2513 574 2578 cfr.apud
590 2513 822 2573 Zaccaria,
842 2516 892 2561 in
905 2513 1268 2578 Antisebronio‚

250 2605 364 2642 tom.
398 2611 461 2654 11,
496 2595 609 2643 diss.
641 2613 701 2653 n,
728 2613 828 2661 cap.
860 2593 924 2654 6,
956 2607 1000 2645 et
1029 2597 1153 2662 apud
1184 2597 1272 2646 Be-

250 2680 487 2728 nedictum
503 2679 614 2726 XIV
629 2717 642 2738 ‚
662 2677 744 2726 De
770 2681 948 2744 synodo
963 2680 1104 2728 dioec.
1123 2681 1202 2728 lib.
1223 2694 1238 2729 ἰ
1256 2719 1269 2740 ‚

251 2777 352 2826 cap.
384 2759 441 2823 4,
463 2780 513 2810 n.
542 2777 570 2809 2
587 2800 601 2823 ‚
632 2761 714 2810 ubi
748 2763 939 2811 scribit:
962 2763 1096 2810 Licet
1112 2771 1271 2810 autem

257 2861 419 2891 eorum
447 2847 612 2910 opinio
624 2883 637 2901 ,
655 2847 742 2911 qui
757 2848 902 2894 etiam
927 2846 1054 2894 hanc
1064 2855 1274 2913 potesta-

254 2933 343 2973 tem
356 2928 741 2993 (jurisdictionis)
752 2929 1025 2978 immediate
1037 2948 1068 2978 a
1082 2929 1273 2979 Christo

254 3010 375 3056 oriri
416 3021 730 3077 propuqnant
747 3047 763 3069 ,
814 3012 995 3061 validis
1034 3013 1275 3078 fulciatur

253 3096 582 3156 arqurnenti35
608 3094 934 3144 nihilominus
960 3105 1118 3144 tamen
1138 3105 1182 3144 et
1195 3114 1274 3145 ra-

253 3176 382 3223 tioni
408 3184 451 3223 et
486 3180 761 3227 auctoritati
777 3181 1068 3244 conformior
1084 3181 1276 3229 videtur

254 3260 488 3305 sententia
516 3264 748 3324 opposita.
784 3263 1067 3312 Sententiam
1099 3265 1156 3312 de
1177 3268 1273 3311 im-

255 3341 454 3389 mediata
503 3340 833 3408 Episcoporum
884 3345 1205 3411 jurisdictione
1247 3366 1272 3396 a

254 3422 432 3470 Christo
454 3426 667 3471 omnium
703 3430 877 3490 primus
908 3431 1083 3476 invexit
1102 3428 1268 3477 Franc-

1355 2513 1510 2563 Patres
1558 2515 1855 2564 Tridentinos
1908 2518 2072 2581 agitata
2118 2516 2252 2564 fuerit
2269 2552 2284 2575 ,
2325 2524 2380 2561 ut

1355 2609 1532 2647 constat
1547 2615 1604 2648 ex
1619 2597 1756 2647 Card.
1771 2599 2061 2660 pallavicini,
2076 2597 2212 2647 Hine.
2230 2597 2384 2647 Cone.

1366 2680 1514 2729 Trid.
1540 2681 1629 2731 lib.
1661 2698 1802 2739 xvm,
1833 2699 1936 2746 cap.
1976 2679 2064 2744 14,
2093 2692 2140 2731 et
2160 2681 2250 2729 lib.
2272 2684 2377 2740 xxi,

1356 2781 1460 2830 cap.
1485 2780 1533 2811 ιι
1556 2774 1601 2812 et
1625 2780 1640 2811 1
1654 2765 1682 2813 3
1699 2803 1711 2824 ‚
1729 2765 1846 2812 nihil
1862 2776 2019 2814 tamen
2033 2764 2278 2814 definitum
2293 2773 2379 2812 est.

1425 2847 1487 2911 (1)
1525 2846 1621 2894 Cfr.
1643 2847 1822 2897 Bened.
1844 2865 1950 2907 xiv,
1975 2866 2050 2913 op.
2080 2851 2159 2897 cit.
2179 2846 2264 2897 lib.
2283 2861 2345 2893 vn
2361 2882 2375 2905 ,

1356 2947 1460 2994 cap.
1489 2928 1521 2978 8
1538 2969 1550 2991 ‚
1575 2949 1626 2981 n.
1652 2947 1680 2994 7
1697 2968 1710 2992 ‚
1744 2934 1825 2997 qui
1853 2932 1950 2980 haec
1974 2934 2025 2979 in
2050 2948 2146 2979 rem
2166 2936 2376 2976 nostram

1355 3013 1497 3062 habet
1525 3031 1539 3062 τ
1569 3012 1923 3079 Episcoporum
1944 3011 2235 3079 jurisdictio
2274 3012 2374 3057 sive

1357 3098 1422 3143 sit
1436 3096 1710 3144 immediate
1728 3113 1759 3144 a
1776 3096 1967 3144 Christo
1979 3130 1994 3154 ‚
2018 3096 2121 3142 sive
2139 3110 2169 3141 a
2186 3108 2377 3139 summo

1359 3178 1603 3243 Pontifice
1621 3216 1634 3239 ‚
1656 3180 1722 3227 ita
1746 3193 1932 3243 semper
1944 3176 2059 3224 huic
2082 3176 2241 3224 subest
2258 3212 2271 3234 ,
2293 3182 2348 3222 ut
2364 3211 2377 3234 ,

1359 3261 1766 3310 consentientibus
1812 3258 2037 3308 omnihus
2087 3256 2335 3306 catholicis
2357 3292 2373 3316 ,

1360 3348 1465 3410 ejus
1497 3344 1779 3393 auctoritate
1814 3349 1860 3388 et
1896 3340 2098 3406 imperio
2135 3339 2377 3396 limitari,

1358 3434 1501 3490 atque
1533 3440 1592 3473 em
1624 3423 1839 3487 leqitima
1873 3439 2021 3471 causa
2059 3423 2255 3470 omnino
2292 3436 2382 3467 au-

255 3504 455 3555 Victoria
488 3506 603 3555 Ord.
640 3506 787 3558 Praed.
829 3523 872 3560 et
915 3512 1272 3578 adstipulatores
1353 3509 1480 3574 ferri
1524 3508 1697 3572 ponit·
1742 3506 1839 3555 Csr'·
1891 3509 2028 3555 eliam
2087 3502 2379 3560 Muzzal'flllis

254 3587 419 3637 habuit
438 3590 592 3654 plures
612 3591 828 3657 hispanos
848 3631 860 3652 ‚
888 3605 1023 3661 atque
1049 3599 1178 3644 inter
1199 3612 1273 3643 ce-

258 3679 376 3720 teros
406 3672 694 3738 Alpbonsum
717 3674 773 3723 de
802 3674 966 3723 Castro
995 3687 1040 3724 et
1069 3677 1280 3743 Vasque-

1360 3591 1469 3639 diss.
1482 3608 1529 3637 iv
1543 3591 1771 3650 cit.,inter
1782 3590 2000 3655 opuscula
2018 3590 2158 3650 varia,
2179 3581 2383 3653 pag.358

1370 3685 1413 3723 et
1440 3691 1563 3739 seqq.
