2514 4218
303 230 380 290 68
473 243 477 245 *
889 248 1083 289 ruer.
1134 248 1200 283 nn
1246 246 1394 285 mers
1437 250 1816 292 rnnonoercis.

391 390 526 448 115.
579 389 663 449 Ad
691 391 776 449 2¹¹¹
799 436 815 465 7
849 395 1000 449 Dz'st.
1043 387 1191 464 Quia
1221 389 1594 469 propositum
1624 394 1975 454 Tridentinis
2009 395 2116 453 fuit
2153 416 2249 454 eos
2281 417 2411 474 gra-

305 486 732 546 dusrecensere
752 531 767 557 ,
799 485 898 566 qui
922 505 993 542 ex
1014 482 1215 543 divina
1240 483 1608 545 ordinatione
1629 489 2042 564 jurisdictionis
2069 489 2413 550 fundamen·

304 594 429 641 tum
465 603 529 641 ac
565 580 750 639 basim
787 578 1185 653 constituunt,
1225 600 1383 638 conc.
1404 601 1425 647 ,·
1463 579 1538 638 ad
1575 580 1933 664 reliquorum
1968 585 2360 644 exclusionem
2389 630 2405 660 ‚

302 700 431 758 neq.
459 677 686 736 Etenim
718 673 821 732 soli
853 673 1122 732 recensiti
1160 673 1370 753 gradus
1394 687 1563 751 sunt,
1599 677 1700 758 qui
1729 698 1800 737 ex
1824 678 2023 741 divina
2046 681 2412 751 institutione

305 774 427 835 vim
457 771 725 831 tribuunt
759 768 1096 828 exercendae
1133 771 1438 851 potestatis
1477 773 1539 830 in
1577 771 1905 833 Ecclesiam.
1951 776 2416 835 patriarcharum

303 890 479 952 porro
516 912 530 940 ‚
569 863 1148 946 Archiepiscoporum
1197 864 1561 949 aliorumque
1619 868 1933 949 praesidum
1990 870 2302 949 dignitates
2357 882 2416 930 et

303 963 486 1023 officia
532 961 796 1018 omnium
826 980 1110 1019 consensu
1156 959 1229 1019 ab
1265 961 1640 1022 ecclesiastica
1676 974 1911 1022 tantum
1945 964 2309 1024 institutione
2333 964 2415 1024 di-

300 1066 546 1116 manant
574 1101 589 1129 ,
622 1066 682 1114 et
718 1054 934 1115 divinae
978 1055 1062 1114 illi
1111 1054 1463 1116 ordinationi
1491 1058 1849 1117 innituntur.
1899 1060 2176 1132 Quamvis
2220 1072 2417 1119 autem

305 1151 553 1211 Romani
569 1149 859 1209 Pontificis
882 1151 1168 1232 primatus
1181 1149 1460 1211 divinitus
1482 1153 1784 1212 institutus
1799 1154 1894 1229 sit,
1916 1153 2200 1214 Ordinem
2218 1167 2418 1214 tamen

300 1247 543 1307 minime
582 1245 918 1320 constituit3
964 1267 1144 1328 quare
1179 1257 1374 1328 patres
1403 1247 1726 1308 Tridentini
1755 1249 1829 1308 de
1865 1271 1931 1308 eo
1968 1250 2030 1307 in
2058 1250 2157 1309 cit.
2196 1271 2417 1310 canone

299 1341 529 1402 nullam
571 1341 936 1401 mentionem
977 1342 1278 1418 fecerunt,
1329 1344 1465 1425 quia
1489 1365 1678 1427 ‘mens
1718 1345 1856 1426 ipsis
1900 1346 2008 1404 fuit
2048 1367 2146 1405 eos
2185 1356 2417 1405 tantum

299 1437 510 1520 gradus
548 1457 1033 1514 commemorare,
1068 1438 1170 1521 qui
1198 1439 1472 1521 peculiari
1501 1441 1619 1501 ritu
1646 1441 1929 1507 divinitus
1959 1442 2236 1502 instituto
2273 1463 2415 1502 con-

299 1535 569 1596 feruntur
595 1533 706 1615 (1).

1119 1719 1503 1775 ARTICULUS
1545 1722 1639 1774 111.

422 1884 511 1944 De
533 1894 745 1943 mutuo
768 1887 932 1942 inter
951 1881 1234 1942 Ecclesioe
1258 1885 1539 1940 animam
1581 1891 1635 1939 et
1667 1901 1885 1961 eorpus
1923 1885 2288 1941 commercio.

388 2035 524 2093 116.
576 2035 723 2093 Cum
766 2055 839 2092 ex
871 2033 1151 2092 hactenus
1185 2032 1514 2091 constitutis
1562 2052 1626 2090 ac
1661 2030 1999 2106 vindicatis,
2039 2042 2268 2092 constet
2308 2032 2421 2091 Ec-

303 2130 534 2189 clesiam
566 2129 746 2190 veluti
782 2128 1112 2187 humanum
1138 2126 1542 2202 individuum,
1587 2138 1687 2186 aut
1723 2127 1901 2186 etiam
1945 2127 2020 2186 ad
2054 2128 2238 2195 instar
2270 2149 2416 2208 quo-

304 2224 619 2284 dammodo
642 2224 1047 2306 Christiipsius
1063 2224 1237 2283 fuisse
1259 2223 1611 2298 institutam,
1637 2234 1703 2281 ut
1724 2226 1847 2303 ejus
1869 2244 2182 2305 personam
2203 2222 2419 2301 jugiter

302 2326 364 2380 in
397 2322 565 2380 terris
594 2319 880 2381 visibilem
903 2319 1147 2379 referret
1166 2365 1182 2393 .,
1220 2320 1412 2377 anima
1437 2318 1684 2400 proinde
1712 2329 1770 2377 et
1796 2338 2034 2398 corpore
2069 2316 2376 2400 praeditam
2397 2362 2414 2389 ,

302 2417 598 2498 sequitur,
629 2427 901 2473 mutuum
928 2413 1141 2473 debere
1158 2412 1519 2473 intercedere
1538 2413 1950 2472 commercium
1970 2414 2125 2472 inter
2159 2411 2418 2491 ejusdem

301 2512 561 2570 animam
598 2521 661 2570 et'
689 2530 933 2591 corpus,
959 2531 1031 2568 ex
1059 2531 1175 2590 quo
1196 2510 1317 2569 vita
1342 2509 1563 2590 pendet
1596 2519 1655 2569 et
1678 2510 1848 2569 acti0.

381 2606 524 2664 117.
572 2606 691 2664 Nec
718 2605 873 2664 enim
919 2601 1163 2663 Ecclesia
1194 2605 1380 2662 instar
1411 2604 1704 2665 cadaveris
1741 2615 1828 2662 est
1867 2604 1991 2663 sine
2035 2604 2152 2664 vita
2194 2623 2258 2661 ac
2295 2602 2418 2663 sine

303 2711 504 2774 motu,
548 2697 653 2759 sed
685 2699 818 2759 viva
849 2709 936 2757 est
969 2709 1027 2756 et
1057 2719 1324 2779 operans.
1365 2698 1550 2778 Atque
1591 2709 1655 2755 ut
1692 2718 1888 2779 presse
1923 2697 2244 2778 analogiam
2281 2719 2419 2780 pro-

302 2817 615 2879 sequamur
644 2841 659 2870 ,
700 2792 1196 2877 quemadmodum
1230 2794 1307 2853 ad
1341 2793 1519 2855 vitam
1555 2791 2026 2852 constituendam
2051 2803 2261 2875 praeter
2289 2794 2417 2852 ani-

374 3019 440 3082 (l)
480 3018 642 3067 Praeter
667 3026 875 3066 auctores
903 3018 999 3064 citt.
1028 3015 1114 3064 cfr.
1147 3015 1205 3063 de
1224 3015 1312 3062 hoc
1391 3011 1478 3062 lib.
1495 3029 1543 3073 ¹3
1570 3012 1871 3069 Mamaehius‚
1888 3031 1965 3079 op.
1986 3014 2236 3073 cit.lib.1v‚
2253 3016 2415 3079 cap.3,

305 3111 577 3165 argumento
609 3102 751 3149 etiam
782 3098 942 3147 Petrus
978 3098 1036 3146 de
1075 3096 1229 3146 Mat-ca
1262 3097 1311 3144 in
1399 3094 1479 3143 De
1506 3095 1666 3160 forma
1690 3103 1734 3142 et
1749 3097 1939 3145 ratione
1967 3095 2298 3162 qubernandoe
2316 3095 2419 3144 Ec·

306 3183 484 3231 dissert.
529 3183 605 3230 De
634 3183 918 3230 discrimine
955 3178 1237 3227 clericorum
1271 3187 1313 3226 ec
1396 3177 1548 3225 clesioe
1571 3197 1590 3234 ,·
1644 3180 1872 3242 praeeipue
1916 3195 2025 3227 vero
2070 3178 2303 3226 Zaccarias
2323 3214 2336 3239 ‚
2367 3181 2418 3226 in

304 3264 542 3313 laicorum
569 3281 627 3312 ecc
644 3267 764 3331 jure
787 3263 956 3312 divino
981 3300 995 3322 ‚
1014 3270 1058 3310 et
1081 3261 1137 3309 de
1152 3262 1315 3326 forma
1397 3257 1736 3323 Amifebrom'o
1755 3261 2002 3308 vindicato
2019 3297 2033 3319 ‚
2055 3259 2241 3308 Cesenae
2267 3275 2357 3324 177
2371 3276 2415 3321 1,

302 3348 559 3411 regiminis
598 3363 628 3393 a
670 3346 867 3394 Christo
911 3346 1174 3406 instituta,
1219 3359 1322 3410 quae
1407 3351 1522 3408 part.
1552 3357 1599 3399 ι,
1627 3340 1825 3399 diss.2‚
1862 3339 1932 3389 De
1968 3341 2128 3406 fhrma
2167 3343 2419 3406 reqiminis

306 3431 530 3494 reperitur
555 3430 604 3475 in
623 3428 892 3477 collectione
912 3466 924 3488 ‚
961 3429 1036 3475 cui
1058 3429 1127 3475 tit.
1161 3425 1321 3491 Opus·
1410 3421 1715 3473 ecclesiastici
1734 3440 1766 3471 a
1797 3422 1985 3471 Christo
2015 3423 2233 3472 Domino
2272 3425 2414 3471 insti-

305 3510 416 3560 cula
456 3511 598 3558 Petri
632 3510 688 3558 de
730 3511 907 3559 Marcu
948 3510 1152 3575 archiep.
1189 3508 1319 3556 Pari·
1409 3514 1541 3569 tuta,
1592 3524 1695 3571 pag.
1749 3504 1833 3554 181
1888 3517 1931 3555 et
1988 3522 2116 3573 seqq.
2166 3509 2413 3572 praesertim

304 3597 440 3642 siens.
467 3593 563 3641 vol.
593 3610 609 3641 1
626 3628 649 3653 „
677 3595 726 3640 in
773 3593 806 3640 8
825 3631 836 3650 ‚
869 3611 972 3658 pag.
1007 3607 1069 3657 72
1096 3602 1141 3640 et
1190 3608 1321 3658 seqq.
1405 3608 1507 3656 cap.
1535 3607 1601 3654 2.;
1638 3604 1723 3638 nec
1758 3606 1853 3637 non
1889 3589 2093 3637 Moehler
2118 3627 2133 3650 ,
2172 3587 2410 3653 Symboli-

307 3675 451 3724 Paris.
484 3672 601 3724 1681
632 3691 645 3738 3
677 3675 793 3722 item
825 3673 1188 3734 Thomassinus,
1212 3670 1316 3720 Ve-
1400 3689 1489 3737 que
1509 3709 1524 3737 ,
1569 3683 1684 3722 tom.
1726 3686 1792 3731 11,
1838 3687 1942 3737 cap.
1974 3670 2004 3719 5
2026 3709 2039 3731 ‚
2069 3669 2095 3737 ὃ
2129 3667 2192 3734 43
2214 3707 2227 3729 ,
2260 3668 2331 3719 De
2365 3668 2412 3716 Ia

306 3765 382 3804 tus
409 3766 453 3806 ct
482 3774 606 3806 nova
635 3754 863 3807 Ecclesioe
900 3755 1167 3822 discsplina
1190 3794 1199 3816 ‚
1225 3765 1316 3804 toto
1402 3755 1667 3805 hierarchice
1685 3790 1701 3816 ,
1736 3771 1841 3819 pag.
1870 3751 1929 3802 81
1967 3764 2012 3803 et
2040 3769 2171 3819 seqq.
