2514 4218
2080 150 2200 210 343

413 174 569 212 PART.
613 174 652 210 1.
702 173 851 215 SERT-
896 173 964 210 11.
1011 174 1137 211 GAP.
1186 176 1228 211 1.
1279 174 1348 217 DE
1391 173 1557 211 PETRI
1597 170 1867 209 PnlnA‘rU.

83 317 290 378 Sedem
336 315 515 376 veluti
565 317 829 375 omnium
878 317 1192 376 maximam
1228 362 1245 391 ,
1298 327 1365 375 ut
1410 314 1722 374 Ecclesiam
1763 313 2147 395 principalem
2178 360 2195 390 ,

85 412 459 472 Ecclesiarum
502 411 764 469 omnium
800 421 1082 486 matrem,
1138 410 1518 471 Ecclesiarum
1562 409 1830 468 omnium
1861 411 2201 479 matricem..

83 506 431 588 principium
470 516 529 563 et
580 506 863 585 originem
902 506 1178 580 unitatis,
1231 518 1342 565 etc.
1403 526 1530 587 quae
1576 504 1795 586 pariter
1842 504 2016 584 paulo
2070 517 2202 587 post

84 599 478 659 ostendemus
539 602 692 672 Quas
735 599 973 681 quidem
1017 620 1221 675 omnes
1261 600 1435 678 hujus
1483 599 1743 659 Ecclesiae
1793 601 2202 679 praerogativas

81 695 280 752 Patres
312 715 382 752 ex
410 716 476 752 eo
525 693 804 774 colligunt
833 740 848 768 ,
893 692 1051 774 quod
1095 695 1260 752 Rom.
1301 695 1568 754 Pontifex
1610 694 1686 753 sit
1713 695 1767 753 S.
1797 693 1954 753 Petri
1978 715 2204 754 succes-

80 810 176 846 sor
196 833 211 862 ,
256 789 354 869 qui
383 800 693 870 propterea
714 835 730 864 ,
776 800 841 846 ut
868 808 1232 868 consequens
1260 799 1349 866 est
1370 833 1386 863 s
1434 788 1765 849 debuerunt
1794 789 2115 849 necessario
2137 790 2201 848 in

80 884 249 942 Petro
268 905 443 965 super
456 905 657 944 omnes
670 884 995 965 primatum
1011 881 1248 941 honoris
1263 903 1327 942 ac
1331 905 1355 962 J
1364 883 1750 944 urisdictionis
1765 904 2071 963 agnoscere
2084 884 2195 967 (l).

163 978 301 1038 508.
350 980 430 1037 Ex
470 978 558 1037 his
595 999 768 1060 porro
811 976 992 1058 pleno
1023 974 1190 1036 alveo
1224 975 1356 1036 fluit
1387 980 1560 1047 toti-us
1595 978 1962 1059 antiquitatis
1987 999 2199 1061 perpe·

81 1082 217 1130 tuus
243 1084 301 1131 et
343 1084 620 1131 constans
656 1069 1043 1131 traditionalis
1070 1091 1271 1130 sensus
1298 1072 1447 1130 circa
1477 1072 1799 1154 primatum
1836 1093 1989 1134 verae
2018 1074 2201 1151 juris-

79 1165 346 1225 dictionis
373 1170 539 1226 Petro
566 1187 739 1247 super
774 1164 1078 1247 Apostolos
1103 1166 1551 1247 universamque
1591 1166 1946 1227 Ecclesiama
1971 1167 2199 1228 Christo

80 1259 376 1320 collatum.
406 1262 465 1320 Si
498 1261 646 1320 serio
677 1271 1020 1341 propterea,
1059 1271 1124 1318 ut
1157 1259 1324 1320 decet
1349 1261 1411 1319 in
1437 1282 1502 1320 re
1539 1262 1692 1321 tanti
1715 1263 2034 1338 momenti,
2059 1285 2202 1344 pro·-

82 1357 329 1416 fitentur
363 1355 705 1431 adversarii,
731 1354 1081 1436 quibuscum
1106 1355 1327 1435 agimus
1348 1399 1363 1429 ‚
1394 1376 1455 1415 se
1491 1355 1801 1415 admittere
1839 1377 1904 1416 ac
1931 1359 2195 1417 venerari

77 1451 476 1526 traditionem,
514 1450 812 1509 fateantur
837 1470 1070 1510 necesse
1112 1461 1198 1510 est
1251 1450 1403 1509 hanc
1450 1449 1587 1509 fidei
1622 1452 1966 1525 veritatem,
2005 1474 2187 1534 quam

76 1546 345 1608 universa
381 1544 626 1605 Ecclesia
661 1567 966 1628 nunquam
1010 1567 1131 1604 non
1176 1546 1370 1605 tenuit
1406 1566 1472 1604 ac
1507 1543 1706 1605 docuit
1748 1545 1864 1624 (2).

899 1736 1385 1780 DIFFICULTATES.

154 1877 292 1936 509.
338 1875 469 1954 obj.
516 1877 577 1934 1⁰
603 1876 948 1935 Sanctorum
974 1877 1215 1934 Patrum
1249 1876 1420 1935 effata
1440 1921 1455 1950 .,
1489 1877 1651 1959 queis
1680 1888 1780 1935 aut
1801 1882 2154 1958 principem
2177 1924 2193 1954 ‚

72 1983 172 2032 aut
211 1974 518 2043 verticem,
543 1982 644 2029 aut
658 1982 899 2050 petram
924 1980 979 2028 et
994 1972 1472 2048 fundamentum
1510 1972 1828 2044 Ecclesiae,
1861 1984 1962 2030 aut
1987 1979 2194 2033 ceteris

71 2069 364 2146 Apo-stolis
399 2072 686 2145 majorem
709 2089 780 2126 ao
799 2070 1189 2147 potentiorem
1207 2112 1223 2143 ‚
1249 2066 1476 2149 aliaque
1520 2067 1841 2146 ejusmodi,
1881 2067 2196 2148 quibusilli

73 2163 312 2220 Petrum
347 2161 683 2236 celebrant,
735 2162 881 2220 nihil
932 2163 1166 2243 penitus
1217 2162 1515 2224 evincunt.
1574 2164 1642 2221 2⁰
1689 2163 1985 2242 Ejusmodi
2030 2164 2193 2223 enim

72 2266 266 2315 textus
291 2277 514 2315 meram
536 2255 902 2337 personalem
935 2258 995 2314 S.
1017 2258 1172 2316 Petri
1188 2258 1690 2338 praeeminentiam
1711 2259 1866 2317 inter
1887 2258 2191 2339 Apostolos

71 2362 364 2423 asserunt3
394 2372 508 2431 quo
534 2371 708 2410 sensu
725 2355 857 2428 jure
893 2361 1131 2411 vocatur
1149 2355 1400 2429 primus
1439 2351 1852 2432 Apostolorum
1873 2396 1889 2425 ,
1926 2365 2028 2411 aut
2051 2354 2187 2413 rhe-

71 2445 248 2503 torica
306 2446 483 2504 etiam
529 2444 819 2504 locutione
873 2446 1032 2515 duat,
1079 2457 1299 2524 caput,
1338 2450 1690 2516 summitas,
1717 2451 2037 2526 princepe,
2075 2459 2184 2506 etc.

71 2541 394 2620 nuncupari
423 2540 629 2620 potuit.
665 2539 730 2598 30
765 2541 913 2598 Cum
942 2536 1219 2619 praeterea
1253 2562 1320 2600 ex
1356 2542 1650 2623 Scriptura
1689 2563 1753 2600 ac
1777 2541 2190 2601 traditionibus

141 2757 206 2820 (1)
225 2755 323 2805 Cfr.
341 2756 478 2804 Card.
497 2754 675 2805 Gerdil.
695 2759 743 2804 in
761 2774 839 2821 op.
857 2754 929 2805 De
954 2757 1086 2804 Pon*

72 2838 215 2902 tificii
243 2838 491 2902 primatus
535 2840 819 2885 auctoritate
854 2839 909 2885 in
946 2838 1088 2886 Petri

72 2921 296 2985 cathedra
317 2957 330 2983 ‚
354 2920 580 2969 adversus
610 2921 841 2969 Manilii
870 2924 1088 2969 Menan-

72 3003 209 3051 ἀνίη-ι’
245 3003 488 3051 exitialem
535 3020 742 3051 errorem
768 3041 782 3062 ,
836 3013 925 3051 etc.
974 3021 1082 3069 opp.

75 3084 184 3133 edit.
199 3104 315 3134 rom.
337 3096 452 3134 tom.
469 3101 549 3139 xv,
567 3085 651 3134 ubi
666 3086 950 3151 singulorum
969 3102 1086 3134 rom.

78 3165 354 3217 Pontificum
370 3187 396 3217 a
410 3166 573 3216 Siricio
591 3184 737 3234 usque
761 3169 819 3215 ad
836 3168 1036 3216 Leonem
1059 3185 1087 3214 x

80 3250 339 3298 testimonia
376 3251 552 3316 profert
606 3268 688 3315 pro
734 3247 783 3298 S.
826 3250 946 3298 Petri
996 3251 1090 3315 pri-

82 3339 244 3390 matu3
269 3333 319 3378 in
351 3333 527 3381 volum.
565 3344 716 3381 autem
745 3350 807 3380 xu
831 3343 877 3381 et
912 3349 994 3380 xm
1021 3332 1088 3380 le·

81 3409 239 3473 gitima
274 3423 575 3462 monumenta
621 3415 793 3478 profert
823 3432 847 3461 a
879 3413 928 3462 S.
959 3412 1090 3460 Petro

87 3508 234 3556 usque
268 3493 325 3540 ad
357 3492 591 3543 Siricium.

158 3573 227 3636 (2)
246 3573 327 3622 His
340 3575 503 3623 addere
518 3579 786 3640 potuissem,
806 3578 864 3627 de
879 3572 1095 3643 perpetua

89 3664 134 3702 et
163 3658 388 3704 constanti
427 3656 639 3706 Ecclesiae
681 3659 771 3709 fide
819 3662 938 3709 circa
969 3660 1098 3707 hunc

1170 2756 1416 2806 articulum
1439 2796 1452 2819 ‚
1490 2770 1818 2825 argumentum
1852 2760 2105 2808 deductum
2136 2777 2196 2809 exv

1170 2839 1365 2904 liturgiis
1396 2840 1612 2888 omnibus
1646 2840 1947 2888 orientalibus
1991 2851 2036 2889 et
2070 2843 2189 2889 occi·

1170 2921 1434 2970 dentalibus
1447 2959 1460 2982 ,
1491 2938 1605 2988 quas
1621 2921 1801 2987 collegit
1819 2921 1985 2987 Joseph
1997 2956 2009 2971 .
2027 2921 2187 2988 Aloys.

1171 3000 1449 3051 Assemanus
1474 3005 1523 3050 in
1561 3001 1733 3050 Codice
1768 3000 1989 3066 lviturqioo
2025 3001 2193 3055 Eccle-

1170 3085 1257 3130 sioe
1274 3084 1509 3132 universae
1530 3121 1544 3142 ‚
1564 3085 1620 3130 in
1650 3101 1707 3131 xv
1729 3081 1873 3131 libros
1900 3082 2159 3132 distributo
2177 3121 2191 3143 ‚

1173 3167 1399 3214 volumin.
1432 3183 1508 3225 ix,
1546 3168 1597 3212 in
1631 3162 1664 3227 4
1685 3201 1699 3226 ,
1733 3164 1888 3214 Romae
1924 3163 2070 3233 1749.
2100 3165 2191 3214 Ve-

1171 3266 1278 3296 rum
1297 3249 1354 3296 de
1380 3249 1470 3295 hoc
1494 3249 1663 3295 iterum
1690 3253 1903 3296 recurret
1923 3265 2090 3297 sermo.
2114 3247 2192 3294 In-

1174 3333 1311 3378 terim
1340 3330 1428 3378 cl'r.
1458 3327 1592 3377 Com.
1618 3327 1674 3378 de
1708 3327 1894 3378 Maistre
1915 3331 1966 3377 in
1999 3347 2077 3393 op.
2099 3326 2191 3374 Dw

1176 3411 1349 3476 Pape‚
1383 3411 1461 3458 liv.
1491 3426 1507 3457 1
1534 3446 1548 3470 ,
1582 3409 1717 3475 chap.
1762 3427 1828 3478 9,
1877 3426 1966 3470 103
2006 3424 2189 3457 necnon

1177 3494 1466 3543 Mamachius
1485 3528 1503 3554 ,
1534 3488 1673 3557 Oriq.
1703 3501 1792 3543 etc.
1810 3494 1893 3542 lib.
1910 3510 1975 3552 lv,
1992 3498 2111 3557 part.
2131 3504 2185 3548 Π,

1178 3593 1280 3641 cap.
1321 3591 1375 3635 ι,
1410 3574 1435 3639 §
1466 3573 1528 3635 5,
1559 3592 1610 3622 n.
1647 3571 1696 3621 8.
