2514 4218
251 168 373 227 226
854 182 1053 219 rimor.
1100 181 1168 218 DE
1213 181 1364 218 zoms
1409 184 1790 222 runotoelms.

258 327 599 393 Antichristi
648 325 876 387 cladem
925 334 1127 405 gentes
1162 342 1369 382 omnes
1407 332 1469 382 et
1502 324 1697 384 Judaei
1738 327 1850 410 ipsi
1890 325 2275 387 convertendi
2322 328 2397 387 ad

255 426 554 486 Christum
593 425 749 498 sint,
801 442 999 483 veram
1037 416 1352 477 Ecclesiam
1387 416 1550 477 nulla
1590 424 1816 483 ratione
1855 423 2251 483 internoscere
2277 445 2397 482 am·

252 521 408 604 plius
450 530 689 604 possent
739 517 851 598 (l).
908 513 1180 589 Accedit,
1220 512 1394 594 longe
1435 512 1806 576 verisimilius
1851 518 2031 580 verba
2080 519 2298 579 Christi
2328 520 2398 579 de

244 620 397 699 fidei
410 618 772 698 perfectione
796 612 858 669 in
882 608 1185 693 pluribuS‚
1222 632 1342 669 non
1378 620 1580 670 autem
1604 608 1680 671 de
1711 609 1827 672 fide
1855 612 1979 694 ipsa
2010 614 2276 676 absolute
2298 615 2397 675 de·

251 714 392 775 bere
426 710 673 789 intelligi
706 705 815 790 (2).

1075 886 1471 942 ARTICULUS
1511 839 1599 940 ΙΙ.7
1634 838 1658 849 Ι,

869 1047 962 1107 De
997 1046 1278 1106 Ecclesioe
1315 1047 1789 1126 infallibilitate.

330 1241 469 1301 347.
515 1242 670 1299 Dum
705 1237 948 1299 Ecclesia
986 1237 1237 1299 docendi
1276 1229 1520 1300 munere
1547 1239 1849 1320 fungitur,
1893 1239 2109 1323 triplex
2140 1241 2396 1303 officium

247 1338 595 1420 exequitur,
629 1340 790 1395 testis
825 1333 1043 1395 scilicet
1065 1380 1081 1410 ,
1095 1335 1340 1413 judicis
1373 1347 1434 1395 et
1470 1339 1799 1416 mayistroe.
1832 1336 2020 1396 Testis
2051 1337 2293 1419 quidem
2334 1340 2398 1398 in

247 1432 650 1517 proponendis
677 1431 814 1491 fidei
851 1430 1230 1509 veritatibuS,
1278 1453 1421 1513 quas
1451 1454 1485 1491 a
1527 1432 1763 1491 Christo
1793 1433 2051 1515 accepit3
2086 1433 2300 1512 judicis
2332 1435 2395 1494 in

248 1529 600 1591 dirimendis
640 1528 1090 1604 controversiis7
1130 1547 1258 1609 quae
1303 1528 1399 1587 vel
1429 1527 1608 1588 fidem
1651 1529 1989 1609 attingunt,
2034 1530 2128 1591 vel
2154 1530 2229 1590 ad
2264 1552 2395 1592 eam

246 1628 614 1700 referuntur3
649 1627 945 1706 magistrae
975 1624 1231 1706 denique
1256 1625 1317 1683 in
1346 1625 1670 1685 ministerio
1703 1625 2047 1708 quotidiano
2073 1672 2090 1702 7
2121 1649 2238 1710 quo
2263 1628 2398 1689 viva

250 1745 390 1783 voce
429 1734 487 1782 et
522 1722 690 1805 praxi
731 1721 931 1781 fideles
975 1722 1045 1780 iis
1086 1720 1361 1780 omnibus
1396 1721 1674 1796 instruit,
1711 1743 1839 1804 quae
1872 1722 2010 1803 ipsis
2046 1723 2397 1784 intemerata
2439 1750 2450 1758 “

248 1818 515 1878 doctrina
549 1830 609 1878 et
639 1816 902 1877 moribus
931 1817 1324 1877 informandis
1362 1817 1707 1894 conferunt,
1744 1840 1960 1901 eosque
1999 1818 2183 1881 veluti
2217 1843 2397 1880 manu

247 1915 410 1975 ducit
447 1914 524 1974 ad
557 1926 794 1974 aeternae
822 1913 1024 1973 salutis
1054 1914 1167 1973 iter
1202 1912 1647 1995 capessendum.

327 2011 468 2071 348.
518 2010 606 2070 Ad
660 2009 885 2089 singula
941 2009 1063 2068 haec
1114 2008 1451 2091 praestanda
1505 2008 1806 2069 Christum
1852 2009 2178 2070 Ecclesiam
2228 2032 2396 2071 suam

243 2106 666 2167 infallibilitate
698 2105 1042 2164 instruxisse
1083 2105 1457 2178 contendunt
1502 2104 1829 2178 Catholici,
1883 2106 2222 2164 inficiantur
2263 2127 2397 2165 aca-

243 2203 447 2263 tholici
481 2223 687 2261 omnes
711 2246 728 2278 ,
772 2212 840 2260 ut
873 2201 926 2262 ei
956 2200 1321 2261 substituant
1357 2212 1674 2284 systemata
1711 2200 1807 2263 vel
1848 2201 2088 2283 spiritus
2136 2202 2351 2283 privati
2375 2248 2391 2277 7

246 2298 343 2360 vel
386 2298 680 2358 interioris
711 2296 908 2356 nescio
949 2301 1113 2376 cujus
1155 2297 1383 2357 afflatus
1431 2298 1682 2380 Spiritus
1723 2297 1960 2372 Sancti,
2012 2297 2104 2358 vel
2145 2298 2393 2380 privatae

246 2395 686 2476 Scripturarum
709 2382 1252 2474 interpretationis,
1279 2405 1381 2452 aut
1410 2393 1651 2454 alterius
1675 2391 1932 2477 cujusvis
1963 2394 2229 2470 inventi,
2256 2417 2394 2478 pos-

244 2491 450 2550 tremis
483 2489 808 2571 praesertim
847 2488 1215 2571 temporibus
1247 2490 1556 2573 excogitati
1594 2489 1670 2550 ad
1711 2489 2141 2551 excludendam
2175 2489 2250 2549 ab
2285 2492 2393 2549 Ec-

245 2586 417 2665 clesia
436 2584 871 2643 infallibilitatis
895 2584 1098 2644 dotem
1121 2632 1136 2661 ,
1164 2608 1279 2667 qua
1304 2586 1487 2646 semel
1510 2587 1764 2646 admissa
1785 2631 1802 2661 ,
1829 2587 2056 2646 sectarii
2076 2607 2138 2645 se
2155 2586 2391 2668 penitus

242 2682 567 2743 contritum
604 2681 677 2740 iri
713 2681 1110 2763 persentiunt.

328 2778 471 2839 349.
518 2779 655 2838 Jam
681 2797 822 2839 vero
856 2777 1182 2836 necessaria
1210 2775 1320 2836 hac
1354 2777 1738 2859 praerogativa
1777 2776 1886 2836 sub
1919 2777 2170 2861 triplici,
2211 2800 2390 2862 quem

247 2875 502 2935 diximus
525 2921 541 2951 .,
574 2883 847 2957 respectu
883 2872 1196 2932 Ecclesiam
1224 2895 1253 2932 a
1284 2873 1519 2933 Christo
1555 2874 1904 2934 instructam
1930 2895 2054 2935 esse
2082 2873 2415 2946 ostendere,

242 2971 635 3052 aggredimur.
666 2972 755 3030 Ne
779 2979 979 3029 autem
1004 3013 1021 3042 ‚
1051 2991 1181 3051 quae
1217 2991 1421 3029 sumus
1454 2970 1807 3053 exposituri,
1833 2970 2009 3030 simul
2033 2970 2272 3030 collecta
2299 2970 2390 3031 le-

244 3067 404 3146 genti
448 3066 724 3127 tenebras
765 3064 1079 3125 offundant
1104 3111 1119 3140 ,
1169 3066 1581 3126 constituimus
1623 3067 1919 3146 integram
1960 3066 2117 3124 hanc
2164 3067 2389 3145 gravis-

242 3162 455 3221 simam
510 3163 900 3244 quaestionem
950 3161 1014 3220 in
1061 3161 1204 3221 duas
1254 3163 1462 3244 partiri
1502 3162 1965 3246 propositione5‚
2019 3161 2080 3219 in
2137 3183 2387 3244 quarum

243 3257 427 3317 altera
460 3259 788 3338 generatim
830 3257 1197 3321 vindicemus
1240 3258 1727 3318 infallibilitatem
1765 3256 2023 3316 Ecclesiae
2066 3258 2127 3315 in
2167 3280 2388 3341 propo-

243 3353 455 3417 nendis
482 3353 880 3438 docendisque
910 3356 1004 3431 iis,
1035 3374 1163 3437 quae
1195 3355 1270 3414 ad
1305 3356 1488 3416 fidem
1509 3367 1570 3416 et
1606 3374 1799 3414 mores
1830 3356 2136 3435 pertinent
2155 3400 2171 3431 ‚
2213 3366 2387 3437 atque

244 3452 308 3511 in
340 3449 688 3511 dirimendis
723 3450 1161 3528 controversiiS,
1194 3473 1324 3534 quae
1346 3452 1495 3512 circa
1519 3449 1726 3511 eadem
1751 3448 1978 3529 objecta
2007 3451 2220 3512 exoriri
2246 3473 2387 3534 pos·

314 3704 382 3767 (1)
420 3701 519 3751 cfr.
549 3669 689 3749 Rom.
725 3717 801 3763 n,
836 3700 920 3750 25.
1408 3701 1477 3766 (2)
1514 3700 1612 3749 cfr.
1652 3700 1869 3751 Benarm.
1906 3702 1993 3751 100.
2033 3704 2110 3751 eit.
