2514 4218
263 180 381 241 360

878 198 1075 239 ΤΒΔΟΤ.
1127 200 1194 235 DE
1238 200 1388 237 LOCIS
1430 199 1812 239 THEOLOGICIS.

261 345 533 405 Ecclesia
588 343 778 400 claves
798 387 815 412 ,
862 342 978 399 ubi
1012 350 1265 420 peccata
1316 326 1582 419 quotidie
1616 342 2066 399 dimittuntur?
2109 340 2227 398 Sed
2267 357 2415 418 quo·-

262 443 436 498 niam
469 441 539 497 in
569 437 1002 518 sz'ym‘fioatz'one
1033 457 1356 510 personam
1383 436 1604 494 Petrus
1639 437 1914 515 qestabat
1934 437 2240 505 Ecclesioe,
2260 434 2421 514 quod

263 536 364 593 illi
398 538 518 593 uni
547 535 762 592 datum
805 542 917 601 est,
959 532 1240 591 Ecclesioe
1273 532 1480 590 datum
1510 541 1599 591 esb
1628 531 1739 611 (l).
1780 533 1957 590 Porro
2001 543 2200 614 aperte
2233 531 2418 612 liquet

339 739 407 804 (l)
445 735 593 787 Serm.
626 753 753 785 cxux
774 773 792 799 ‚
846 736 907 786 al.
938 754 1049 786 xxxv
1069 775 1081 795 ‚
1127 734 1198 786 De
1227 737 1304 784 di-

267 822 452 881 versis,
483 837 535 868 n.
580 835 630 884 7.
673 819 770 869 Nec
804 822 958 868 minus
999 820 1121 868 clarc
1159 820 1305 886 loqui·

264 916 343 954 tur
391 900 435 950 S.
465 902 667 963 Doctor,
710 902 879 950 Tract.
932 901 1021 951 ult.
1071 903 1125 948 in
1154 901 1303 951 Joan.

266 1005 316 1033 n.
365 1003 392 1052 7
417 1023 430 1045 ‚
466 985 627 1033 dicens
661 999 675 1034 ε
716 983 964 1031 Omnibus
1021 986 1202 1032 sanctis
1243 984 1309 1031 ad

269 1068 457 1117 Christi
494 1084 667 1134 corpus
719 1065 1108 1131 inseparabiliter
1148 1067 1305 1132 perei-

266 1151 528 1208 nentibus,
569 1157 765 1215 propter
801 1148 947 1215 hujus
975 1150 1088 1197 vicoe
1123 1148 1308 1214 proeel-

268 1233 520 1282 losissimoe
562 1230 983 1297 qubernwuhcm,
1015 1232 1080 1278 ad
1110 1230 1308 1295 liyanda

270 1325 316 1366 et
359 1315 586 1365 solvenda
605 1323 806 1382 peccata
834 1313 989 1363 claves
1016 1316 1155 1378 requi
1178 1313 1310 1362 coelo-

270 1416 380 1446 rum
405 1401 602 1464 primus
634 1396 970 1464 Apostolorum
1014 1397 1199 1444 Petrus
1226 1413 1308 1445 ac·

270 1482 415 1547 oepit.
447 1480 539 1529 Ubi
585 1482 848 1528 notandum
887 1480 1035 1537 illud,
1085 1480 1310 1527 omnibus

271 1564 453 1611 sanctis
473 1600 486 1621 ,
508 1580 589 1610 seu
608 1563 788 1611 dativus
807 1601 820 1622 ‚
846 1564 927 1628 qui
946 1581 970 1610 a
996 1563 1310 1629 grammaticis

274 1644 515 1693 commodi
554 1645 756 1704 dicitur,
787 1645 848 1692 ad
874 1644 1229 1710 significandum
1259 1646 1310 1691 in

274 1727 524 1775 utilitatem
557 1724 774 1775 omnium
810 1737 1073 1775 sanctorum
1092 1764 1105 1788 ,
1137 1727 1311 1775 scilicet

275 1808 510 1871 fidelium,
523 1808 650 1857 datas
666 1808 801 1857 Petro
815 1808 1148 1874 Apostolorum
1159 1812 1310 1874 primo

279 1891 448 1948 claveS,
466 1890 738 1958 adeoquein
759 1909 1040 1941 successores
1061 1909 1137 1941 eas
1161 1903 1313 1940 trans-

278 1977 346 2023 ire
393 1974 625 2040 debuisse.
677 1973 813 2040 Quod
870 1974 1067 2024 ibidem·
1110 1974 1313 2023 declarat

280 2056 564 2123 Augustinus
585 2094 599 2118 ,
635 2057 842 2106 subdens
884 2071 899 2107 z
940 2057 1189 2123 Quoniam
1225 2073 1313 2106 nec

276 2142 366 2188 iste
404 2139 532 2189 solus
566 2139 818 2203 (Petrus),
844 2139 926 2186 sed
950 2142 1178 2187 universa
1211 2135 1312 2189 Ec-

280 2221 425 2272 clesia
462 2222 581 2287 liqat
610 2223 837 2288 solvitque
851 2232 1064 2289 peccata.
1095 2222 1304 2282 Accedit,

279 2305 449 2368 passim
464 2305 615 2367 ipsum
634 2304 869 2352 inculcare
888 2341 901 2363 ‚
927 2314 1114 2351 eatenus
1124 2304 1313 2352 Petrum

282 2395 478 2450 gestasse
505 2387 708 2450 figuram
738 2385 952 2434 Ecclesiae
968 2388 1017 2434 in
1031 2387 1313 2451 accipiendis

283 2468 493 2517 clavibus
508 2506 522 2531 ,
544 2479 773 2534 quatenus
792 2468 998 2517 habebat
1018 2472 1273 2534 primatum
1298 2486 1311 2520 τ

280 2549 491 2616 Propter
530 2550 819 2617 apostolatus
868 2553 951 2599 sui
995 2553 1268 2618 primatum
1297 2590 1310 2612 ,

282 2643 333 2682 ut
378 2634 571 2695 scribit,
626 2633 794 2682 Tract.
825 2633 915 2683 ult.
962 2637 1041 2683 cit.
1071 2636 1128 2682 in
1160 2636 1312 2685 Joan.

204 2701 213 2707 ⁶
280 2715 490 2783 Propter
493 2718 763 2784 primatum
787 2754 801 2777 ,
827 2734 966 2782 quem
981 2719 1034 2765 in
1061 2716 1317 2783 discipulis

278 2798 449 2847 habuit
464 2837 478 2862 ‚
512 2811 563 2848 ut
589 2803 652 2848 ait
684 2803 735 2847 in
755 2798 945 2848 Enarr.
974 2805 1031 2847 in
1056 2795 1143 2848 Ps.
1170 2804 1312 2866 cv1113

282 2883 463 2931 Petrus
495 2901 526 2931 a
554 2892 698 2950 petra
735 2885 1097 2949 coqnominatus
1126 2883 1312 2944 beatus,

282 2965 335 3014 E
337 2966 521 3016 cclesias
535 2969 750 3032 fi'quram
774 2977 979 3035 portans
993 3003 1009 3028 ‚
1028 2967 1317 3033 apostolatus

270 3050 611 3114 principatum
639 3058 801 3099 tenens
818 3089 831 3112 ,
873 3061 925 3099 ut
961 3050 1124 3099 scribit
1152 3047 1312 3100 Serm.

284 3147 451 3191 Lxxvt,
499 3131 573 3179 De
617 3133 773 3181 verbis
807 3131 1038 3180 Domini.
1080 3131 1129 3180 Si
1177 3135 1316 3198 igitur

284 3214 463 3260 ratione
507 3217 730 3277 primatus
768 3218 841 3264 sui
889 3219 1023 3281 juxta
1065 3214 1117 3263 S.
1158 3215 1316 3280 Augu-

286 3297 462 3343 stinum
504 3295 662 3345 Petrus
714 3316 958 3363 personam
994 3307 1073 3346 aut
1111 3299 1309 3362 figuram

284 3377 495 3442 gestabat
511 3379 724 3428 Ecclesiae
744 3418 757 3440 ‚
778 3383 966 3430 evidens
991 3391 1087 3440 est,
1130 3399 1184 3429 ex
1209 3385 1308 3447 ejus

287 3472 443 3509 mente
474 3460 659 3509 Petrum
685 3480 783 3511 non
820 3467 1048 3529 accepisse
1074 3463 1228 3512 claves
1253 3475 1306 3512 ut

283 3543 494 3592 Ecclesiae
509 3543 707 3608 legatum
725 3581 739 3605 ‚
770 3548 851 3610 qui
873 3550 973 3611 ejus
998 3548 1188 3594 nomine
1202 3564 1305 3610 age-

280 3638 380 3687 ret,
414 3634 462 3675 et
491 3628 889 3693 quemadmodum
920 3630 1096 3694 legatus
1114 3632 1306 3678 nomine

280 3708 505 3774 Principis
549 3711 714 3776 accipit
760 3710 910 3760 claves
951 3711 1182 3777 civitatis;
1223 3712 1304 3761 sed

1389 738 1687 802 accepissent
1701 736 1910 802 ejusdem
1928 735 2142 785 Ecclesiae
2155 740 2419 803 principem

1388 838 1441 868 ac
1485 836 1756 885 supremum
1823 821 2179 869 moderatorem.
2242 820 2419 870 Eodem

1390 920 1557 967 nempe
1591 913 1722 966 pacto
1744 937 1756 961 ς
1781 912 1832 950 ut
1850 901 2057 968 loquitur
2083 901 2418 961 Bellarminus,

1388 984 1478 1032 loc.
1503 983 1585 1032 cit.
1617 1002 1709 1050 quo
1726 985 1924 1032 dicimus
1948 1022 1961 1043 ,
1983 1001 2119 1049 regno
2143 984 2269 1043 dari,
2295 985 2424 1050 quod

1390 1065 1499 1132 Regi
1530 1069 1617 1131 ipsi
1645 1068 1779 1114 datur
1798 1101 1813 1126 ‚
1835 1069 2086 1134 praesertim
2118 1069 2153 1114 si
2179 1067 2226 1114 id
2258 1069 2306 1113 in
2331 1084 2423 1131 pu-

1390 1148 1562 1197 blicam
1587 1150 1833 1197 utilitatem
1858 1149 2008 1198 cedat.
2024 1148 2119 1196 Nec
2139 1149 2220 1197 abs
2246 1166 2296 1196 re
2317 1151 2421 1209 erit,

1391 1249 1499 1279 cum
1532 1232 1695 1280 eodem
1738 1229 2110 1280 eminentissimo
2143 1231 2424 1279 Bellarmino

1391 1325 1610 1378 praeterea
1655 1314 2058 1375 animadvertere,
2081 1331 2229 1380 quum
2245 1311 2295 1362 S.
2327 1312 2423 1361 Au-

1391 1394 1603 1460 gustinus
1627 1396 1759 1444 docet
1777 1433 1789 1453 ,
1818 1395 2004 1444 Petrum
2022 1397 2250 1460 accepisse
2276 1394 2451 1444 claves.

1392 1488 1530 1543 prout
1564 1479 1747 1542 gerebat
1778 1478 1978 1543 figuram
2021 1478 2234 1526 Ecclesiae
2258 1517 2269 1537 ,
2318 1495 2428 1527 eum

1392 1577 1489 1608 non
1516 1561 1764 1609 exclusisse
1790 1563 2106 1610 narrationem
2129 1561 2425 1622 historicam,

1394 1642 1494 1702 sed,
1518 1642 1597 1691 itta
1619 1645 1851 1709 supposita
1870 1678 1884 1701 ‚
1903 1661 2088 1692 sensum
2110 1641 2431 1708 parabolicum

1394 1728 1659 1785 attexuisse,
1677 1728 1873 1774 uticum
1890 1723 2073 1785 scribit,
2099 1724 2127 1773 J
2132 1725 2271 1774 udam
2289 1725 2433 1774 fuisse

1392 1809 1589 1873 figuram
1639 1809 1907 1858 Judaeorum
1949 1812 2233 1874 ingratorum
2257 1846 2270 1869 ‚
2318 1825 2428 1857 cum

1394 1890 1640 1939 Christum
1679 1891 1918 1956 prodidit3
1953 1889 2004 1940 S.
2036 1890 2271 1939 Joannem
2309 1891 2427 1956 figu-

1394 1991 1494 2022 ram
1525 1971 1743 2023 Ecclesiae
1771 1974 2097 2038 triumphantis
2118 1983 2164 2022 et
2189 1976 2295 2022 vitae
2317 1989 2428 2020 con-

1394 2054 1707 2122 templatim,
1740 2074 1851 2104 cum
1869 2056 1927 2104 de
1956 2073 2010 2104 eo
2039 2056 2155 2103 dixit
2184 2053 2425 2103 Christusz

1396 2139 1482 2187 Sic
1517 2156 1626 2202 eum
1655 2137 1757 2186 volo
1780 2154 1975 2185 vnancre
1991 2154 2010 2199 ,·
2039 2147 2084 2186 et
2116 2137 2301 2186 Petrum
2328 2153 2428 2202 ges-

1394 2226 1504 2270 sisse
1534 2208 1728 2288 figuram
1749 2222 1965 2272 Ecclesiae
1998 2222 2239 2271 militantis
2263 2231 2307 2270 et
2324 2223 2427 2270 vitae

1394 2307 1550 2354 activae
1570 2342 1583 2365 ,
1634 2323 1743 2354 cum
1780 2308 1823 2354 ei
1860 2306 1975 2354 dixit
2020 2304 2230 2353 Salvator
2277 2319 2291 2354 ε
2340 2300 2429 2355 Se-

1394 2404 1536 2452 quere
1560 2405 1662 2449 me3
1682 2387 1918 2437 Christum
1936 2390 2091 2453 ipsum
2108 2388 2305 2453 figuram
2320 2405 2427 2452 ges·-

1394 2473 1507 2518 sisse
1548 2470 1792 2528 Ecclesiae,
1822 2471 2010 2536 quando
2027 2469 2287 2535 baptizatus
2326 2479 2424 2532 est5

1395 2556 1511 2619 quin
1537 2562 1695 2602 tamen
1721 2555 1969 2619 quisquam
2002 2570 2167 2617 negare
2194 2552 2390 2601 voluerit
2409 2588 2423 2613 ,

1395 2638 1542 2702 reipsa
1590 2637 1810 2684 historice
1854 2636 2027 2684 Judam
2073 2635 2330 2701 prodidisse
2372 2636 2424 2683 in

1394 2721 1576 2784 propria
1604 2735 1795 2783 persona
1822 2717 2061 2766 Christum
2083 2734 2097 2782 ;
2129 2718 2302 2768 Joanni
2320 2718 2422 2766 his-

1394 2804 1535 2851 torice
1559 2802 1740 2851 dictum
1767 2820 1864 2851 esse
1888 2805 1937 2850 in
1977 2805 2163 2868 propria
2193 2819 2387 2868 persona
2403 2837 2421 2864 ‚

1394 2884 1478 2933 Sic
1509 2902 1618 2933 eum
1636 2884 1737 2933 volo
1757 2902 1950 2933 manere
1969 2923 1982 2946 ,
2005 2896 2095 2934 etc.
2119 2895 2163 2934 et
2187 2885 2422 2933 Christum

1394 2985 1498 3016 vere
1524 2970 1573 3015 in
1602 2971 1781 3033 propria
1807 2985 1998 3033 persona
2031 2968 2171 3016 fuisse
2206 2966 2421 3031 baptiza-

1396 3061 1512 3098 tum.
1544 3050 1645 3116 Quo
1679 3069 1817 3099 sensu
1844 3052 1982 3099 etiam
2012 3049 2062 3099 S.
2096 3049 2266 3097 Paulus
2291 3084 2305 3109 ‚
2334 3047 2424 3098 Ga-

1395 3133 1479 3183 lat.
1509 3150 1556 3182 tv
1576 3173 1587 3194 ,
1634 3135 1786 3193 docet,
1818 3134 1933 3182 duos
1953 3133 2149 3181 Abrahae
2181 3134 2301 3181 filios
2329 3136 2422 3198 sig-

1395 3217 1606 3265 nificasse
1633 3218 1727 3265 duo
1760 3226 2060 3275 testamenta3
2094 3226 2302 3265 attamen
2332 3215 2422 3264 hoc

1396 3318 1494 3348 non
1519 3300 1743 3364 impedit,
1783 3301 2034 3365 quominus
2059 3299 2296 3347 Abraham
2314 3315 2420 3348 vere

1393 3383 1510 3430 duos
1551 3383 1670 3430 filios
1718 3384 1947 3446 genuerit.
1998 3381 2164 3446 Itaque
2206 3382 2420 3447 quamvis

1389 3465 1440 3514 S.
1458 3464 1615 3513 Petrus
1628 3464 1817 3528 gesserit
1838 3464 2031 3529 figuram
2048 3465 2286 3524 Ecclesiae,
2311 3480 2419 3510 cum

1388 3547 1535 3595 claves
1565 3548 1767 3610 accepit,
1795 3551 1952 3610 negari
1983 3550 2177 3613 nequit,
2205 3545 2419 3593 historice

1386 3632 1536 3696 reipsa
1570 3632 1619 3677 in
1640 3647 1833 3694 persona
1872 3633 2056 3695 propria
2084 3630 2231 3678 claves
2262 3631 2416 3693 ipsum

1390 3715 1638 3778 accepisse.
1676 3712 1787 3761 Haec
1827 3712 1991 3762 sedulo
2021 3712 2224 3761 notanda
2249 3720 2415 3773 erant,
