2514 4218
276 137 396 197 410

872 161 1068 199 Tnac'r.
1115 162 1181 197 DE
1229 160 1383 198 LOCIS
1425 161 1806 201 THEOLOGtms.

275 304 338 363 S.
366 303 725 385 Augustinus
751 348 767 378 .,
805 302 948 362 dum
994 301 1230 380 scribit,
1262 305 1611 382 primatum
1651 305 1945 366 cathedrae
1984 309 2316 385 apostolicae
2357 309 2417 367 in

274 397 526 459 Ecclesia
563 420 805 458 romana
835 420 1071 477 semper
1104 398 1387 477 viguisse3
1434 409 1535 457 aut
1584 410 1796 486 ceteros
1836 405 2192 462 auctoritate
2236 424 2414 483 supc-

272 517 440 555 rasse
483 496 837 575 Episcopm‘,
864 506 932 553 ut
956 494 1257 576 loquintur
1287 495 1623 554 Vincentius
1651 496 1998 575 Lirinensis3
2028 510 2089 557 et
2125 499 2203 557 ita
2237 520 2412 581 porro

270 592 470 675 quoad
517 603 735 651 ceteras
765 590 1101 670 singillatim
1134 590 1456 650 locutiones
1485 594 1722 650 patrum
1743 638 1758 667 5
1795 594 1941 674 quin
1966 596 2029 652 in
2064 594 2178 654 illis
2209 617 2413 677 repro-

274 791 474 854 primam
514 788 797 850 suspicerent
834 801 887 832 ac
943 790 1292 832 venerarentur.

268 870 330 935 4⁰
357 870 408 918 A
438 869 802 934 qloriosissimis
852 867 1038 915 duobus
1058 865 1296 933 Apostolis

273 953 420 1002 Petro
440 962 484 1000 et
529 950 687 1000 Paulo
709 950 971 1016 fundatam
1002 959 1046 997 et
1066 951 1298 998 constitu·

270 1045 372 1084 tam
398 1037 525 1085 dicit.
544 1034 646 1101 Quo
678 1037 770 1082 ruit
798 1034 1053 1082 absurdum
1082 1033 1200 1082 illud
1222 1051 1296 1082 re-

274 1121 535 1168 centiorum
604 1117 915 1184 quorumdam
977 1116 1298 1164 haereticorum

272 1211 592 1251 commentum
616 1237 629 1257 ‚
656 1203 738 1267 qui
763 1238 777 1258 ‚
802 1209 897 1248 tota
918 1200 1194 1248 reclamante
1214 1217 1299 1247 an-

271 1286 488 1351 tiquitate
509 1322 522 1343 ‚
548 1301 710 1348 negare
739 1286 834 1331 ausi
849 1295 974 1341 sunt,
1000 1283 1187 1331 Petrum
1204 1283 1298 1330 Ro-

271 1384 401 1415 mam
433 1384 581 1434 usque
604 1369 798 1415 venisse..
854 1365 906 1414 5⁰
950 1366 1033 1414 Ad
1052 1366 1179 1417 banc
1199 1363 1299 1415 Ec-

274 1449 469 1500 alesiam
495 1466 683 1498 necesse
694 1465 792 1497 esse
806 1466 992 1498 omnem
1006 1449 1297 1504 Ecclesiam,

274 1552 354 1583 seu
372 1549 533 1582 omnes
557 1538 750 1586 omniuo
762 1531 926 1596 fideles
952 1542 1197 1597 pertulum
1219 1549 1297 1580 or-

272 1615 383 1665 bem
411 1616 634 1681 dispersos
662 1619 910 1665 convenire
937 1615 1153 1674 affirmat;
1173 1615 1300 1682 quod

273 1700 388 1748 illuc
424 1700 649 1765 proficisci
678 1709 944 1748 tenerentur
976 1701 1035 1751 ii.
1067 1701 1301 1764 quierant

274 1782 487 1849 undique
516 1781 709 1842 fidetes3
736 1781 785 1830 id
813 1781 886 1830 vel
907 1784 1108 1848 cogitare
1132 1781 1299 1829 absur-

274 1865 496 1913 disimum
512 1865 688 1924 fuisset3
706 1864 784 1912 sed
802 1866 946 1930 quod,
967 1875 1018 1912 ut
1047 1865 1177 1913 fateri
1194 1851 1304 1913 coa-v

275 1960 376 1997 ctus
414 1957 481 1996 est
509 1951 605 2014 ipse
639 1947 924 2012 Salmasius,
968 1967 1152 1998 necesse
1183 1960 1300 1998 esset

274 2035 532 2079 convenire
547 2039 591 2078 et
619 2032 908 2081 concordare
938 2034 996 2082 in
1018 2033 1159 2081 rebus
1177 2034 1296 2096 fidei

273 2130 386 2161 cum
419 2111 642 2163 Ecclesia
687 2131 907 2164 romana.
943 2114 1090 2182 quue
1128 2115 1189 2164 ob
1209 2133 1300 2182 po-

276 2198 444 2246 tiorem
477 2200 587 2262 (seu
614 2199 966 2264 potentiorem)
990 2198 1296 2266 principali-

275 2288 419 2329 tatem
434 2319 447 2341 ‚
478 2299 570 2348 quo
592 2282 849 2347 siguificare
868 2282 1014 2330 voluit
1042 2321 1054 2342 ,
1073 2283 1177 2331 ideo
1195 2300 1297 2331 om·

275 2381 359 2411 nes
398 2364 626 2413 Ecclesias
663 2382 770 2414 cum
805 2383 1002 2414 ¹romana
1040 2368 1299 2414 consentire

275 2450 419 2496 teneri
446 2485 458 2507 ‚
494 2458 652 2514 utpote
689 2465 792 2514 quae
817 2451 1179 2515 principatusfac
1199 2449 1297 2514 pri-

277 2540 427 2579 matus
463 2534 567 2598 jure
598 2531 819 2580 omnibus
862 2531 1128 2581 dominetur
1150 2570 1165 2595 ‚
1197 2551 1300 2581 om-

277 2613 418 2661 nibus
459 2616 639 2678 praesit,
676 2632 930 2682 omnesque
968 2615 1056 2663 sibi
1091 2615 1299 2664 subditas

277 2696 464 2745 habeat.
520 2695 575 2746 6⁰
622 2697 838 2765 Denique
886 2702 1078 2758 asserit,
1139 2701 1190 2747 in
1247 2716 1298 2747 ea

279 2778 481 2829 Ecclesia
514 2798 701 2847 semper
721 2782 781 2829 ab
801 2780 878 2829 hia
894 2818 911 2844 ,
948 2784 1036 2847 qui
1070 2789 1185 2828 sunt
1205 2797 1274 2828 un
1287 2812 1300 2819 -

280 2861 424 2926 dique
440 2902 452 2923 ‚
478 2873 806 2912 conservatam
829 2882 927 2912 esse
947 2882 1051 2911 eam
1072 2903 1083 2925 ‚
1107 2881 1217 2928 quae
1234 2872 1303 2912 est

281 2944 342 2991 ab
364 2946 610 3011 Apostolis
626 2985 639 3008 ,
664 2947 997 2996 traditionem.
1028 2946 1148 2995 Cum
1176 2949 1301 2995 enim

282 3026 423 3091 hujus
457 3033 691 3078 seutentiae
732 3041 871 3097 atque
904 3031 1123 3078 doctrinae
1150 3029 1303 3077 adhae-

282 3127 381 3157 rere
405 3119 650 3160 teneantur
680 3130 840 3162 omnes
865 3152 877 3173 ‚
916 3116 996 3180 qui
1022 3123 1132 3161 sunt
1166 3112 1306 3159 undi-

279 3209 375 3257 que
392 3192 553 3241 fideles
568 3232 580 3253 ,
603 3195 738 3262 longe
761 3199 909 3245 tutius
927 3214 982 3245 ac
1007 3196 1186 3244 facilius
1201 3212 1306 3243 con-

284 3278 455 3323 servari
482 3278 531 3323 in
557 3294 608 3324 ea
632 3282 785 3342 potuit
815 3280 1063 3344 apostolica
1094 3277 1302 3337 traditio,

285 3364 353 3406 tot
390 3358 625 3424 Episcopis
652 3400 665 3420 ‚
704 3360 987 3428 Presbyteris
1010 3373 1055 3411 et
1087 3362 1264 3410 clericis
1290 3399 1302 3422 ,

287 3456 448 3511 totque
495 3444 704 3492 fidelium
750 3447 1034 3511 myriadibus
1084 3445 1257 3494 credita
1284 3480 1300 3507 ,

285 3531 486 3595 imisque
516 3528 775 3593 pectoribus
794 3530 1029 3577 recondita
1046 3566 1060 3589 ,
1097 3547 1240 3594 quam
1258 3531 1307 3575 in

287 3611 387 3660 aliis
420 3612 635 3661 Ecclesiis
654 3611 839 3659 divisim
857 3615 1090 3678 spectatis,
1111 3629 1308 3678 quarum

282 3696 624 3760 jurisdictionis
652 3695 768 3743 fines
795 3712 888 3743 non
923 3704 1015 3743 tam
1046 3695 1180 3761 louge
1199 3694 1309 3743 late-

1385 802 1475 850 que
1504 783 1741 849 patebant.
1786 784 1852 832 lta
1892 785 2082 850 quidem
2130 783 2411 838 Massuetus.

1382 868 1475 916 Nos
1506 886 1613 917 vero
1645 867 1800 934 quoad
1825 879 2105 934 postremam
2120 869 2405 919 observatio-

1382 971 1489 1001 nem
1521 953 1777 1000 diceremus
1794 986 1809 1011 ‚
1847 953 1907 1001 ob
1931 953 2273 1002 infallibilitatis
2298 972 2413 1020 prae-

1382 1037 1665 1101 rogativam,
1693 1053 1784 1101 qua
1809 1053 1932 1084 rom.
1968 1036 2107 1084 Sedes
2130 1074 2142 1094 ‚
2176 1054 2253 1084 seu
2287 1055 2413 1087 rom..

1383 1119 1598 1168 Pontifex
1615 1120 1803 1185 gaudet.
1836 1119 2006 1167 Mirum
2038 1130 2145 1182 est,
2175 1122 2410 1186 quomodo

1384 1220 1431 1252 se
1464 1213 1708 1268 torqueant
1733 1201 1940 1251 Ecclesiae
1969 1219 2087 1250 rom.
2133 1220 2315 1262 osores,
2358 1214 2410 1251 ut

1384 1288 1480 1334 vim
1510 1289 1611 1351 ejus
1632 1295 1781 1333 textus
1811 1284 2020 1333 Iraenaici
2047 1285 2410 1347 declinent3alii

1385 1371 1511 1418 enim
1538 1369 1656 1416 illud
1689 1385 1873 1417 necesse
1906 1378 1975 1416 est
2031 1378 2122 1417 etc.
2172 1379 2411 1433 exponunt

1385 1452 1444 1500 de
1483 1467 1722 1498 concursu
1757 1450 1960 1517 physico
1996 1451 2207 1500 fidelium
2238 1451 2298 1499 ad
2329 1469 2409 1500 ur·

1386 1533 1495 1581 bem
1537 1533 1737 1583 Romam
1785 1534 1972 1599 Imperii
1999 1534 2307 1601 *metropolim
2351 1535 2415 1583 ad-

1387 1636 1468 1667 sua
1495 1619 1784 1684 procuranda
1811 1621 1996 1684 negotia
2019 1657 2031 1677 ‚
2067 1628 2118 1666 ut
2143 1618 2408 1678 Richerius,

1389 1700 1508 1765 Defi
1551 1701 1640 1749 lib.
1690 1701 1748 1749 de
1784 1701 1948 1750 eccles.
1983 1710 2028 1749 et
2059 1700 2199 1766 polit,
2239 1710 2409 1767 potest.

1388 1794 1502 1833 tom.
1532 1802 1547 1831 1
1570 1823 1583 1844 ‚
1616 1785 1699 1833 lib.
1729 1786 1789 1841 3,
1831 1803 1933 1850 cap.
1967 1782 2026 1840 5,
2069 1803 2119 1833 n.
2160 1785 2252 1846 133
2287 1785 2405 1832 Gra-

1386 1866 1512 1927 hius,
1534 1870 1614 1932 qui
1632 1878 1807 1927 censet,
1827 1865 1955 1933 juxta
1971 1867 2204 1915 Ireuaeum
2225 1885 2407 1928 omnes,

1386 1952 1468 2015 qui
1500 1961 1609 1998 sunt
1639 1951 1869 2015 undique,
1895 1950 2053 1998 fideles
2069 1950 2284 1998 debuisse
2311 1949 2411 1998 Ro-

1387 2048 1512 2080 mam
1556 2035 1840 2094 convenire‚
1884 2043 1934 2079 ut
1972 2049 2161 2080 eausam
2202 2031 2411 2081 christia-

1385 2133 1554 2163 norum
1583 2125 1772 2180 agerent
1800 2115 1923 2180 apud
1961 2100 2294 2180 Imperatores3
2327 2115 2413 2165 aliiv

1385 2210 1651 2258 autumant,
1661 2201 1978 2265 potentiorem
1988 2198 2411 2266 principalitatem

1384 2300 1442 2332 ex
1469 2283 1645 2331 Irenaeo
1675 2283 1972 2348 repetendam
2001 2299 2096 2331 esse
2125 2302 2149 2331 a
2167 2283 2413 2347 splendore

1387 2366 1574 2431 politico
1603 2366 1737 2433 urbis
1758 2404 1770 2423 ‚
1791 2377 1842 2413 ut
1870 2366 2040 2414 Pebem
2059 2403 2072 2425 ‚
2109 2364 2418 2413 Historisch-

1383 2447 1673 2496 statistiscke
1692 2448 1740 2496 A
1745 2447 2024 2512 bhandlunq
2038 2484 2053 2505 ,
2082 2459 2172 2496 etc.
2194 2466 2275 2496 seu
2292 2445 2411 2496 Dis-

1383 2533 1577 2580 sertatio
1616 2530 1846 2578 historico
1867 2559 1885 2566 -
1904 2532 2141 2577 statistica
2173 2529 2231 2576 de
2269 2531 2414 2578 insti-

1387 2616 1571 2662 tutione
1611 2617 2004 2680 episcopatuum,
2054 2612 2191 2661 Vien.
2251 2628 2408 2680 1790,

1383 2716 1489 2764 pag.
1517 2715 1579 2765 27
1600 2715 1615 2761 ;
1644 2697 1787 2746 Plank
1804 2734 1818 2758 ,
1856 2694 2132 2745 Gesclzicltte
2155 2696 2242 2744 der
2264 2697 2418 2744 chris-

1386 2779 1812 2836 lichkirchlichen,
1853 2791 1943 2828 etc.
1989 2796 2158 2845 nempe
2189 2778 2415 2827 Historia

1386 2865 1750 2911 constitutionis
1827 2863 2066 2909 societatis
2133 2861 2414 2909 christianae

1386 2946 1639 3007 Ecclesiae,
1663 2959 1777 2996 torn.
1797 2965 1830 3008 1,
1850 2965 1954 3013 pag.
1985 2963 2109 3013 1173
2137 2943 2283 3003 pinel,
2313 2943 2412 2994 Ue-

1388 3032 1472 3080 ber
1501 3031 1592 3079 den
1623 3027 1817 3078 Primat
1845 3031 1926 3077 des
1959 3026 2229 3076 romisclae-en
2252 3027 2413 3093 Paps-

1389 3123 1488 3176 tes,
1521 3133 1602 3162 seu
1639 3113 1716 3160 De
1737 3130 1857 3161 rom.
1893 3110 2146 3174 Pontificis
2170 3110 2410 3177 primatu,

1391 3215 1494 3263 pag.
1529 3213 1648 3245 221.
1688 3196 1776 3245 Alii
1799 3205 1975 3243 textum
1998 3198 2149 3260 ipsum
2187 3204 2413 3242 temerare

1392 3282 1585 3345 aggressi
1617 3289 1755 3337 sunt,
1780 3288 1832 3325 ut
1859 3276 1977 3325 Ben.
2003 3276 2190 3325 Stattler
2209 3313 2222 3336 e
2249 3277 2330 3341 qui
2364 3277 2412 3322 in

1394 3363 1677 3412 Demonstr.
1724 3360 1896 3410 cathol.
1937 3371 2048 3409 sect.
2102 3366 2168 3418 ii,
2215 3377 2316 3423 cap.
2348 3358 2412 3414 3,

1390 3447 1491 3495 loco
1537 3445 1602 3493 ad
1641 3444 1766 3492 hanc
1807 3442 2080 3493 Ecclesiam
2116 3478 2131 3502 ‚
2190 3442 2301 3507 legit
2360 3443 2414 3487 in

1391 3528 1481 3576 hac
1500 3525 1742 3575 Ecclesia.
1776 3527 1877 3576 Cfr.
1899 3526 2171 3591 Roskovany
2190 3561 2203 3586 ‚
2225 3541 2304 3589 op.
2327 3525 2408 3571 cit.

1397 3627 1509 3679 pag.
1540 3625 1608 3677 29
1647 3621 1690 3659 et
1724 3628 1852 3675 seqq.
