2514 4218
311 179 473 219 PART.
520 179 562 214 1.
612 177 759 214 sssc‘r.
804 177 870 214 11.
924 176 1046 213 cn.
1096 175 1184 212 111.
1234 175 1301 210 nn
1345 174 1474 209 ΝΑΤ.
1520 173 1585 208 ET
1630 171 1745 210 mr..
1792 170 1944 207 mum.
2055 149 2172 207 463

156 323 292 382 674.
335 322 420 380 Ad
441 320 548 394 3111,
569 322 725 380 Dist.
760 320 846 379 Ad
864 315 1243 378 obtinendam
1267 315 1766 376 confirmationem
1794 314 2177 372 extrinsecam

67 438 256 486 eonc.,·
291 417 363 476 ad
392 415 766 475 intrinsecam
794 414 1127 473 firmitatem
1151 411 1394 471 decretis
1423 407 1838 469 conciliandam
1859 455 1876 473 ,
1914 427 2045 495 περ.
2067 409 2175 466 Ne-

75 534 187 595 que
213 510 371 570 aliud
413 512 610 569 Patres
644 508 858 589 Synodi
897 505 1553 587 Constantinopolitanae
1603 505 1627 563 1
1674 504 1738 562 in
1765 501 1951 561 allatis
1985 502 2179 561 verbis

72 606 428 686 significant,
462 626 639 686 quam
667 603 860 663 omnia
904 623 974 662 ex
1017 600 1221 660 ordine
1246 611 1405 680 gesta
1440 599 1612 658 fuisse
1640 644 1656 673 ,
1687 609 1749 656 ut
1783 599 1863 656 sic
1889 595 1963 656 ab
1987 597 2184 678 Impe-

72 710 262 759 ratore
298 699 619 759 Theodosio
663 698 813 778 leges
858 695 1190 755 obtinerent
1221 739 1237 768 ,
1282 693 1491 775 quibus
1528 693 1603 751 ad
1638 692 1890 751 officium
1935 711 2184 751 revoca-

72 806 280 855 rentur
328 793 592 853 damnati
637 791 930 865 haeretici.,
981 800 1082 851 aut
1124 787 1332 867 saltem
1381 809 1584 847 eorum
1638 787 1799 866 furor
1844 806 2185 868 compesce—

75 901 238 950 retur
267 890 377 970 (l).

159 984 297 1044 675.
349 984 436 1043 Ad
477 983 584 1059 4111,
611 983 923 1065 Responsio
961 981 1143 1062 liquet
1163 1002 1234 1041 ex
1266 981 1459 1042 dictis·

159 1080 302 1139 676.
352 1077 438 1138 Ad
482 1080 586 1156 5¹1¹,
628 1078 780 1158 Neq.
834 1076 1110 1149 Quamvis
1159 1076 1316 1135 enim
1378 1075 1648 1150 daretur,
1699 1073 2025 1134 subdititias
2068 1094 2192 1134 esse

78 1173 351 1257 epistolas
376 1218 391 1248 ,
419 1195 548 1255 quae
572 1174 636 1232 in
675 1174 815 1232 actis
852 1170 1092 1230 Concilii
1120 1171 1335 1230 Nicaeni
1369 1171 1700 1230 referuntur
1719 1214 1736 1243 ‚
1769 1189 2011 1251 quaeque
2040 1166 2194 1227 hanc

80 1269 584 1330 confirmationem
616 1265 896 1327 exhibent
918 1314 935 1335 ‚
963 1265 1180 1329 inferri
1196 1277 1397 1325 tamen
1427 1266 1632 1346 nequit
1668 1285 1740 1324 ex
1773 1275 2194 1323 monumento-

82 1386 214 1423 rum
246 1363 508 1438 defectu‚
543 1382 668 1444 quae
696 1373 1032 1443 temporum
1053 1361 1262 1439 injuria
1299 1361 1600 1442 perierunt
1621 1404 1636 1434 ,
1677 1370 1777 1418 aut
1798 1359 2196 1430 confir-matio-

79 1481 220 1518 nem
251 1457 610 1540 pontificiam
642 1478 675 1515 a
714 1455 983 1515 Patribus
1021 1457 1263 1517 minime
1301 1456 1620 1538 expetitam
1647 1453 1819 1516 fuisse
1847 1501 1863 1529 ,
1893 1467 1995 1515 aut
2027 1478 2061 1515 a
2081 1455 2201 1515 Sil-

83 1565 276 1614 vestro
317 1552 512 1612 datam
544 1551 698 1610 haud
729 1573 872 1611 esse.
913 1553 1145 1611 Etenim
1167 1563 1379 1634 praeter
1402 1550 1755 1610 documenta
1773 1597 1789 1624 ,
1814 1571 1943 1633 quae
1965 1562 2197 1633 partem

81 1647 439 1731 patefaciunt
463 1692 478 1721 7
510 1668 687 1728 quam
723 1645 927 1704 habuit
952 1646 1224 1707 Silvester
1262 1647 1322 1705 in
1347 1645 1567 1726 synodo
1605 1647 1843 1705 Nicoena
1873 1690 1889 1721 ,
1933 1645 2089 1706 Felix
2121 1647 2203 1706 111

84 1747 162 1803 ita
203 1744 277 1805 de
298 1765 365 1802 ea
400 1742 640 1803 scribit:
676 1744 870 1824 Quam
901 1764 1091 1802 vocem
1117 1744 1241 1822 (Tu
1271 1765 1332 1804 es
1362 1745 1605 1823 Petrus)
1643 1754 1940 1823 sequentes
1958 1747 2207 1803 tercenti

87 1842 280 1900 decem
307 1851 364 1900 et
391 1851 510 1899 octo
549 1840 655 1899 SS.
692 1851 900 1918 patres
935 1840 1110 1919 apud
1147 1838 1424 1900 Nicaeam
1458 1842 1802 1919 conyreqati
1821 1885 1838 1915 ,
1883 1840 2204 1916 confirma-

90 1940 307 1994 tionem
343 1956 543 1993 rerum
583 1946 757 2013 atque
778 1939 1193 1993 auctoritatem
1233 1945 1454 1993 sanctae
1494 1956 1761 2015 romance
1795 1934 2077 1994 Ecclesioe
2102 1935 2207 1993 de·

93 2035 363 2088 tulerunt
389 2029 498 2110 (2).
532 2031 745 2088 Mirum
786 2051 962 2112 porro
1011 2031 1135 2103 est,
1188 2028 1435 2089 Schrbck
1482 2029 1568 2110 (3)
1613 2050 1856 2110 negare,
1906 2031 2208 2089 censorem

97 2145 236 2186 vero
283 2123 715 2205 Tubingensem
776 2125 860 2203 (4)
897 2125 959 2183 in
997 2124 1244 2184 dubium
1279 2146 1548 2187 revocare
1581 2124 1835 2207 potuisse
1896 2126 2207 2185 confirma-

85 2316 224 2380 juris
248 2330 425 2363 canon.
459 2324 572 2364 tom.
605 2332 652 2374 1,
693 2333 739 2380 p.
772 2313 901 2381 427,
935 2315 1033 2364 haec
1058 2319 1113 2372 *in
1195 2319 1450 2382 posuimus.
1477 2316 1636 2383 Neque
1665 2317 1784 2366 illud
1812 2320 2097 2384 praetermitti
2135 2319 2212 2368 hic

101 2414 199 2445 rem
228 2406 429 2444 nostram
451 2397 610 2451 scribit
641 2414 655 2446 ε
694 2395 1011 2463 Imperatores
1033 2397 1115 2454 def
1197 2399 1364 2459 debet,
1407 2399 1534 2465 quod
1577 2398 1790 2449 observat
1822 2400 1895 2450 vel
1926 2400 2023 2466 ipse
2052 2399 2213 2450 Petrus

102 2486 231 2526 creta
256 2477 584 2526 Conciliorum
598 2496 687 2528 sua
705 2482 985 2527 auctoritate
1005 2497 1114 2528 ‘enu-
1199 2477 1257 2526 de
1298 2477 1451 2526 Max-ca
1472 2513 1486 2537 ,
1515 2479 1566 2525 in
1597 2495 1675 2543 op.
1697 2480 1777 2528 cit.
1806 2478 1886 2527 De
1926 2479 2211 2541 concordia,

103 2562 271 2608 nivere
293 2598 306 2620 ‚
335 2563 754 2626 quatenusjuncta
784 2563 838 2610 oi
854 2562 1118 2627 pontificiae
1199 2558 1293 2607 lib.
1321 2576 1357 2607 11
1377 2595 1390 2620 ‚
1422 2576 1527 2623 cap.
1565 2556 1617 2622 4.
1658 2559 1853 2626 Oportet
1882 2563 2026 2626 reqiae
2052 2569 2214 2610 aucto-

108 2651 152 2690 οι
179 2643 500 2708 imperatorias
516 2641 768 2707 diqnitatis
782 2650 968 2690 tantum
985 2643 1118 2691 robo·
1202 2642 1342 2688 ritati
1365 2640 1567 2689 limitem
1585 2651 1766 2690 certum
1783 2643 1954 2708 fiqere,
1974 2660 2031 2692 ne
2046 2645 2217 2693 incon-

110 2725 180 2771 ris
216 2725 485 2790 acciperent
503 2759 518 2786 ,
555 2734 788 2789 quantum
825 2725 891 2772 ad
925 2726 1120 2790 suppri-
1205 2721 1323 2770 sueto
1356 2722 1603 2771 trahamus
1628 2724 1694 2771 ad
1720 2740 1824 2772 eam
1854 2723 2183 2773 adulationem
2201 2760 2217 2784 ,

108 2805 337 2853 mendam
384 2804 714 2855 baereticorum
751 2808 1079 2871 pertinaciam
1106 2843 1119 2866 ‚
1205 2820 1301 2867 qua
1320 2804 1642 2870 Principibus
1664 2803 1767 2853 suis
1783 2807 1930 2853 totius
1944 2798 2219 2872 discipline

111 2887 471 2936 humiliandam
510 2886 756 2936 rebellium
789 2877 1079 2954 'superbiam
1103 2923 1119 2949 ,
1209 2888 1442 2938 Ecclesioe
1460 2905 1696 2936 summam
1713 2887 1875 2939 Groeci
1898 2889 2186 2954 dessrebant.

111 2986 167 3018 ac
193 2970 528 3019 stabiliendam
547 2986 718 3036 pacem
752 2971 880 3018 inter
903 2969 1124 3019 sacerdo·
1281 2971 1350 3037 (²2)
1384 2971 1517 3019 Tom.
1560 2985 1654 3031 vu,
1695 2970 1841 3021 Cone.
1883 2971 1998 3021 edit.
2037 2971 2187 3025 Mansi
2206 3008 2221 3031 ‚

113 3055 236 3101 tium
260 3071 316 3103 ac
338 3056 600 3121 imperium
615 3054 768 3119 fuerit
783 3057 1125 3104 necessarium.
1212 3053 1301 3103 col.
1341 3070 1358 3101 1
1374 3052 1484 3117 140.
1731 3065 1735 3069 ’

117 3133 214 3184 cfr.
259 3139 394 3185 etiam
443 3137 658 3186 Zaccaria
685 3173 699 3198 ,
753 3134 1087 3202 Antisebronio
1114 3174 1127 3197 ,
1281 3135 1349 3201 (3)
1392 3134 1679 3183 Christlicbe
1706 3133 2223 3200 Kirchenqescliicbte,

119 3225 232 3265 tom.
262 3233 306 3265 iv
325 3254 338 3278 ,
373 3229 492 3283 part.
527 3235 561 3267 ιι
583 3256 596 3277 ,
627 3218 714 3267 lib.
750 3235 798 3267 iv
821 3256 834 3278 ,
866 3236 972 3283 cap„
992 3216 1045 3280 4.
1214 3235 1294 3266 seu
1312 3216 1536 3265 Historia
1548 3215 1679 3267 Eccl.
1697 3206 2226 3279 christianoesso‘mam,

191 3297 255 3360 (l)
291 3297 624 3349 Animadvertit
640 3317 749 3349 vero
766 3298 981 3349 Zaccaria
1000 3337 1013 3360 ‚
1038 3300 1131 3349 loc.
1216 3315 1321 3366 pag.
1359 3315 1470 3346 121.

122 3380 201 3427 eit.
229 3378 324 3426 haec
352 3379 492 3430 verba
535 3384 596 3429 ita
639 3382 806 3430 adduci
845 3400 869 3430 a
907 3381 1135 3429 Febronio
1223 3368 1225 3370 ¹
1287 3379 1355 3443 (ll)
1401 3378 1738 3444 Theoloqiscbe
1806 3379 2185 3446 thartalschrifl
2213 3415 2228 3440 ,

120 3463 248 3527 juxta
275 3463 531 3511 versionem
557 3459 772 3511 Gentiani
805 3463 991 3512 Hei-veti
1016 3499 1030 3526 ,
1060 3480 1137 3512 ee·
1222 3480 1300 3512 seu
1316 3459 1511 3528 Scripta
1531 3461 1789 3529 theologica
1803 3466 2027 3514 trimestr.
2043 3463 2234 3511 Tubin-

124 3551 273 3590 terum
317 3544 407 3588 vim
459 3545 584 3590 vocis
629 3545 922 3610 ’παυροθῆωι
951 3547 1140 3611 >proprie
1187 3612 1189 3615 Α
1219 3562 1328 3611 qen.
1380 3541 1538 3609 1824,
1569 3562 1670 3611 pag.
1703 3543 1830 3606 265,
1854 3546 1975 3612 apud
2007 3544 2236 3595 Roskova-

128 3625 382 3690 significare
414 3624 620 3688 adjicere
662 3630 988 3677 auctoritatem
1006 3667 1019 3690 ,
1049 3631 1140 3677 sci·
1224 3646 1316 3694 ny,
1350 3645 1427 3695 op.
1463 3631 1543 3679 cit.
1569 3626 1595 3695 S
1617 3626 1680 3695 75
1699 3665 1712 3690 ,
1743 3645 1854 3696 pag.
1891 3625 1998 3691 142.
2216 3618 2221 3625 ’

127 3707 232 3757 licet
263 3707 564 3760 extrinsecam
592 3719 636 3759 et
665 3710 897 3776 politicam
917 3748 930 3774 ,
959 3714 1028 3761 uti
1061 3729 1140 3762 ex-
