2514 4218
355 175 507 213 PART.
550 173 589 212 1.
633 175 780 214 SEGT.
831 178 891 216 11.
940 179 1062 217 CAP.
1110 179 1190 218 111.
1232 183 1301 219 DE
1325 183 1453 219 RAT.
1492 182 1562 221 ET
1589 185 1693 222 JUR
1746 185 1894 224 PmM.

2069 167 2186 228 453

69 333 279 388 nitatis
309 341 362 388 et
379 331 650 408 partitor
673 333 1026 412 insumebat
1043 378 1064 404 ,
1091 347 1149 392 et
1174 340 1457 396 continuo
1493 339 1923 400 Constantinus
1955 363 2188 423 semper

69 427 377 504 Auyustus
392 466 413 495 ,
440 435 493 481 et
524 426 800 484 silvester
837 429 1167 487 laudabilis
1215 453 1498 511 maynam
1546 444 1722 512 atque
1772 438 2074 514 inszynem
2109 441 2181 497 in

66 519 280 578 Nicoea
306 519 613 596 Synodum
649 524 1091 602 conyreyabant
1112 525 1223 603 (l).
1254 528 1337 584 De
1364 527 2010 610 Constantinopolitano
2039 532 2063 588 Ι
2087 533 2183 590 ni-

68 611 151 669 hil
185 613 395 670 attinet
438 611 665 687 dicere,
711 636 893 695 quum
943 618 1176 676 nonnisi
1224 640 1332 699 per
1369 620 1826 702 subsequentem
1868 626 2179 684 confirma-

66 706 285 766 tionem
334 707 507 766 fuerit
556 709 710 767 inter
749 712 1105 772 oecumenica
1165 727 1649 774 connumeratum
1710 718 1819 798 (2).
1875 722 1958 778 De
2003 714 2179 780 Cone.

134 953 198 1015 (l)
230 951 391 1018 Ἀρείας
428 950 654 1019 &caepis-215
685 953 761 1002 xxi
791 951 1075 1016 κατατομεδς

63 1038 143 1087 τῆς
175 1031 366 1098 Τριάδος
405 1031 654 1100 ἕγῆγερτο,
700 1033 774 1083 καὶ
819 1033 1074 1100 παραυτίκα

60 1115 378 1167 Kato-ramira
406 1116 425 1163 ὅ
452 1113 832 1176 οἶεισεβέσ-τοιτος,
853 1112 932 1164 καὶ
960 1116 1073 1164 Σίλ-

60 1205 246 1260 ,eea-rpem·
281 1195 302 1244 ὅ
334 1194 573 1260 οἷοῖδιμος,
605 1195 682 1252 τὼ
713 1199 752 1245 εἰν
782 1193 952 1245 Nmaea'ae
985 1219 1072 1260 με·

61 1273 207 1335 γάλην
256 1298 305 1326 τε
359 1276 437 1327 καὶ
488 1276 783 1344 περῖἒλεππν
840 1278 1071 1339 συνέλεγον

60 1358 256 1410 συνέθου.
281 1360 382 1411 Act.
405 1379 520 1410 xvm
532 1397 550 1423 ‚
568 1364 620 1414 in
639 1362 864 1410 Sermone
893 1362 1071 1410 Accla-

58 1445 294 1506 matorio,
331 1444 452 1509 apud
490 1443 718 1491 Harduin.
752 1445 880 1492 Acta
918 1444 1068 1493 Cone.

59 1535 172 1573 tom.
207 1540 292 1586 111,
328 1526 417 1573 col.
464 1522 606 1587 1418.
638 1526 846 1591 Idipsum
867 1530 1073 1575 insinuat

57 1606 282 1664 Rufinus,
316 1609 458 1656 Hist.
492 1607 603 1656 eccl.
646 1608 731 1658 lib.
782 1627 827 1668 ι,
867 1627 966 1674 cap.
1009 1626 1024 1656 1
1050 1645 1068 1671 ,

57 1689 169 1736 dum
211 1689 398 1749 scribit,
421 1690 544 1754 quod
581 1690 698 1754 Imp.
743 1689 1071 1739 Constantinus

56 1786 113 1817 ea·
143 1768 448 1819 Sacerdolum
487 1773 721 1819 sententia
748 1772 881 1837 apud
906 1773 1069 1820 urbem

55 1851 275 1900 Nieaeam
304 1853 564 1920 episcopale
602 1853 874 1902 Concilium
905 1871 1072 1903 convo-

54 1943 125 1982 cet
146 1971 159 1992 ,
189 1952 298 1999 opp.
324 1935 436 1984 edit.
462 1936 603 1984 Paris.
645 1933 770 1984 1680
791 1973 803 1994 ,
839 1954 886 2000 p.
928 1933 1020 2002 195
1051 1955 1064 1984 :

53 2031 112 2064 ex
148 2019 370 2064 sententia
409 2017 580 2066 scilicet
614 2028 714 2066 tum
744 2016 795 2066 S.
831 2015 1066 2078 Silvestri,

56 2109 154 2145 tum
199 2096 327 2144 Hosii
369 2097 581 2163 Episcopi
615 2098 953 2158 Cordubensis,
987 2103 1068 2165 qui

50 2191 275 2245 tanquam
305 2179 476 2244 legatus
504 2183 670 2228 missus
694 2181 845 2229 fuerat
861 2199 886 2230 a
912 2179 961 2231 S.
978 2182 1069 2230 Sil-

50 2270 197 2309 vestro
228 2261 286 2309 ad
329 2263 670 2325 componendas
710 2265 982 2328 quaestiones
1018 2266 1066 2311 in

51 2342 240 2391 Oriente
264 2353 441 2391 exortas
462 2347 583 2392 circa
609 2345 731 2392 diem
751 2344 1069 2394 celebrationis

50 2419 311 2489 paschatis,
364 2435 408 2472 et
448 2425 505 2473 ad
548 2425 771 2473 sedandas
809 2427 970 2475 turbas
1008 2426 1067 2474 ab

50 2504 158 2552 Ario
185 2508 235 2553 in
259 2505 450 2571 AEgypto
470 2508 686 2556 excitatas
705 2543 718 2567 ,
748 2517 799 2555 ut
839 2506 1069 2573 colligitur

50 2603 102 2633 ex
116 2585 325 2645 Socrate,
364 2585 450 2635 lib.
467 2604 508 2647 1,
530 2605 632 2652 cap.
651 2603 677 2651 7
694 2625 707 2647 ,
727 2598 769 2637 et
783 2587 1063 2650 Sozomeno,

49 2667 136 2717 lib.
181 2685 227 2728 1,
269 2686 371 2734 cap.
422 2667 510 2731 16,
564 2680 703 2736 atque
747 2689 801 2719 ex
844 2675 1066 2721 sententia

52 2751 303 2800 Alexandri
342 2751 553 2816 Episcopi
584 2752 714 2802 Alex.
753 2771 807 2802 ac
843 2754 986 2820 liquet
1010 2771 1067 2804 ex

49 2833 336 2897 Epiphanio,
382 2834 489 2881 haer.
546 2851 715 2897 txvm,
770 2834 797 2901 §
843 2834 909 2898 4,
952 2837 1064 2885 edit.

50 2915 206 2964 Petav.
241 2926 348 2964 tom.
379 2934 429 2974 1,
466 2934 568 2981 pag.
603 2931 716 2982 7²⁰·
760 2917 914 2983 Quare
946 2922 1070 2967 Ana-

53 3000 210 3047 stasius
240 2999 565 3049 Bibliotheear.
606 3000 815 3048 Docilis
854 3001 1068 3063 Pontifin

53 3095 162 3126 cum
181 3115 196 3141 ,
228 3083 278 3127 in
297 3079 524 3132 Silvestro
546 3121 558 3141 ‚
595 3091 708 3131 sect.
737 3081 800 3131 35
821 3119 835 3142 ,
871 3083 1032 3131 scribit
1054 3099 1068 3132 ε

55 3161 226 3225 Hujus
260 3163 548 3229 temporibus
570 3165 756 3228 sactum
788 3172 858 3212 est
892 3165 1070 3213 Conci--

57 3240 174 3289 lium
221 3258 328 3291 cum
371 3247 475 3310 ejus
511 3262 743 3294 consensu
796 3251 852 3295 in
901 3247 1072 3295 Nicoea

53 3323 305 3388 Bithynice
332 3340 358 3384 ‚*
392 3334 435 3373 et
484 3331 760 3392 conqreqati
803 3337 917 3375 sunt
975 3326 1072 3376 318

54 3404 293 3470 Episcopi
303 3404 541 3467 catholici,
572 3410 685 3457 edit.
703 3409 965 3458 Blanchinii
979 3409 1070 3456 Ro·

55 3502 142 3534 mae
179 3483 304 3552 1718
322 3522 336 3543 ,
369 3496 481 3536 tom.
507 3505 524 3535 ι
544 3523 558 3548 ,
587 3507 690 3554 pag.
711 3491 803 3556 373
825 3492 911 3540 cfr.
930 3494 1066 3539 etiam

56 3567 114 3615 de
141 3568 231 3614 hoc
255 3580 523 3632 argumento
550 3569 600 3618 P.
630 3571 848 3630 Bianchi,
880 3581 955 3639 op.
989 3575 1070 3622 cit.

1158 955 1348 1019 chiesa,
1389 968 1502 1007 tom.
1523 976 1569 1007 ιν
1587 996 1600 1019 ,
1634 959 1720 1009 lib.
1744 977 1811 1020 11,
1844 979 1946 1027 cap.
1973 962 2002 1010 3
2025 1001 2039 1024 ,
2071 963 2191 1033 §9‚.

1157 1056 1209 1086 n.
1240 1056 1255 1086 1
1278 1056 1292 1100 ;
1329 1057 1415 1088 nec
1450 1043 1554 1100 non·
1574 1040 1867 1102 Muzzarelli,
1890 1046 1938 1091 in
1962 1060 2039 1110 op.
2055 1058 2179 1111 post-

1155 1119 1301 1166 humo
1321 1157 1333 1178 ,
1370 1119 1448 1167 De
1468 1123 1752 1190 auctoritate
1779 1138 1894 1170 rom.
1925 1120 2179 1191 Pontificio

1155 1203 1212 1249 in
1231 1201 1466 1250 Concile‘is
1479 1203 1800 1267 9eneralibus,
1817 1205 2023 1257 Gandavi
2047 1209 2174 1272 (sine

1154 1285 1324 1342 anno),
1356 1294 1467 1331 tom.
1497 1301 1513 1330 ι
1539 1320 1553 1343 ,
1588 1303 1688 1350 cap.
1719 1283 1778 1343 5,
1813 1286 1840 1352 S
1870 1304 1898 1335 2
1920 1325 1933 1348 ,
1973 1307 2073 1354 pag.
2107 1291 2172 1340 82

1154 1375 1198 1412 et
1227 1382 1359 1429 seqq.
1404 1365 1487 1412 ubi
1524 1366 1694 1429 profert
1722 1378 1939 1431 praeterea
1976 1374 2173 1420 auctori-

1153 1453 1294 1494 tatem
1312 1445 1542 1494 Theodori
1557 1445 1748 1495 Studitae
1765 1485 1778 1508 ,
1802 1446 1965 1514 Epist.
1986 1449 2079 1514 34,
2109 1453 2176 1501 ad

1159 1526 1360 1574 Leonem
1378 1524 1522 1576 Pont.
1537 1544 1681 1588 rom„
1716 1538 1761 1577 ct
1778 1527 2032 1594 legatorum
2047 1550 2170 1582 rom.

1152 1607 1282 1656 Sedis
1297 1646 1309 1667 ‚
1334 1610 1415 1674 qui
1443 1607 1572 1656 missi
1594 1610 1777 1658 fuerant
1794 1611 1852 1658 ad
1867 1610 2013 1661 Conc.
2030 1611 2173 1662 Chat-

1152 1690 1410 1739 cedonense
1440 1708 1464 1738 a
1491 1688 1538 1738 S.
1558 1687 1715 1739 Leone
1730 1691 1798 1740 M.
1815 1709 1869 1740 ex
1887 1693 2058 1758 quihus
2071 1693 2170 1744 Lu-

1152 1774 1347 1829 centius,
1369 1782 1461 1821 act.
1488 1788 1503 1818 1
1518 1808 1532 1831 ,
1550 1772 1749 1821 reddens
1765 1775 2012 1836 rationem,
2030 1794 2171 1841 quare

1151 1852 1399 1901 Dioscorus
1421 1871 1471 1901 ex
1493 1864 1718 1918 praecepto
1746 1854 1797 1903 S.
1830 1855 1995 1904 Leonis
2015 1858 2171 1907 sedere

1151 1952 1246 1983 non
1276 1934 1463 1984 deberet
1487 1937 1539 1982 in
1557 1935 1798 1994 Concilio,
1832 1935 1950 1984 dixit
1981 1951 1997 1986 ε
2033 1936 2170 2005 Quia

1149 2031 1258 2064 cum
1272 2031 1528 2081 personam
1538 2015 1813 2081 judicandi
1826 2032 1923 2064 non
1948 2017 2139 2068 haberet
2154 2055 2170 2080 ‚

1142 2100 1456 2164 proesumpsit
1475 2132 1491 2158 ,
1544 2106 1589 2146 et
1639 2095 1890 2163 Synodum
1944 2100 1961 2162 (
1986 2100 2169 2165 ephesi-

1147 2198 1258 2229 nam
1298 2197 1332 2228 11
1363 2180 1690 2246 proditoriam)
1719 2197 1868 2229 ausus
1902 2190 1970 2229 est
2006 2181 2181 2246 facere·

1148 2264 1256 2310 sine
1269 2261 1547 2311 auctoritate
1560 2258 1703 2312 Sedis
1720 2261 1992 2332 apostolicoe
2008 2300 2021 2323 ‚
2040 2263 2168 2327 quod

1147 2360 1398 2407 nunquam
1442 2333 1582 2390 licuit
1614 2379 1627 2401 ,
1687 2358 1938 2407 utinquam
1982 2344 2168 2407 sactum

1148 2434 1230 2473 est.
1255 2423 1335 2474 ‘Ad
1356 2424 1458 2472 haec
1488 2423 1737 2472 Dioscorus
1756 2425 2017 2483 obmutuit,
2041 2425 2166 2490 quod

1148 2516 1268 2556 certe
1305 2522 1399 2562 uon
1431 2506 1645 2566 fecisset,
1677 2507 1766 2553 nisi
1795 2515 2002 2570 ageretur
2030 2506 2088 2554 de
2118 2521 2167 2553 re

1148 2600 1259 2638 tunc
1294 2589 1510 2652 temporis
1558 2586 1942 2652 exploratissima.
1984 2586 2050 2634 Ex
2094 2586 2175 2634 his

1147 2681 1269 2735 patet
1315 2671 1602 2734 impudentia
1646 2669 1880 2718 schrockii
1912 2706 1926 2729 ,
1981 2671 2063 2734 qui
2112 2671 2166 2716 in

1151 2753 1434 2801 Chriseliclze
1498 2751 1980 2817 Kirchenqeschichte
2008 2788 2020 2807 ‚
2086 2768 2166 2801 seu

1150 2835 1376 2883 Historia
1397 2834 1625 2883 Ecclesioe
1637 2835 1913 2884 christianae
1934 2871 1946 2893 ‚
1973 2843 2092 2898 part.
2106 2850 2136 2881 v
2149 2868 2163 2892 ,

1148 2936 1250 2982 pag.
1300 2916 1399 2965 530
1422 2955 1434 2974 ‚
1475 2915 1591 2964 edit.
1636 2916 1834 2964 secunda
1857 2952 1869 2974 ,
1918 2914 2166 2963 decretoria

1149 3001 1440 3063 pronunciat,
1456 3001 1505 3045 in
1530 2999 1857 3046 convocatione
1874 2995 2069 3044 Concilii
2085 2993 2165 3042 Ni-

1149 3084 1262 3130 caeni
1276 3081 1454 3129 nullam
1469 3079 1735 3128 Silvestrum
1747 3088 1923 3142 partem
1933 3077 2164 3126 habuisse.

1151 3164 1250 3212 Csr.
1285 3163 1592 3226 Roskovany‚
1620 3178 1696 3226 op.
1722 3162 1801 3208 cit.
1831 3157 1857 3225 §
1884 3176 1960 3226 7⁰·

1221 3246 1288 3308 (2)
1325 3243 1604 3309 Quanquam
1640 3259 1793 3307 neque
1831 3241 1981 3289 desint
2025 3240 2166 3288 docu-

1154 3337 1308 3375 menta
1326 3364 1338 3385 ,
1356 3344 1455 3390 quae
1472 3325 1694 3373 suadeant
1713 3324 1832 3387 lmp.
1852 3322 2161 3375 Theodosium

1153 3428 1210 3460 ex
1257 3427 1479 3458 consensu
1533 3425 1650 3456 rom.
1698 3406 1931 3455 Pontificis
1976 3401 2164 3452 Damasi

1154 3494 1267 3540 illud
1310 3507 1596 3539 convocasse.
1638 3491 1708 3537 En
1750 3489 1884 3538 verba
1919 3487 2062 3535 Conc.
2096 3482 2175 3531 VI-

1156 3575 1455 3632 oecumenici,
1491 3573 1583 3620 loc.
1613 3572 1751 3620 modo
1786 3573 1862 3619 cit.
1884 3563 2159 3617 Μαιεδὸνιος

61 3649 205 3697 Deua
248 3653 427 3716 polest&
479 3671 503 3700 e
565 3653 686 3702 della
733 3655 903 3722 politia
956 3656 1078 3706 della
1159 3661 1235 3710 τῆν
1268 3660 1347 3705 τοῦ
1365 3651 1618 3717 Πιεῦμαιτος
1649 3651 1803 3707 ἧθέτει
1830 3648 2031 3704 &cciv-nra
2072 3643 2148 3697 aa>
