2514 4218
277 194 354 253 50

880 215 1080 253 TRAGT.
1129 214 1196 249 DE
1243 210 1394 249 LOCIS
1438 212 1822 252 THEOLOGIGIS.

276 378 443 432 cum,
488 375 692 423 conc.,·
734 354 1033 437 spirituale
1075 373 1176 412 seu
1211 349 1532 426 invisibile,
1569 375 1701 435 neq.
1755 355 2050 416 Admonet
2096 356 2403 438 Apostolus

278 451 501 527 fideleS,
529 452 685 535 quod
710 453 899 513 vocati
923 452 1041 508 sint
1058 447 1133 506 ad
1148 446 1550 506 omnimodam
1568 452 1960 527 sanctitatem,
1985 451 2059 511 ad
2082 454 2271 512 Deum
2295 453 2406 512 rite

274 548 585 609 colendum
619 560 679 609 et
707 544 1072 606 laudandum
1107 544 1219 625 (l).

356 644 461 704 85.
511 643 600 704 Ad
629 643 714 702 31¹¹
732 686 748 716 ‚
791 643 949 701 Dist.
977 642 1246 719 Regnum
1272 640 1414 714 Dei,
1441 638 1501 697 id
1529 650 1617 699 est
1635 684 1651 714 ,
1677 641 1945 718 MessiaS,
1976 654 2077 702 aut
2102 644 2324 724 gratia,
2358 646 2405 703 si

275 739 499 821 placet,
533 758 728 805 conc&
756 736 1004 796 Ecclesia
1033 735 1302 795 nondum
1327 758 1359 794 a
1389 735 1619 794 Christo
1644 734 1888 797 fundata
1910 783 1927 814 ,
1958 760 2092 819 neq.
2130 741 2239 820 (2).

361 835 462 895 86.
512 833 602 894 Ad
638 833 758 907 lim,
801 834 961 892 Dz'st.
1011 833 1078 890 In
1108 853 1285 891 sensu
1328 830 1598 908 litterali,
1640 853 1770 912 neq.
1809 832 1872 891 in
1912 854 2087 892 sensu
2124 836 2366 919 mystico
2391 881 2406 910 ,

277 933 450 991 subd.
476 951 583 1011 per
603 928 1036 1011 separationem
1056 927 1129 986 ab
1158 927 1494 987 infidelibus
1517 972 1533 1002 ,
1560 949 1721 987 conc.
1745 951 1764 995 ‚-
1790 950 1822 986 a
1851 930 2249 1009 peccatoribus
2289 932 2410 991 sive

282 1025 521 1086 occultis
541 1026 663 1086 sive
684 1024 1045 1099 manifestis
1071 1046 1204 1104 neq.
1240 1026 1366 1097 Quo
1389 1046 1567 1083 sensu
1595 1024 1866 1106 exposuit
1890 1025 2197 1105 Apostolus
2214 1072 2230 1102 ,
2258 1028 2310 1086 ΙΙ
2336 1026 2411 1085 ad

279 1122 415 1181 Cor.
460 1120 733 1196 V1414,
776 1119 1080 1180 scribens:
1119 1119 1319 1180 Nolzte
1338 1142 1568 1202 Juqum
1609 1121 1823 1179 ducere
1857 1141 2000 1179 cum
2036 1123 2404 1201 enfidelibm.

285 1217 432 1297 Quae
464 1206 629 1275 enim
647 1219 1089 1296 participative,
1121 1226 1232 1275 etc.
1273 1214 1384 1297 (3).

361 1314 461 1373 87.
513 1312 602 1373 Ad
628 1313 741 1389 5¹¹¹,
767 1314 930 1372 Dzfflst
952 1312 1008 1370 Si
1036 1311 1243 1371 eadem
1260 1312 1485 1371 ratione
1503 1357 1519 1387 ,
1542 1333 1656 1393 qua
1681 1310 1905 1372 habent
1927 1315 2115 1372 Deum
2139 1324 2370 1395 patrem
2391 1357 2407 1388 ,

278 1407 569 1468 haberent
607 1408 921 1468 Ecclesiam
954 1419 1240 1483 matrem,
1286 1417 1346 1468 et
1384 1408 1674 1484 vicissim,
1714 1430 1878 1468 conc.
1898 1429 1920 1478 ,·
1961 1410 2007 1466 si
2052 1409 2281 1470 diversa
2310 1431 2407 1468 ra-

278 1504 472 1582 tione,
508 1526 640 1586 neq.
685 1507 866 1564 Porro
902 1503 1108 1564 fideles
1136 1505 1313 1563 etiam
1344 1515 1675 1586 peccatores
1708 1516 1849 1563 sunt
1882 1504 1984 1564 filii
2015 1505 2278 1565 Ecclesiae
2302 1526 2410 1587 per

279 1599 460 1659 fi'dem
480 1645 496 1675 ,
532 1600 1043 1682 participationem
1076 1601 1588 1659 Sacramentorum
1614 1611 1673 1660 et
1694 1600 2114 1677 subjectionem
2140 1600 2412 1682 legitimis

280 1695 649 1778 pastoribu83
690 1708 830 1755 sunt
861 1708 1061 1756 autem
1088 1695 1192 1755 filii
1219 1696 1326 1755 Dei
1347 1717 1454 1778 per
1478 1696 1727 1776 gratiam
1751 1687 2212 1758 sanctificantem
2232 1742 2248 1771 ,
2282 1698 2416 1756 cha-

278 1792 515 1852 ritatem
558 1804 619 1852 et
652 1793 1063 1853 imitationem.
1106 1791 1466 1851 Schismatici
1489 1802 1549 1852 et
1578 1791 1836 1852 haeretici
1871 1793 1935 1850 in
1965 1813 2140 1865 sensu
2165 1795 2408 1852 Patrum

280 1908 392 1948 nec
426 1887 740 1949 Ecclesiam
771 1899 1022 1949 matrem
1056 1909 1165 1947 nec
1196 1890 1384 1947 Deum
1414 1897 1649 1970 patrem
1691 1887 1917 1947 habent
1943 1887 2053 1968 (4).

353 2151 415 2217 (1)
451 2150 642 2201 Cornel.
677 2169 702 2199 a
742 2150 918 2216 Lapide
959 2154 1010 2197 in
1043 2150 1178 2197 hunc
1212 2149 1300 2197 loc.
1390 2158 1546 2196 turum
1590 2149 1805 2198 Ecclesiae
1855 2149 2150 2214 splendorem
2191 2166 2244 2198 ac
2270 2152 2414 2217 maje-

286 2235 370 2285 ubi
411 2252 512 2284 non
553 2234 704 2283 solum
754 2251 862 2282 eum
905 2232 1040 2281 docte
1080 2233 1302 2297 exponit,
1390 2241 1551 2279 statem
1574 2231 1663 2296 3ad
1682 2231 1821 2280 verba
1835 2249 1990 2296 porro,
2014 2250 2116 2298 quae
2130 2228 2415 2298 objiciuntur

286 2318 366 2367 sed
401 2319 620 2384 pessimas
662 2316 980 2364 haereticorum
1022 2302 1308 2380 consequen·
1393 2314 1452 2363 ab
1484 2313 1773 2373 adversariis,
1803 2330 1900 2362 ‘non
1917 2314 2120 2380 adjiciet
2138 2313 2293 2376 ultra,
2324 2325 2412 2363 etc.

287 2404 377 2457 tias
407 2400 565 2448 diluit.
1396 2394 1634 2461 duplicem
1679 2397 1759 2445 dat
1796 2399 2175 2462 responsionem,
2218 2414 2413 2463 quarum

353 2481 418 2546 (2)
456 2481 555 2530 Csr.
588 2479 886 2527 Maldonatus
913 2515 927 2539 ,
961 2482 1044 2546 qui
1072 2478 1307 2538 ostendit,
1396 2480 1522 2543 prior
1547 2489 1615 2527 est
1635 2479 1693 2528 de
1719 2480 2016 2527 immunitate
2041 2479 2256 2527 Ecclesiae
2290 2479 2418 2526 ado-

285 2565 364 2612 hic
414 2565 487 2627 agi
539 2563 596 2610 de
626 2561 796 2609 'Messia
843 2563 1037 2628 ejusque
1080 2579 1220 2626 regno
1254 2561 1312 2609 ad
1398 2563 1650 2609 minatione
1708 2563 1928 2625 principis
1985 2561 2185 2609 infidelis
2220 2579 2234 2623 3
2278 2561 2418 2609 altera

289 2655 494 2695 mentem
506 2644 859 2692 Pharisaeorum.
875 2642 975 2691 cfr.
993 2644 1135 2690 etiam
1153 2642 1308 2706 Light-
1397 2660 1499 2707 quae
1523 2644 1670 2705 magis
1703 2642 1819 2689 mihi
1842 2642 2011 2690 arridet
2031 2677 2044 2701 ‚
2081 2652 2172 2700 est,
2200 2660 2298 2691 non
2323 2653 2418 2691 tam

288 2729 442 2776 scotus
468 2763 482 2786 ,
529 2723 677 2774 Horoe
710 2723 946 2772 hebraicae
982 2725 1040 2770 in
1078 2721 1311 2787 Evanqe-

287 2810 409 2859 lium
429 2810 599 2867 Lucoe,
631 2825 742 2873 opp.
761 2808 875 2856 edit.
895 2806 1136 2873 Ultraject.
1165 2804 1310 2873 1697,

289 2903 409 2942 tom.
438 2905 515 2941 111.

360 2974 425 3039 (3)
463 2975 523 3022 In
559 2983 686 3023 textu
717 2972 842 3021 Isaiae
872 2942 1124 3020 litteraliter
1151 2971 1315 3035 praedi-

290 3059 410 3106 citur
459 3058 629 3105 solutio
678 3056 953 3120 captivitatis
996 3052 1314 3121 babylonicae,

292 3139 567 3189 Judaeorum
585 3141 635 3187 in
666 3141 861 3205 patriam
889 3138 1068 3186 reditus
1092 3172 1106 3195 ,
1144 3154 1198 3185 ac
1228 3138 1318 3184 im·

293 3223 499 3269 munitas
540 3240 565 3269 a
594 3220 915 3270 vexationibus
960 3217 1225 3267 infidelium
1269 3220 1320 3266 in

293 3313 415 3352 terra
438 3303 751 3369 palaestinensi
776 3341 789 3364 ,
824 3314 876 3353 ut
902 3312 1028 3370 patet
1055 3319 1111 3351 ex
1148 3303 1319 3350 oratio·

292 3386 366 3433 nis
383 3387 515 3434 serie.
551 3384 652 3434 cfr.
676 3386 891 3435 Sanctius
907 3389 959 3435 in
982 3385 1111 3433 hunc
1126 3384 1284 3432 locum
1302 3421 1315 3444 ,

293 3455 412 3533 qui,
441 3470 659 3535 quamvis
679 3486 776 3517 non
810 3468 1023 3518 excludat
1042 3504 1056 3529 ‚
1090 3467 1186 3515 imo
1205 3483 1317 3531 sup-

289 3561 435 3616 ponat
461 3559 669 3599 nostram
701 3553 1129 3616 interpretationem
1151 3584 1166 3609 ,
1201 3565 1317 3597 con-

293 3633 472 3694 tendit,
525 3634 575 3680 in
611 3633 703 3682 hoc
731 3635 884 3699 capite
916 3633 1191 3699 prophetam
1229 3630 1316 3679 sub

293 3715 451 3780 typico
469 3713 762 3764 Hierusalem
792 3731 930 3764 sensu
954 3714 1210 3781 significare
1241 3712 1317 3761 fu-

1396 2722 1475 2771 hio
1503 2724 1688 2788 praedici
1708 2760 1721 2784 ,
1755 2723 1881 2789 quod
1907 2726 2060 2789 reipsa
2083 2725 2294 2773 futurum
2323 2728 2414 2786 sit,

1399 2822 1541 2872 quam
1570 2804 1696 2871 quod
1730 2822 1825 2852 esse
1844 2807 1895 2852 in
1916 2804 2120 2855 Ecclesia
2145 2844 2159 2867 ‚
2188 2825 2213 2856 a
2234 2807 2417 2856 Christo

1400 2888 1679 2955 constituta,
1713 2885 1914 2947 debeat,
1937 2899 2016 2935 aut
2045 2890 2170 2955 quod
2191 2927 2203 2949 ‚
2240 2900 2292 2938 ut
2307 2889 2414 2951 fiat,

1401 2972 1498 3034 ipsa
1542 2986 1696 3018 rerum
1750 2979 1915 3018 natura
1957 2971 2178 3036 postulat.
2228 2973 2310 3021 Ast
2347 2975 2418 3038 ip-

1405 3069 1509 3100 sum
1534 3051 1630 3100 adi.

1473 3133 1536 3197 (lo)
1575 3132 1675 3182 Hoc
1714 3149 1867 3182 revera
1892 3151 2030 3182 sensu
2070 3132 2118 3182 S.
2161 3133 2419 3200 Cyprianus

1404 3218 1614 3265 omnium
1650 3216 1825 3280 primus
1873 3219 2062 3282 scripsit
2107 3219 2158 3265 in
2199 3216 2288 3264 lib.
2339 3216 2419 3265 De

1403 3300 1589 3347 unitate
1618 3296 1755 3349 Eccl.
1780 3313 1887 3363 pag.
1923 3297 2013 3367 195
2036 3336 2050 3360 ,
2093 3299 2208 3347 edit.
2263 3300 2417 3349 Maur.

1403 3381 1598 3431 Habere
1609 3382 1723 3447 jam
1737 3396 1835 3429 ‘non
1852 3388 2006 3446 potest
2024 3380 2187 3429 Deum
2205 3391 2413 3448 patrem,

1402 3467 1487 3529 qui
1531 3462 1798 3522 Ecclesiam
1855 3479 1954 3511 non
1996 3463 2134 3513 habet
2171 3474 2415 3526 matrem‚·

1402 3548 1531 3596 hunc
1593 3547 1720 3595 enim
1775 3545 1945 3594 librum
2003 3547 2148 3596 edidit
2200 3547 2416 3596 adversus

1403 3629 1717 3678 schismaticos
1737 3627 2018 3677 Novatianos
2031 3663 2048 3691 ,
2070 3640 2120 3678 ut
2133 3630 2412 3687 ostenderet,

1404 3720 1530 3760 extra
1546 3708 1798 3759 Ecclesiam
1819 3711 2093 3762 catholicam
2125 3711 2302 3760 nullam
2319 3726 2415 3758 esse
