2514 4218
305 148 422 208 406
932 165 1130 203 τιιᾼοτ,
1180 167 1249 202 ne
1295 167 1443 203 roms
1485 168 1856 208 nicomedem.

306 334 501 395 neque
560 308 980 370 attributorum
1035 308 1464 389 possessionem
1515 308 1819 392 quidpiam
1873 332 2130 371 romanae
2180 310 2446 375 Ecclesiae

308 406 621 469 contulisse
640 452 655 481 ‚
694 428 876 487 quum
898 452 912 479 .,
945 410 1107 483 juxta
1136 404 1397 485 exposita
1420 449 1434 477 7
1479 402 1603 463 haec
1626 404 1908 465 attributa
1934 430 2054 466 non
2087 408 2307 468 fuerint
2331 411 2442 469 nisi

307 504 401 568 vel
436 524 604 562 causa
644 502 739 561 vel
775 502 1012 560 effectus
1047 499 1335 580 primatus
1357 543 1374 568 ,
1424 520 1601 579 quem
1646 521 1842 559 secum
1892 503 1954 560 in
1993 503 2213 563 Urbem
2245 503 2446 564 intulit

306 603 514 660 Petrus
534 644 550 670 ,
596 601 756 674 cujus
794 596 983 677 reipsa
1013 595 1243 653 romani
1275 595 1582 653 Pontifices
1610 607 1670 655 et
1703 617 2056 657 successores
2097 611 2155 659 et
2183 599 2445 660 haeredes

308 696 589 755 existunt.
632 695 759 765 Quo
802 690 1041 772 quidem
1084 713 1255 749 sensu
1284 702 1517 748 tantum
1548 692 1810 773 Episcopi
1853 695 2085 752 romani
2120 717 2151 753 a
2182 696 2446 755 Patribus

305 809 659 851 successores
697 789 875 846 Petra·
910 797 1228 863 vocantur,
1274 798 1334 845 et
1354 785 1487 845 ideo
1512 791 1929 848 eminentiores
1957 800 2097 847 sunt
2124 790 2279 850 inter
2300 804 2449 853 cete·

310 911 402 947 ros
446 887 792 968 Episcopos7
839 886 971 967 quia
1019 887 1260 957 Petrus5
1314 885 1404 941 cui
1450 885 1756 943 Pontifices
1806 887 2032 945 romani
2078 886 2448 948 haereditario

298 990 432 1063 jure
477 981 831 1053 succedunt-5
873 1002 1007 1039 vera
1050 981 1489 1060 praeeminentia
1525 981 1947 1057 jurisdictionis
1984 995 2043 1042 et
2093 984 2451 1043 auctoritatis

313 1102 490 1161 super
529 1078 782 1159 reliquos
813 1076 1115 1158 Apostolos
1142 1078 1198 1135 vi
1236 1078 1546 1158 primatus7
1579 1077 1687 1135 sibi
1715 1078 2009 1143 aChristo
2044 1079 2268 1158 collati,
2297 1081 2457 1163 poti--

307 1188 400 1235 tus
446 1187 555 1234 est.
610 1175 849 1233 Interim
896 1174 1093 1252 magni
1139 1173 1380 1231 facimus
1429 1171 1818 1255 lubenterque
1877 1175 2289 1258 amplectimur
2321 1198 2454 1235 con-

312 1272 598 1332 cessiones
639 1270 987 1342 adversarii7
1026 1281 1151 1326 tum
1198 1268 1415 1326 scilicet
1451 1270 1687 1327 Petrum
1724 1272 1970 1330 Romam
2007 1273 2266 1349 venisse,
2303 1294 2453 1332 rom.

312 1369 627 1428 Pontifices
679 1368 834 1425 Petri
864 1367 926 1423 in
964 1364 1113 1424 Sede
1145 1386 1386 1423 romana
1412 1386 1765 1425 successores
1803 1389 1953 1443 esse,
1995 1371 2193 1429 Patres
2223 1391 2461 1430 vocasse·

311 1465 548 1543 eosdem
580 1463 888 1522 Pontifices
922 1482 1275 1520 successores
1305 1461 1462 1519 Petri
1491 1486 1507 1533 .·,
1548 1472 1676 1519 tum
1720 1464 2106 1545 Imperatores
2138 1467 2458 1548 primatum

310 1584 461 1621 rom.
500 1559 794 1618 pontificis
829 1558 1132 1637 agnovisse
1156 1602 1171 1631 ,
1206 1556 1482 1635 singulari
1506 1558 1950 1636 praeeminentia
1982 1562 2139 1622 inter
2177 1562 2454 1623 Ecclesias

310 1679 516 1718 omnes
561 1678 868 1715 romanam
914 1653 1121 1713 Sedem
1168 1652 1261 1713 vel
1302 1675 1333 1710 a
1380 1655 1500 1712 suis
1541 1654 1878 1735 primordiis
1925 1656 2282 1734 obtinuisse3
2329 1671 2459 1718 tum

312 1754 569 1834 denique
598 1773 790 1832 neque
819 1753 1253 1832 Imperatorum
1296 1748 1543 1808 decretis
1579 1772 1772 1833 neque
1803 1752 2195 1814 Conciliorum
2219 1756 2461 1815 canoni-

307 1849 418 1909 bus
444 1847 729 1928 ejusmodi
759 1846 1263 1929 praeeminentiam
1291 1846 1666 1904 constitutam
1703 1869 1859 1923 esse,
1898 1871 2027 1929 quae
2051 1852 2246 1910 omnia
2271 1851 2466 1911 hacte-

313 1969 423 2007 nus
458 1955 849 2028 protestantes
902 1956 961 2002 et
1010 1943 1191 2001 Graeci
1231 1941 1587 2001 schismatici
1625 1942 1794 2032 nobis
1851 1944 2226 2026 impudenter
2271 1946 2463 2008 dene·-

313 2044 548 2124 gabant.
589 2042 824 2100 Utinam
845 2086 859 2112 5
893 2041 992 2121 qui
1029 2039 1151 2098 haec
1188 2039 1443 2118 ingenue
1475 2039 1734 2118 agnoscit
1762 2061 1827 2098 ac
1855 2040 2107 2116 fatetur,
2151 2044 2461 2103 veritatem

314 2151 502 2199 totam
550 2158 856 2217 agnoscere
891 2158 954 2194 ac
983 2135 1247 2217 profiteri
1282 2156 1404 2192 non
1445 2134 1818 2194 erubesceret
1846 2135 1858 2194 ἔ

403 2235 545 2293 591.
594 2233 727 2312 Obj.
758 2232 1033 2291 secunda.
1069 2231 1132 2288 1Ο
1156 2232 1415 2290 Moralz's
1433 2231 1767 2288 certa-dinis
1785 2231 1964 2311 gradu
1986 2234 2217 2294 ostendi
2235 2247 2464 2318 potest,

317 2331 697 2390 traditionem
731 2328 1080 2388 catholicam
1126 2327 1373 2386 minime
1411 2348 1722 2407 agnoscere
1756 2350 1906 2387 rom.
1951 2332 2292 2392 Pontificem
2313 2379 2329 2407 ‚
2363 2333 2466 2393 ali-

318 2451 434 2512 quo
471 2426 748 2510 peculiari
779 2447 951 2485 sensu
984 2425 1214 2495 diverso
1255 2446 1286 2482 a
1332 2424 1536 2483 ceteris
1580 2424 1876 2506 Episcopis
1898 2470 1913 2499 ,
1958 2428 2043 2485 uti
2073 2449 2464 2489 successorem

317 2526 476 2586 Petri
492 2530 649 2603 jure
687 2525 918 2582 divino,
940 2525 1183 2580 Patrum
1220 2521 1380 2580 enim
1410 2521 1745 2580 testimonia
1769 2567 1784 2596 7
1819 2544 1849 2580 a
1886 2525 2142 2583 romanis
2167 2525 2487 2606 polemicis

318 2622 558 2682 collecta
609 2620 684 2680 ad
727 2620 836 2678 hoc
882 2617 1275 2679 evincendum
1329 2618 1653 2696 generatim
1699 2619 1877 2675 silent
1920 2618 2029 2677 hac
2079 2619 2151 2679 de
2197 2643 2279 2681 re.
2331 2623 2466 2681 Haec

320 2720 543 2801 quippe
579 2716 914 2775 testimonia
951 2715 1014 2772 in
1052 2715 1313 2794 quinque
1355 2711 1562 2771 classes
1607 2711 1876 2771 distribui
1916 2727 2185 2796 possunt.
2236 2719 2324 2775 1¹¹⁰a
2368 2719 2469 2777 Est

320 2835 555 2891 eorum,
598 2813 700 2896 qui
745 2813 914 2870 unice
966 2809 1284 2869 adstruunt
1317 2808 1832 2890 praeeminentiam
1867 2811 2128 2872 Ecclesiae
2169 2835 2463 2887 romanaet,

324 3035 448 3081 modi
490 3043 752 3082 commenta
792 3033 851 3081 ab
894 3032 1122 3080 haereticis
1157 3034 1338 3078 invecta
1422 3029 1515 3077 hoc
1544 3031 1911 3096 >epiphonemate
1955 3035 2076 3083 hanc
2130 3034 2465 3084 discussionem

322 3115 600 3176 obtrudere,
626 3115 732 3164 satis
759 3118 842 3164 erit
874 3115 932 3163 ad
963 3117 1154 3162 istorum
1183 3104 1374 3162 remu—⁸
1428 3114 1667 3164 concludit
1698 3133 1711 3163 z
1752 3113 1939 3180 Sifi'eri
1953 3118 2187 3182 potuisset
2206 3155 2218 3176 ‚
2247 3126 2298 3165 ut
2318 3118 2471 3166 homi-

329 3199 539 3247 dendum
573 3218 774 3249 errorem
815 3200 1141 3249 condemnatio
1169 3208 1257 3247 art.
1297 3214 1346 3244 1x
1433 3214 1516 3245 nes
1549 3207 1807 3247 everterent
1826 3199 2255 3264 fu'ndamentuma
2274 3199 2465 3248 Christo

333 3281 473 3331 Joan.
498 3282 619 3331 Huss
638 3319 651 3341 ‚
683 3284 799 3332 sacta
819 3286 868 3332 in
891 3283 1099 3332 Concilio
1124 3282 1354 3329 Constan-
1431 3284 1646 3352 positum
1666 3321 1680 3343 ‚
1714 3300 1775 3331 ne
1797 3302 1948 3331 unum
1979 3285 2174 3348 quidem
2200 3302 2301 3333 snae
2327 3282 2467 3332 Sedis

328 3369 465 3416 tieusi
486 3361 717 3429 :Pa-palis
734 3367 945 3431 diynitas
968 3384 999 3414 a
1030 3365 1217 3413 Coesare
1229 3366 1339 3411 ino-
1425 3366 1657 3415 haeredem
1712 3367 1874 3415 Romae
1906 3369 1916 3427 ζ
1932 3364 2132 3415 Petrum
2175 3366 2416 3414 habuisset
2441 3382 2461 3427 ,·

328 3450 474 3513 levit,
513 3460 560 3498 et
603 3454 761 3514 Papoe
799 3452 1031 3516 profectio
1070 3467 1100 3498 a
1133 3449 1345 3497 Caesaris
1428 3452 1545 3499 adeo
1581 3468 1746 3499 verum
1781 3460 1878 3510 est,
1912 3453 2110 3500 Romam
2143 3452 2464 3500 christianam

322 3536 543 3599 potentia
580 3535 839 3582 emanavit.
866 3534 1016 3599 Quare
1050 3536 1212 3583 merito
1238 3533 1347 3580 Bar·
1432 3533 1598 3583 debere
1625 3532 1760 3581 nihil
1791 3535 1954 3582 Romoe
1985 3551 2196 3600 paqanoe
2218 3573 2230 3591 ‚
2260 3550 2453 3597 suoeque

325 3619 422 3666 ruel
441 3654 455 3677 ,
505 3621 553 3665 in
584 3636 665 3683 op.
708 3620 789 3666 cit.
821 3615 919 3665 Sul
950 3635 1079 3683 papa
1119 3617 1176 3664 ed
1204 3614 1354 3663 isuoi
1434 3618 1859 3684 sedisprimatum‚
1881 3635 1980 3665 non
1999 3618 2247 3665 Caesarum
2265 3616 2452 3672 throno,

324 3699 489 3747 de'ritti
507 3739 521 3763 ‚
560 3711 676 3749 tom.
712 3718 726 3748 1
749 3737 762 3764 ,
792 3719 838 3765 p.
862 3716 890 3747 2
915 3741 926 3762 ‚
958 3720 1059 3767 cap.
1079 3720 1095 3751 1
1113 3741 1127 3761 ,
1155 3722 1203 3769 p.
1232 3699 1344 3764 158,
1431 3703 1513 3751 sed
1538 3701 1628 3750 soli
1655 3702 1796 3749 Petro
1820 3710 2064 3766 acceptum
2093 3700 2266 3764 referre
2284 3700 2306 3746 Ι
