2514 4218
2077 181 2190 242 341

413 204 572 241 PAn‘r.
618 204 658 240 1.
704 202 853 242 SEc'r.
899 202 962 243 11.
1012 203 1134 244 CAP.
1177 206 1218 242 1.
1269 204 1337 242 DE
1370 204 1530 243 PETRI
1572 198 1842 242 PmMA'ru.

78 347 516 428 Chrysostomus
558 345 683 426 (1),
723 344 1051 428 Stephanus
1095 346 1366 406 Dorensis
1406 345 1496 427 (2)
1524 388 1541 419 ,
1592 345 1650 404 S.
1700 343 2013 404 Eucherius
2069 334 2192 426 (3),

79 442 287 523 quibus
322 439 592 500 omnibus
633 441 942 522 praeiverat
989 443 1049 502 S.
1101 441 1421 523 Cyprianus
1456 439 1566 519 (4).
1624 440 1811 520 Super
1858 440 2195 502 universam

78 537 386 596 Ecclesiam
411 537 646 594 Petrum
682 535 794 594 illis
839 534 1034 595 verbis
1072 535 1246 595 fuisse
1286 537 1671 594 constitutum
1695 579 1710 609 .,
1743 544 1945 615 aperte
1973 533 2190 595 docent

77 630 327 689 Hilarius
362 631 647 700 Diaconus
693 631 815 710 (5),
858 631 915 688 S.
952 630 1238 689 Maximus
1282 631 1518 690 Taurin.
1547 629 1670 711 (6),
1699 631 1754 689 S.
1789 628 2045 689 Gelasius
2069 630 2193 709 (7),

75 725 316 785 Ecclesia
335 725 644 785 Orientalis
668 726 938 785 universa
965 724 1026 781 in
1056 724 1299 806 epistola
1314 725 1387 782 ad
1404 724 1817 805 Symmachum
1836 727 2053 806 Papam
2069 724 2158 805 (8)
2177 770 2195 799 ,

78 820 286 879 Arator
322 819 713 880 Subdiaconus
755 820 878 898 (9),
908 820 966 877 S.
992 819 1164 876 Joan.
1193 817 1639 898 Chrysostomus
1669 820 1800 899 (10)
1821 864 1838 893 ,
1872 820 1929 878 S.
1961 817 2201 879 Ambro-

76 916 193 973 sius
229 915 401 997 (11),
437 917 491 974 S.
534 917 646 974 Leo
689 916 768 973 M.
809 911 966 992 (12),
1010 913 1065 970 S.
1106 913 1414 992 Gregorius
1450 914 1691 993 Magnus
1741 913 1871 993 (13)
1902 959 1918 989 ,
1947 915 2004 973 S.
2046 915 2192 973 Ber-

75 1009 295 1068 nardus
339 1009 468 1090 (14)
494 1055 510 1084 ,
551 1005 1014 1090 Theophylactus
1066 1006 1236 1087 (15).
1280 1028 1424 1089 quos
1461 1029 1664 1069 omnes
1692 1009 2000 1069 antecessit
2057 1009 2191 1069 Ori-

72 1124 244 1182 genes
271 1103 427 1184 (16).

148 1265 212 1330 (1)
233 1266 373 1316 Hom.
391 1281 590 1316 Lxxxvm
607 1303 622 1327 ‚
639 1284 690 1315 n.
718 1281 734 1313 ι
762 1303 776 1325 ,
797 1265 909 1314 edit.
929 1264 1082 1316 Maur.

74 1358 191 1397 tom.
222 1365 303 1398 vm
322 1386 336 1409 ,
366 1367 473 1414 pag.
505 1346 636 1407 525,
663 1357 708 1395 et
733 1345 886 1405 Hom.
916 1364 969 1396 111
990 1385 1003 1408 ‚
1029 1348 1084 1395 in

72 1429 192 1478 Act.
215 1429 382 1495 Apost.
406 1449 453 1480 n.
480 1446 499 1477 1
529 1440 573 1478 et
601 1430 663 1494 33
696 1428 814 1479 ibid.
846 1441 962 1480 tom.
987 1447 1039 1477 ix
1058 1465 1072 1490 ‚

69 1529 178 1577 pag.
210 1509 384 1560 22-26.

142 1593 207 1656 (2)
246 1592 298 1639 ln
313 1590 464 1639 libello
482 1591 548 1638 ad
571 1589 848 1640 Martinam
871 1589 1079 1659 Papam,

69 1673 193 1739 apud
209 1673 353 1723 Hard.
367 1674 494 1723 Acta
516 1675 662 1724 Cone.
681 1684 715 1723 t.
739 1689 791 1722 ιιι
812 1712 825 1734 ,
850 1675 940 1724 eol.
962 1673 1080 1741 714.

138 1755 208 1820 (3)
218 1756 275 1802 H
275 1754 463 1803 omilin
477 1752 854 1819 vi9i1.SS.Petri
867 1753 1080 1820 etPauli,

67 1839 117 1886 in
141 1836 375 1886 Biblioth.
396 1838 606 1885 Patrum
619 1872 636 1899 ‚
671 1837 758 1885 sub
778 1841 969 1904 nomine
984 1839 1081 1887 Eu-

67 1918 181 1966 sebii
204 1918 406 1967 Emiseni
425 1957 437 1980 ,
454 1930 566 1969 tom.
583 1937 631 1983 v,
649 1937 750 1985 pag.
770 1937 799 1984 7
812 1937 891 1981 12,
910 1919 1077 1970 Colon.

65 1998 254 2065 Agripp.
284 1998 427 2050 1618.
512 2037 519 2046 .

135 2082 199 2145 (4)
220 2081 278 2130 In
295 2083 380 2132 lib.
402 2081 473 2132 De
489 2085 615 2131 unit.
635 2082 816 2132 Eoo-les.
832 2100 934 2149 pag.
966 2082 1076 2151 195.

138 2165 202 2228 (5)
243 2166 297 2213 ln
341 2165 523 2215 Comm.
566 2169 622 2214 in
658 2170 796 2233 epist.
845 2168 910 2216 ad
962 2169 1078 2218 Gal.

68 2261 173 2311 cap.
219 2263 235 2294 ι
268 2283 283 2306 ,
327 2265 376 2296 v.
423 2245 483 2295 18
502 2284 516 2309 ‚
563 2250 678 2297 edit.
723 2249 876 2298 Maur.
909 2252 961 2298 in
1003 2269 1080 2316 ap-

65 2330 207 2395 pend.
252 2329 310 2377 ad
351 2346 488 2394 opera
527 2329 577 2378 S.
609 2329 823 2379 Ambros.
864 2342 975 2380 tom.
1006 2349 1077 2393 ιι,

66 2429 172 2478 pag.
216 2410 315 2458 213
354 2447 368 2470 ‚
416 2414 549 2478 cujus
596 2411 695 2460 haec
741 2412 881 2461 verba
921 2423 1027 2461 sunt
1065 2430 1078 2462 t

69 2491 292 2557 Diqnum
304 2491 406 2555 fait
422 2530 435 2553 ‚
456 2501 508 2540 ut
531 2502 720 2559 cuperet
737 2496 756 2557 (
775 2494 940 2543 Paulus
960 2495 976 2558 )
1004 2496 1080 2543 vi-

63 2572 171 2621 dere
197 2573 433 2634 Petrum,
465 2577 581 2638 quia
607 2577 801 2640 primus
822 2585 922 2624 erat
953 2579 1083 2624 inter

66 2654 314 2720 Apostolos
347 2693 360 2715 ‚
404 2658 489 2703 oui
520 2656 817 2721 deleyaverat
855 2655 1082 2707 Salvator

62 2753 230 2784 caram
254 2734 649 2788 Ecclesiarum...
665 2746 722 2786 ut
734 2740 876 2787 sciret
906 2740 1080 2789 Petrus

60 2817 184 2866 hano
213 2817 289 2865 illi
306 2820 325 2882 (
356 2818 498 2868 Paulo
525 2821 541 2884 )
579 2820 742 2868 datam
796 2820 1041 2871 licentiam
1060 2859 1075 2884 ‚

59 2918 204 2966 quam
241 2911 284 2950 et
323 2904 423 2968 ipse
456 2912 717 2969 acceperat.

128 2983 196 3047 (6)
222 2984 361 3033 Hom.
382 3002 470 3033 Lxx
486 3023 497 3045 ,
526 2984 597 3035 De
615 2985 773 3033 natali
784 2983 880 3037 SS.
902 2985 1073 3053 Apost.

63 3060 199 3113 Petri
220 3075 262 3113 et
294 3065 464 3115 Pauli.
483 3067 603 3133 Opp.
626 3069 736 3117 edit.
759 3068 902 3118 Rom.
926 3066 1072 3135 1784,

65 3162 170 3210 pag.
201 3146 297 3196 225
320 3186 334 3211 ,
354 3149 435 3198 ubi
465 3166 478 3199 :
510 3150 761 3214 Quantum
794 3152 977 3218 igitur,
1008 3154 1079 3198 in·

69 3229 204 3290 quit,
235 3232 399 3278 meriti
428 3231 561 3297 apud
605 3231 766 3280 Deam
797 3249 941 3279 suum
980 3229 1075 3280 Pe-

66 3314 168 3353 trus
193 3319 292 3357 erat
311 3348 324 3371 ,
344 3320 399 3359 ut
410 3322 519 3378 post
545 3313 779 3362 naviculae
802 3330 971 3379 parvoe
992 3331 1070 3362 re—

68 3390 272 3452 ·miqium
293 3428 307 3450 ‚
336 3399 480 3442 totius
504 3395 555 3444 E
555 3395 735 3446 eclesia?
751 3395 1077 3469 qubernaoula

67 3470 398 3520 traderemur!

140 3553 207 3615 (7)
245 3550 392 3619 Epist
410 3570 458 3616 V,
483 3557 547 3604 od
571 3557 846 3607 Hortarium
869 3557 1078 3609 Dalmat.

66 3640 212 3700 episc.
233 3638 282 3683 in
313 3636 430 3686 Act.
448 3637 628 3687 concil.
649 3640 820 3691 Labbei
839 3679 853 3704 ,
880 3653 990 3692 tom.
1012 3659 1077 3702 iv,

68 3717 160 3769 col.
189 3733 333 3782 1172.

1237 1266 1303 1330 (8)
1337 1266 1456 1316 [bid.
1472 1268 1561 1316 col.
1587 1266 1732 1318 1305.
1759 1267 1874 1317 Non
1897 1270 2030 1317 enim
2046 1270 2204 1334 iqua-⁷

1166 1363 1248 1395 ras
1263 1350 1366 1414 ejus
1379 1348 1652 1413 inqeniam,
1668 1351 1906 1414 inquiunt
1916 1350 2187 1409 orientales,

1166 1432 1254 1495 qui
1264 1431 1476 1496 quotidie
1492 1447 1522 1478 a
1547 1447 1681 1479 sacro
1706 1431 1889 1480 doctore
1910 1440 1992 1480 tuo
2009 1432 2197 1481 doceris

1166 1528 1271 1561 oves
1332 1511 1515 1562 Christi
1560 1529 1651 1577 per
1694 1520 1842 1560 totum
1879 1512 2191 1562 habitabilem

1165 1594 1403 1642 mundum
1423 1593 1632 1642 creditas
1652 1593 1968 1660 tibipasoere.

1234 1675 1301 1739 (9)
1340 1674 1476 1724 Hiet.
1533 1674 1705 1741 Apost.
1767 1675 1853 1725 lib.
1912 1693 1931 1723 1
1959 1712 1973 1738 ‚
2009 1677 2059 1724 in
2105 1674 2199 1723 Bi-

1164 1756 1330 1809 blioth.
1347 1753 1552 1805 Patrum
1569 1794 1583 1818 ,
1599 1756 1768 1807 Colon.
1785 1756 1974 1823 Agripp.
1998 1768 2113 1806 tom.
2126 1773 2194 1819 vt,

1164 1849 1284 1906 part.
1313 1855 1379 1901 11,
1402 1857 1509 1904 pag.
1552 1853 1601 1900 2,
1636 1839 1726 1888 col.
1766 1855 1826 1900 2.,
1864 1839 1920 1889 F.

1236 1921 1337 1986 (10)
1375 1921 1527 1970 Hom.
1573 1938 1664 1981 nv,
1710 1921 1772 1969 al.
1811 1937 1885 1969 ιν.
1927 1922 1984 1968 in
2013 1920 2199 1973 Matth.

1164 2004 1274 2052 edit.
1297 2003 1449 2051 Maur.
1470 2020 1575 2068 pag.
1607 1999 1728 2065 548,
1746 2001 1825 2050 ubi
1844 2003 2004 2051 scribit
2024 2018 2039 2050 :
2066 2002 2195 2051 Pas-

1164 2085 1310 2133 torem
1348 2084 1598 2148 (Ecclesiae
1636 2085 1841 2147 futurae)
1875 2085 2039 2150 ipsum
2074 2100 2191 2132 oon-

1162 2167 1381 2215 stituit...
1421 2164 1504 2213 sed
1535 2164 1674 2212 illam
1714 2164 2056 2229 (Jeremiam)
2101 2167 2197 2213 uni

1160 2250 1293 2313 qemi
1309 2282 1325 2309 ‚
1363 2247 1492 2295 hano
1513 2255 1672 2295 autem
1705 2246 1961 2312 (Petrum)
1991 2248 2047 2295 in
2070 2248 2193 2295 uni-

1163 2345 1294 2378 verso
1329 2337 1564 2376 terrarum
1595 2327 1703 2376 orbe
1733 2344 1748 2391 ;
1779 2346 1833 2377 ex
1874 2346 1968 2395 quo
2012 2329 2193 2387 insert,

1162 2407 1367 2471 Filium,
1412 2411 1493 2475 qui
1534 2409 1670 2457 talem
1703 2408 1903 2458 contulit
1933 2409 2066 2458 Petro
2108 2428 2207 2475 po·

1162 2503 1371 2542 testatem
1389 2529 1402 2552 ,
1433 2509 1532 2540 esse
1557 2491 2004 2541 consubstantialem
2048 2492 2190 2544 Patri.

1161 2574 1221 2622 Et
1250 2574 1363 2623 alibi
1387 2590 1527 2638 saepe.

1234 2657 1333 2721 (11)
1358 2655 1408 2704 Ε
1410 2663 1599 2704 narrat.
1620 2657 1673 2702 in
1692 2654 1834 2705 Psal.
1858 2673 1966 2704 xun
1983 2689 1999 2717 ‚
2021 2675 2072 2706 n.
2090 2655 2178 2721 4ο,

1162 2737 1281 2788 edit.
1315 2737 1468 2785 Maur.
1496 2746 1611 2785 tom.
1639 2746 1688 2797 i,
1721 2737 1791 2784 col
1823 2734 1943 2802 904.

1231 2819 1334 2884 (12)
1372 2819 1524 2868 Serm.
1545 2836 1612 2878 iv,
1639 2818 1732 2866 edit
1755 2818 1977 2868 Ballerin.
2010 2813 2188 2885 caps4,

1161 2918 1268 2968 pag.
1294 2919 1353 2969 ¹9
1376 2917 1391 2966 3
1409 2911 1507 2949 tum
1526 2897 1684 2950 Serm.
1715 2916 1767 2947 ιιι
1785 2937 1798 2961 ,
1819 2910 2049 2966 assumpt.
2062 2917 2185 2961 sace,

1159 3003 1264 3050 cap.
1300 2982 1333 3047 4
1355 3021 1370 3045 ,
1391 2983 1506 3032 ibid.
1526 3000 1623 3047 pag.
1662 2981 1720 3030 13
1738 3016 1752 3041 ,
1772 2979 1981 3032 etSerm.
2006 2999 2053 3031 iv
2071 3018 2086 3044 ‚
2109 2999 2189 3031 as-

1158 3071 1336 3131 sumpt.
1373 3081 1507 3125 auce,
1562 3081 1665 3128 cap.
1699 3079 1728 3110 2
1756 3099 1770 3124 ‚
1811 3063 1930 3112 ibid.
1962 3081 2066 3129 pag.
2106 3061 2185 3114 16.

1227 3145 1323 3210 (13)
1362 3146 1466 3194 Lib.
1500 3164 1544 3205 v,
1584 3147 1718 3209 epist.
1752 3163 1840 3207 xx,
1877 3145 1989 3195 edit.
2032 3145 2184 3195 Maur.

1158 3241 1274 3280 tom.
1308 3247 1375 3290 11,
1405 3247 1508 3294 pag.
1543 3225 1661 3294 748.

1230 3311 1330 3377 (lh)
1356 3310 1434 3359 De
1457 3308 1748 3358 considerat.
1776 3309 1858 3357 lib.
1893 3328 1930 3357 ιι
1948 3348 1962 3370 ,
1990 3327 2091 3376 cap.
2119 3308 2173 3370 8,

1161 3394 1272 3442 edit.
1307 3393 1461 3441 Maur.
1500 3389 1593 3439 vol.
1634 3407 1686 3452 1,
1718 3407 1823 3457 pag.
1856 3388 1977 3454 428.

1233 3475 1332 3540 (15)
1371 3474 1424 3521 In
1455 3491 1560 3539 cap.
1617 3491 1691 3522 xxl
1725 3474 1865 3522 Joan.
1903 3473 2020 3523 edit.
2058 3470 2178 3520 Ven.

1171 3555 1298 3624 1754
1322 3593 1336 3616 ‚
1368 3566 1480 3605 tom.
1511 3572 1558 3615 1,
1597 3571 1707 3621 pag.
1751 3553 1867 3622 769.

1232 3639 1330 3703 (16)
1367 3638 1425 3686 Ιιι
1447 3656 1549 3703 cap.
1572 3635 1624 3702 6,
1654 3640 1786 3704 epist.
1818 3637 1876 3686 ad
1899 3635 2036 3685 Rom.
2065 3634 2197 3685 edit..
