2514 4218
2073 182 2188 241 411

380 211 538 247 PAR'r.
583 209 624 245 1.
672 207 829 245 SECT·
879 209 941 245 11.
985 208 1110 245 CAP.
1170 208 1233 244 11.
1277 206 1346 244 ΒΕ
1398 204 1622 244 PRIMAT.
1669 203 1894 242 rnnl’nr.

73 350 353 412 ducendis
405 349 689 428 longiores
745 349 942 406 simus
997 349 1076 406 Ex
1129 345 1338 428 quibus
1377 356 1642 420 constat,
1682 345 1820 404 satis
1853 366 1984 403 non·
2015 343 2196 403 fuisse

73 447 339 507 Patribus
390 466 605 505 vvocare
643 466 791 503 rom.
838 443 1141 501 Pontifices
1184 463 1531 502 successores
1576 442 1778 517 Petri,
1843 459 2194 499 successores

69 540 133 601 in
162 541 443 601 cathedra
490 541 677 612 Petri3
725 560 927 598 verum
963 538 1013 596 ei
1051 549 1329 618 praeterea
1365 535 1730 607 tribuerunt,
1773 555 1903 617 quae
1953 533 2189 593 nonnisi

74 637 176 694 uni
220 634 480 694 Ecclesiae
527 635 763 715 primati
807 643 1134 713 competere
1182 643 1422 712 queunt.
1485 633 1617 689 Haec
1664 631 1820 689 enim
1859 629 2194 688 testimonia

75 741 302 788 tantam
331 732 452 788 vim
489 729 742 803 habent,
762 740 829 786 ut
852 727 1216 787 adversarius
1243 739 1469 785 coactus
1499 727 1669 785 fuerit
1684 728 1796 786 suis
1813 726 1972 785 illam
1998 725 2201 804 glossis

75 839 420 900 extenuare,
447 836 620 906 prout
651 825 918 904 praestitit
941 825 1001 881 in
1028 822 1362 881 testimonio
1387 825 1688 904 Cypriani3
1728 845 1864 882 nam
1893 823 2002 880 hoc
2024 824 2150 902 ipso
2177 865 2207 896 7,

75 921 232 1002 quod
273 921 597 1002 Cyprianus
654 922 894 978 Romam
953 917 1292 996 navigantes
1334 918 1614 979 admonet
1665 921 1727 978 in
1777 918 1899 977 solo
1938 917 2208 1003 legitimo>

77 1018 233 1076 Petri
269 1037 591 1075 successore
631 1013 894 1074 Cornelio
934 1014 1361 1091 ‚agnoscendam
1390 1037 1511 1075 esse
1549 1037 1615 1075 ac
1651 1013 1967 1074 tenendam
1995 1014 2198 1073 Eccle-

75 1116 181 1169 sz'oe
223 1112 523 1169 catholicoe
561 1112 827 1170 radicem
867 1119 922 1166 et
956 1114 1304 1184 matricem,
1332 1122 1524 1191 patet,
1568 1132 1637 1169 ex
1664 1115 1784 1189 ejus
1813 1120 2011 1167 mente
2045 1107 2201 1167 hanc

76 1227 198 1265 esse
229 1206 381 1264 Petri
422 1225 806 1265 successorum
847 1205 1307 1284 praerogativam.
1352 1205 1512 1265 Idem
1552 1206 1645 1265 dic
1693 1206 1766 1264 de
1804 1204 1985 1264 altera
2010 1204 2197 1284 glossa

79 1301 275 1361 verbis
327 1304 563 1362 Patrum
611 1299 1170 1358 Chalcedonensium
1220 1305 1517 1382 opposita,
1569 1323 1700 1383 quae
1737 1300 2195 1360 luculentissima

79 1408 244 1473 sunt3
293 1397 403 1477 ipsi
438 1396 594 1475 enim
619 1406 939 1476 agnoscunt
961 1415 992 1452 a
1031 1395 1341 1454 Salvator-e·
1365 1399 1551 1454 vineoe
1602 1417 1702 1455 seu
1732 1395 1992 1455 Ecclesiae
2019 1396 2200 1455 totius

79 1491 395 1549 custodiam
435 1511 583 1547 rom.
629 1490 893 1547 Pontifici
955 1493 1042 1548 uti
1083 1491 1237 1549 Petri
1283 1491 1591 1549 successori
1649 1491 2054 1564 commissam,
2103 1490 2202 1549 cui

83 1587 435 1667 profitentur
475 1607 536 1644 se
572 1597 851 1666 tanquam
881 1585 1146 1645 membra
1179 1587 1351 1668 capiti
1393 1586 1659 1666 conjungi
1679 1631 1694 1657 ,
1727 1607 1829 1646 seu
1857 1584 2015 1668 quod
2039 1584 2198 1645 idem

79 1694 202 1755 est,
238 1680 346 1740 sibi
390 1703 523 1739 eum
564 1686 719 1739 sicut
747 1684 1033 1740 membris
1069 1693 1254 1760 caput
1279 1703 1525 1761 praeesse
1553 1682 1666 1761 (l).
1712 1681 1875 1755 Quod
1903 1702 2041 1741 vero
2063 1701 2204 1762 spe-

79 1787 198 1834 ctat
245 1776 317 1834 ad
361 1798 738 1835 romanorum
769 1778 1113 1836 Pontificum
1140 1798 1462 1859 eorumque
1495 1777 1813 1857 legatorum
1836 1822 1853 1851 ,
1895 1798 1993 1835 seu
2030 1798 2198 1858 pres-

78 1869 418 1951 byterorum
463 1893 836 1931 romanorum
873 1874 1044 1931 effata
1064 1918 1079 1947 ,
1124 1871 1334 1955 quibus
1365 1871 1498 1930 Sedi
1527 1871 1847 1954 apostolicae
1877 1872 2201 1953 primatum

72 1969 204 2042 jure
228 1967 428 2026 divino
451 1966 817 2040 adscribunt,
846 1966 1155 2026 ridiculum
1177 1989 1314 2026 sane
1341 1979 1449 2040 est,
1474 1968 1630 2045 quod
1651 1967 2012 2028 adversarius
2039 1987 2204 2026 asse·

80 2062 194 2134 rit,
245 2060 306 2118 id
351 2082 446 2120 eos
492 2083 560 2121 ex
618 2060 893 2122 veniabili
939 2062 1224 2122 desiderio
1268 2061 1585 2121 extollendi
1638 2083 1943 2122 romanam
1988 2059 2201 2122 Sedem

84 2156 437 2237 praestitisse.
487 2159 635 2215 Nam
661 2158 709 2215 si
727 2162 859 2235 jura
900 2157 1010 2216 sibi
1035 2157 1295 2218 indebita
1324 2169 1728 2238 usurpassent,
1766 2179 1844 2216 an
1871 2158 2044 2217 ceteri
2078 2177 2200 2215 non

83 2250 491 2311 reclamassent
532 2253 793 2334 Episcopi
821 2254 882 2311 in
922 2254 1176 2313 Concilio
1201 2253 1516 2336 praesertim
1549 2254 1902 2334 congregati,
1948 2253 2204 2311 maxime

86 2367 224 2405 vero
263 2346 470 2426 graeci'?
526 2350 628 2406 Ast
655 2369 830 2407 nemo
863 2350 1122 2430 profecto
1168 2371 1428 2431 unquam
1465 2350 1824 2410 reclamavit.
1867 2349 2036 2407 Certe
2071 2369 2203 2407 aca-

83 2441 283 2502 tholici
303 2487 320 2519 ,
355 2444 453 2524 qui
482 2444 870 2525 usurpationis
898 2456 1167 2504 accusant
1190 2466 1338 2503 rom.
1368 2443 1783 2520 PontificeS,ad
1808 2443 1996 2503 sidera
2020 2464 2204 2524 usque

84 2559 284 2598 vocem
325 2538 646 2613 extollunt3
690 2539 929 2601 evidens
956 2541 1130 2620 igitur
1165 2552 1252 2599 est
1288 2561 1383 2599 eos
1416 2539 1489 2598 ab
1526 2540 1890 2622 antiquitatis
1928 2550 1988 2598 et
2018 2537 2206 2598 tradi-

84 2635 261 2693 tionis
300 2634 560 2693 doctrina
590 2636 674 2694 uti
708 2637 769 2694 in
800 2635 923 2695 aliis
957 2648 1016 2696 et
1054 2638 1116 2695 in
1144 2635 1254 2695 hoc
1276 2636 1410 2695 fidei
1445 2636 1688 2696 articulo
1714 2635 2040 2696 descivisse.

169 2729 307 2789 595.
354 2732 434 2788 Ex
473 2730 629 2790 hisce
685 2742 885 2812 patet,
917 2754 1022 2791 nos
1060 2731 1219 2792 haud
1260 2731 1521 2813 indigere
1570 2732 1914 2792 testimoniis
1958 2728 2201 2812 spurii5‚

83 2846 211 2906 quae
249 2826 311 2884 in
361 2838 563 2908 quarta
619 2826 797 2886 classe
843 2827 916 2886 ab
959 2828 1291 2889 adversario
1338 2839 1754 2902 recensentur,
1813 2846 2058 2910 quaeque
2095 2823 2206 2905 ipsi

159 3044 224 3107 (Ι)
262 3041 515 3109 Singularis
541 3046 678 3110 plane
702 3057 769 3095 est
788 3047 951 3111 agendi
966 3050 1099 3107 ratim

93 3140 230 3187 quam
267 3136 389 3175 tenet
423 3128 633 3187 Pahncr,
676 3131 757 3194 qui
802 3146 910 3177 cum
941 3133 1104 3195 praevi-

91 3203 252 3265 deret,
285 3212 518 3258 assertioni
547 3228 641 3258 suae
678 3211 737 3260 de
777 3211 871 3259 alto
917 3211 1106 3260 silentio

92 3285 345 3336 traditionis
384 3294 552 3356 opponi
581 3312 605 3340 a
636 3292 885 3341 Catholicis
913 3296 1108 3358 potuisse

92 3371 596 3422 auctoritatemPau-um
618 3374 1075 3424 Chalcedonensium
1090 3413 1102 3435 ‚

93 3451 172 3514 qui
189 3458 341 3514 aperte
375 3455 679 3516 profitentur,
715 3457 917 3517 Leonem
945 3497 956 3517 ,
989 3458 1109 3506 Petri

94 3534 143 3578 in
173 3533 386 3581 cathedra
417 3552 721 3601 successorem
741 3577 755 3599 ‚
783 3541 882 3588 sibi
903 3557 1111 3606 proeesse

93 3622 148 3659 ut
184 3622 331 3678 caput
375 3617 625 3677 membris,
667 3621 808 3685 idque
837 3640 889 3670 ex
937 3622 1110 3670 Christi

92 3696 386 3759 dispositione
404 3735 417 3756 ‚
437 3701 567 3764 quiei
587 3703 726 3749 totius
739 3704 888 3750 vineoe
901 3739 917 3760 ,
943 3720 1110 3768 nempe

1186 3047 1409 3110 Ecclesiae
1428 3049 1693 3098 custodiam
1708 3049 2061 3099 demandaverat
2081 3066 2096 3113 ;
2110 3052 2124 3098 i
2131 3069 2208 3117 pse

1188 3148 1265 3179 eos
1303 3134 1521 3196 praevenit
1552 3132 1717 3179 fucatis
1746 3133 2095 3197 glossematibus
2129 3151 2207 3182 ex-

1190 3213 1426 3261 tenuando
1454 3216 1545 3260 vim
1563 3213 1703 3278 hujus
1719 3218 1969 3263 testimonii
1991 3216 2107 3264 adeo
2136 3233 2208 3263 so·

1190 3293 1379 3344 lemnis.
1397 3294 1525 3342 Idem
1540 3295 1616 3343 dic
1630 3295 1687 3343 de
1703 3305 1825 3344 textu
1843 3295 1892 3345 S.
1908 3296 2203 3363 Hieronymi:

1189 3375 1348 3441 Super
1369 3377 1493 3423 hanc
1507 3383 1691 3441 petram
1708 3413 1725 3439 ,
1749 3384 1841 3428 etc.
1869 3378 1909 3427 O
1936 3389 2084 3427 artem
2101 3396 2208 3428 vere

1191 3458 1451 3521 praeclaram
1476 3460 1485 3506 !
1530 3457 1712 3507 Verum
1761 3461 1857 3509 haec
1887 3463 1975 3526 ipsi
2016 3477 2086 3507 ars
2121 3477 2206 3509 ne-

1191 3543 1383 3589 cessaria
1416 3551 1481 3589 est
1512 3543 1570 3589 ad
1599 3542 1906 3593 collabentem
1935 3542 2210 3607 anglicanis-

1192 3639 1324 3670 mum
1339 3623 1554 3671 adversus
1578 3623 1849 3674 dissidentes
1869 3631 1915 3673 et
1943 3624 2207 3674 Catholicos

1194 3722 1489 3772 quacumque
1500 3706 1689 3756 demum
1700 3709 1877 3757 ratione
1894 3706 2200 3756 fulciendum!
