2514 4218
554 203 713 245 PAR'r.
756 205 798 241 1.
846 203 973 245 GAP.
1021 205 1110 242 111.
1151 206 1220 242 ΒΕ
1262 205 1533 245 ECCLESIAE
1574 205 1755 246 news.

2091 189 2208 251 193

106 349 292 409 tiones
319 347 574 407 militant
602 366 711 428 pro
742 345 1000 405 Ecclesiis
1040 344 1376 407 britannicis
1397 392 1414 423 ,
1453 368 1700 429 quarum
1730 348 1921 428 orig0‚
1957 361 2024 410 ut
2063 353 2205 415 visi-

109 442 256 503 biles
296 441 589 518 Ecclesiae‚
636 441 1034 523 antiquissima
1070 453 1193 516 est,
1235 453 1294 502 et
1325 464 1433 525 per
1468 444 1567 502 XV
1603 443 1963 503 continentia
2013 447 2202 509 secula

100 547 546 619 permanserunt
590 536 651 595 in
691 537 1098 596 communione
1130 556 1263 596 cum
1313 537 1584 597 omnibus
1631 538 1842 597 Christi
1893 539 2189 618 Ecclesiist,

103 631 259 713 quod
299 631 349 691 si
388 642 587 714 postea
624 653 656 691 a
690 653 933 692 romana
977 629 1216 696 Ecclesia
1253 629 1452 694 divisae
1486 644 1661 712 sunt,
1704 633 1807 694 100
1850 633 2190 714 hujusmodi

105 876 384 926 christianae
405 875 672 943 retiqionis,
690 879 810 943 quin
822 874 1009 941 aliquid
1020 873 1109 922 ad-

91 960 269 1025 jecerit
303 976 362 1008 esc
395 961 573 1025 spiritu
617 957 974 1007 adinventionis
1019 954 1109 1004 ltu-

104 1056 294 1101 manoe,
339 1045 553 1105 inteqras
584 1048 628 1105 et
664 1039 797 1088 haud
829 1040 1108 1086 immutatas

102 1124 379 1171 asservavit.
417 1123 485 1171 In
520 1122 600 1172 illo
641 1120 880 1170 benedicta
913 1120 1109 1167 omnino

103 1212 319 1270 exoptato
357 1203 623 1254 universali
642 1203 816 1267 soedere
833 1238 847 1259 ‚
887 1199 1118 1270 Ecclesia

99 1294 260 1333 nostra
296 1303 417 1351 pars
445 1294 547 1334 erat
592 1282 909 1333 indivisibilis
939 1300 1110 1348 qroecoe

103 1368 301 1414 russicae
332 1365 563 1423 Ecclesia
590 1400 608 1426 ‚
641 1364 1036 1430 quemadmodum
1065 1373 1111 1413 et

101 1452 304 1515 majores
344 1453 525 1507 nostri,
559 1464 769 1496 sermone
802 1464 900 1495 non
943 1449 1109 1494 minus

102 1546 246 1594 quam
271 1547 465 1595 9enere,
479 1546 599 1595 pars
625 1536 762 1576 erant
787 1527 1109 1577 indivisibilis

99 1612 295 1660 russicae
330 1611 503 1677 qentis.
552 1608 739 1658 Verum
773 1608 988 1674 luqubris
1010 1610 1111 1657 dis-

101 1695 269 1741 tractio
322 1692 689 1758 provinciarum
748 1701 1021 1739 nostrarum
1075 1707 1106 1738 a

99 1772 308 1833 Bassia,
340 1790 450 1822 cera
482 1790 648 1821 earum
680 1774 874 1838 patria,
923 1771 1108 1822 divellit

102 1871 283 1920 quoque
308 1857 509 1922 majores
539 1863 723 1903 nostros
742 1871 773 1903 a
807 1871 918 1903 vera
943 1855 1103 1904 catho-

105 1935 200 1985 lica
235 1939 450 1998 unitate,
487 1938 779 2003 subjecitque
807 1953 883 1984 eos
919 1939 995 1985 vis
1021 1953 1104 1985 eat-

98 2027 274 2066 traneoe
303 2018 642 2067 dominationis
671 2018 758 2066 sub
775 2019 967 2067 nomine
985 2020 1103 2066 uni-

96 2109 249 2148 torum
312 2101 512 2149 arbitrio
572 2118 782 2149 romanae
847 2100 1098 2151 Ecclesia».

104 2180 396 2247 Quanquam
413 2199 518 2230 vero
537 2182 638 2231 lioec
655 2184 774 2247 ipsis
786 2218 797 2242 ,
806 2199 898 2247 per
903 2182 1102 2248 publica

97 2261 287 2325 quidem
305 2263 621 2310 instrumenta
640 2299 653 2321 ‚
679 2271 724 2310 et
739 2262 1014 2310 orientalem
1036 2262 1100 2312 li-

100 2343 311 2406 turqiam
351 2344 405 2390 in
433 2354 596 2390 nostra
631 2343 883 2391 domestica
915 2346 1100 2392 russica

97 2422 288 2486 linqua,
309 2409 359 2470 et⁴
379 2439 538 2470 omnes
560 2440 723 2471 sacras
735 2424 1098 2475 caerimoniam..

95 2513 247 2554 tutata
272 2507 424 2570 fuerit
449 2543 462 2564 ‚
494 2508 764 2571 quinimmo
787 2509 943 2571 ipsum
964 2516 1098 2554 tran-

95 2589 239 2635 situm
266 2590 328 2634 ad
351 2594 603 2635 romanum
631 2590 777 2634 ritum
799 2587 1103 2652 prohibuerit

96 2669 418 2734 (manifestum
438 2677 787 2732 aryumentum,
801 2685 944 2733 quam
959 2686 1098 2734 purae

97 2759 142 2799 et
180 2749 498 2798 immutabiles
537 2750 838 2807 crederentur
886 2752 1100 2815 antiquas

95 2841 267 2881 nostroe
295 2831 543 2881 orientales
561 2833 882 2879 institutiones
898 2832 920 2879 .'
937 2833 952 2896 )
973 2869 986 2886 ,
1018 2834 1100 2880 ni-

98 2912 192 2962 hilo
217 2923 375 2962 tamen
398 2915 560 2962 minus
575 2921 733 2969 astuta
757 2918 977 2969 πολιτικὴ·
998 2910 1097 2962 Ρο-

100 2992 216 3042 lonoe
255 2995 494 3061 quondam
537 2995 814 3061 reipublicae
844 3031 859 3051 ,
909 2995 1098 3061 ipsique

101 3089 301 3123 consona
330 3079 462 3124 ratio
494 3075 638 3125 latini
679 3077 828 3137 cleri,
856 3079 943 3142 qui
973 3077 1100 3141 ferre

101 3170 196 3203 non
203 3166 385 3220 poterat
398 3160 633 3207 russicum
646 3161 868 3224 spiritum
880 3162 1098 3224 patrium

107 3235 507 3304 (nationalitatis)
538 3250 582 3289 et
607 3241 881 3305 abantiquo
908 3241 1100 3290 ductam

105 3315 349 3382 lit-urqiam
374 3303 640 3371 orientali(
639 3322 871 3372 Ecclesiae
890 3362 904 3385 ‚
929 3340 979 3372 eo
1003 3340 1100 3372 om-

98 3399 247 3447 nibus
287 3402 447 3451 nervis
486 3405 701 3454 tendebat
719 3443 733 3467 ‚
784 3415 868 3467 ut,
903 3408 950 3454 si
986 3406 1102 3470 fieri

91 3489 248 3547 posset
271 3517 285 3541 ,
300 3484 492 3547 vestigia
507 3487 614 3551 ipsa
620 3489 866 3553 primoecoe
891 3489 1095 3552 ariqinis

98 3565 252 3626 qentis
278 3571 448 3613 nostrae
472 3575 727 3634 nostrisque
742 3567 974 3620 Ecclesioe
987 3586 1094 3619 era-

100 3642 294 3693 dicaret.
325 3644 522 3710 Duplex
545 3645 624 3695 hic
657 3659 852 3700 conatus
875 3653 929 3699 in
950 3667 1095 3701 causa

182 3737 244 3796 T.
292 3738 439 3798 vlu.

1183 873 1304 939 fuit,
1323 875 1450 939 quod
1473 879 1676 942 majores
1701 881 1886 940 nostri,
1903 889 2013 946 post
2026 882 2204 930 initam

1188 957 1416 1004 unionem
1435 994 1449 1016 ‚
1479 960 1800 1008 miserrimam
1818 971 1986 1010 sortem
2024 969 2208 1028 experti

1189 1038 1308 1087 sint.
1334 1038 1530 1087 Nobiles
1551 1047 1661 1105 post
1669 1035 1795 1106 jura
1833 1059 1923 1090 sua
1959 1044 2084 1094 male
2110 1044 2201 1096 Ιια-

1189 1118 1291 1166 bita
1322 1124 1619 1171 transierunt
1643 1123 1707 1170 ad
1738 1140 1991 1173 romanum
2019 1128 2168 1176 ritum
2185 1146 2207 1191 ‚-

1188 1201 1315 1248 cives
1341 1217 1449 1268 vero
1467 1210 1512 1249 et
1541 1203 1725 1263 coloni,
1757 1206 1846 1270 qui
1866 1206 2080 1255 moribus
2097 1224 2212 1258 ruia-

1174 1283 1346 1345 jorum
1382 1284 1438 1330 in
1466 1286 1645 1332 unione
1672 1287 1815 1333 etiam
1853 1292 2107 1337 asservatis
2133 1306 2208 1338 re-

1190 1363 1420 1412 nuntiare
1446 1363 1667 1411 nolebant
1688 1401 1702 1424 ,
1727 1371 1942 1432 perpessi
1963 1379 2076 1417 sunt
2091 1388 2205 1435 qra-

1190 1446 1440 1492 vissimam
1472 1447 1866 1508 persecutionem.
1904 1445 2003 1498 Sed
2041 1453 2206 1500 statim

1189 1532 1233 1572 et
1250 1525 1372 1571 ritus
1387 1526 1571 1586 nostri,
1602 1542 1840 1591 sacroeque
1864 1528 2196 1579 ecclesiasticas

1189 1609 1484 1655 coeremonioe
1524 1608 1910 1670 „institutiones
1966 1613 2111 1659 etiam
2156 1619 2203 1660 et

1189 1686 1397 1751 liturqiae
1422 1691 1632 1752 qraviter
1655 1690 1918 1739 immutatoe
1931 1691 2200 1756 suerunt...

1188 1773 1423 1819 Maxima
1441 1788 1562 1837 pars
1593 1774 1837 1820 unitorum
1872 1774 2010 1837 (cum
2033 1791 2199 1824 eorum

1182 1854 1487 1917 provinciam
1535 1854 1709 1901 Russia
1763 1858 2015 1920 occupavit
2037 1858 2052 1920 )
2093 1859 2199 1920 jam

1186 1942 1302 1982 tunc
1339 1934 1500 1984 statim
1539 1935 1685 1983 rediit
1713 1935 1777 1982 acl
1823 1939 2056 1984 unitatem
2091 1954 2204 1986 cum

1185 2015 1442 2064 orthodoxa
1458 2015 1683 2064 orientali
1703 2017 1934 2067 catholica
1955 2017 2196 2081 Ecclesia,

1171 2100 1375 2165 jamque
1398 2113 1520 2162 pars
1555 2099 1656 2163 ipsi
1696 2107 1833 2146 erant
1875 2099 2199 2149 indivisibilis

1184 2179 1472 2227 universalis
1506 2182 1703 2228 russicoe
1745 2178 1988 2231 Ecclesiae.
2040 2181 2200 2230 Ceteri

1183 2277 1292 2309 vero
1328 2261 1461 2326 apud
1502 2262 1762 2324 beneficum
1790 2265 2029 2310 russicam
2070 2266 2199 2327 reqi-

1183 2357 1293 2389 men
1313 2377 1327 2398 ,
1371 2341 1528 2406 quoad
1556 2343 1659 2405 ejus
1678 2342 1794 2403 fieri
1812 2351 2030 2406 poterat,
2058 2345 2192 2392 inve-

1181 2431 1358 2469 nerunt
1394 2431 1605 2470 tutamen
1647 2430 1811 2469 contra
1850 2433 2194 2489 praepotentem

1182 2502 1361 2551 clerum
1399 2490 1673 2556 romanum.
1716 2503 1822 2552 Post
1869 2505 1970 2553 haec
2011 2506 2194 2573 aliaque

1183 2586 1409 2650 ejusmodi
1432 2587 1590 2650 putida
1611 2602 1663 2633 ac
1681 2585 1919 2634 manifesta
1949 2588 2190 2638 mendacia

1183 2685 1283 2733 quae
1312 2670 1478 2716 referre
1506 2686 1602 2716 non
1633 2678 1795 2728 vacat,
1834 2670 2084 2735 proditores
2120 2674 2194 2724 isti

1181 2748 1393 2815 Episcopi
1439 2750 1520 2798 has
1558 2753 1810 2803 emiserunt
1839 2752 2153 2802 conclusiones
2173 2769 2191 2803 :

1248 2831 1302 2879 Ι.
1325 2830 1594 2879 Statuimus
1617 2831 1772 2879 denuo
1799 2848 2047 2896 aqnoscere
2076 2834 2191 2882 uni-

1179 2919 1320 2960 tatem
1340 2921 1511 2961 nostrae
1533 2910 1764 2962 Ecclesiae
1794 2930 1903 2960 cum
1935 2913 2190 2963 orthodoxa

1180 2992 1410 3042 catholica
1447 2993 1674 3042 orientali
1705 2991 1922 3042 Ecclesia
1942 3029 1960 3055 ,
1994 2993 2189 3061 ideoque

1180 3092 1239 3123 etc
1274 3074 1359 3124 hac
1379 3093 1664 3142 permanere
1692 3092 1794 3122 una
1824 3092 1934 3123 cum
1970 3078 2190 3126 commis-

1182 3158 1250 3205 sis
1268 3158 1403 3206 nobis
1428 3158 1650 3222 yreqibus
1666 3159 1720 3205 in
1747 3159 1934 3205 unitate
1950 3175 2060 3206 cum
2073 3159 2186 3210 bea·

1180 3239 1380 3287 tissimis
1387 3237 1680 3305 patriarchis
1700 3273 1714 3299 ,
1731 3247 1870 3303 atque
1885 3240 1941 3287 in
1965 3240 2186 3290 obedien-

1180 3321 1251 3368 tia
1279 3337 1392 3386 erqa
1427 3321 1782 3369 sanctissimam
1811 3329 2043 3384 reqentem
2068 3322 2186 3370 uni·

1180 3402 1406 3452 versalem
1438 3404 1673 3452 russicam
1709 3402 1966 3467 synodum.

1247 3482 1333 3537 II.
1370 3482 1658 3533 Piissimum
1701 3500 1809 3533 vero
1848 3484 2098 3532 dominum
2141 3489 2190 3530 et

1181 3565 1526 3633 Imperatorem
1545 3581 1777 3633 perquam
1808 3564 2076 3613 huniillime
2101 3578 2183 3611 ro-

1180 3666 1292 3715 qare
1311 3687 1325 3712 ,
1350 3658 1402 3699 ut
1416 3657 1626 3697 nostram
1651 3647 1776 3697 hanc
1792 3647 2073 3696 decisionem
2092 3642 2181 3693 sub

1867 3736 1940 3794 13
