2514 4218
562 230 726 271 mur.
773 231 817 269 1.
864 231 987 270 cAr.
1034 233 1122 270 111.
1171 233 1238 270 mi
1280 232 1549 272 accrssm
1592 233 1771 271 noris,
2103 213 2215 273 199

115 377 309 459 potius
337 394 511 455 quam
535 371 750 432 realem
771 372 921 433 hane
945 376 1401 436 controversiam
1431 384 1748 456 spectasse3
1789 394 1973 456 quum
2008 397 2212 437 omnes

116 468 474 529 unanimiter
498 469 723 526 Graecos
748 468 1220 549 impugnaverint
1245 482 1304 528 et
1341 468 1619 529 haereseos
1644 470 2040 530 accusaverint
2059 517 2076 546 .‚
2106 484 2221 532 tras
2280 474 2283 476 ’

118 574 421 644 ctatusque
448 560 736 621 ediderint
781 562 1055 623 adversus
1096 562 1247 622 illos,
1286 565 1420 622 Haec
1456 575 1596 623 sunt
1634 563 1807 646 plane
1845 565 2069 624 somnia
2104 567 2237 647 (1).·

119 661 330 718 Utrum
372 678 511 718 vero
540 658 768 717 novitas
798 679 859 716 se
893 656 1148 716 tenuerit
1176 678 1246 715 ex
1281 669 1448 738 parte
1474 660 1802 719 Graecorum
1841 680 1914 717 an
1945 680 2016 718 ex
2054 671 2223 741 parte

119 752 479 826 Latinorum,
515 773 584 810 ex
608 752 697 825 iis,
733 773 862 833 quae
887 773 988 809 suo
1020 750 1145 809 loco
1171 750 1618 835 disputavimus,
1645 753 1876 813 abunde
1902 753 2084 835 liquet
2108 755 2218 836 (2).

204 847 347 907 309.
399 846 486 905 Ad
521 847 626 921 6¹1¹,
652 849 810 907 Dist.
835 844 900 904 Id
921 855 1008 904 est
1026 875 1043 920 ,-
1061 866 1330 926 expresse
1360 846 1434 903 ab
1460 847 1626 906 initio
1654 860 1713 907 et
1742 859 1970 931 aperte,
2004 860 2193 909 trans,
2203 871 2224 919 ;

128 941 578 1023 aequivalenter,
621 952 682 1000 et
715 949 913 1022 aperte
951 939 1126 998 etiam
1156 940 1436 1020 temporis
1469 941 1676 1023 lapsu,
1714 966 1844 1024 neq.
1884 944 2225 1024 Nunquam
2260 1028 2263 1029 ⁷

123 1034 373 1096 Ecclesia
408 1057 647 1095 romana
691 1034 803 1095 nisi
841 1030 1188 1115 provocata,
1231 1044 1411 1116 atque
1451 1035 1722 1096 omnibus
1752 1041 1915 1119 prius
1956 1040 2228 1100 concilia-

125 1130 300 1188 tionis
336 1151 401 1188 ac
450 1130 604 1211 pacis
642 1128 751 1189 viis
792 1130 1172 1208 pertentatiS‚
1213 1130 1547 1211 quempiam
1596 1131 1812 1213 repulit
1857 1154 1888 1192 e
1933 1134 2061 1193 sinu
2101 1124 2224 1195 suo,

128 1226 514 1284 Provocemus
528 1221 888 1283 adversarios
907 1233 1160 1296 nostros,
1186 1233 1250 1281 ut
1266 1246 1337 1283 ex
1358 1236 1479 1283 tota
1495 1225 1868 1287 ecclesiastica
1885 1229 2233 1316 antiquitate

126 1318 278 1377 hanc
304 1339 488 1400 usque
517 1318 584 1374 in
615 1315 769 1375 diem
805 1317 1162 1376 contrarium
1183 1318 1521 1377 ostendant.
1558 1319 1756 1396 Quum
1790 1323 1964 1401 igitur
1993 1323 2232 1383 Photius

130 1415 422 1495 primum,
454 1410 643 1471 seculo
677 1413 736 1470 ix
767 1411 1104 1487 mediante3
1149 1412 1479 1493 patriarcha
1515 1414 1773 1473 intrusus
1811 1415 2110 1476 classicum
2137 1441 2232 1479 re·

130 1509 395 1570 bellionis
430 1507 736 1582 cecinerit,
772 1509 1051 1590 carpserit
1088 1507 1398 1568 Ecclesiam
1425 1507 1695 1582 latinam,
1725 1509 1884 1589 quod
1906 1509 2101 1590 plures
2135 1511 2237 1571 do-

127 1616 282 1665 ceret
309 1623 536 1684 ⁴errores
556 1648 571 1677 ,
611 1613 784 1684 atque
810 1604 1002 1684 ipsum
1041 1604 1633 1664 excommunicaverit
1662 1605 2008 1664 Pontificem
2035 1651 2051 1679 ‚
2098 1607 2239 1688 quid

127 1700 342 1758 mirum
378 1698 423 1756 si
448 1696 545 1756 hic
576 1698 933 1779 separaverit
965 1719 1026 1757 se
1064 1697 1137 1756 ab
1176 1697 1328 1756 illius
1362 1698 1774 1759 communione
1802 1698 1934 1779 (3)?
1977 1700 2239 1782 Idipsum

127 1793 366 1871 contigit
387 1792 450 1850 in
474 1792 798 1850 schismatis
825 1793 1211 1852 instauratore
1231 1839 1247 1868 7
1273 1792 1465 1852 seculo
1488 1814 1555 1851 xi..
1570 1838 1586 1868 ,
1617 1794 1891 1853 Michaele
1913 1795 2205 1856 Cerulario
2225 1842 2253 1871 ,-

124 1887 363 1947 homine
401 1908 618 1968 nempe
664 1886 960 1946 audaciae
1005 1888 1356 1963 facinoroso,
1400 1888 1500 1968 qui
1541 1889 1759 1969 pariter
1799 1889 2111 1949 insectatus
2153 1902 2242 1951 est

128 1983 439 2043 Ecclesiam
476 1981 761 2057 latinam,
807 2002 839 2041 e
879 1981 1051 2041 sacris
1089 1981 1334 2063 dypticis
1375 2003 1594 2041 nomen
1634 1984 1925 2042 Pontificis
1967 1984 2199 2044 sustulit
2223 2032 2241 2060 .,

134 2088 307 2158 atque
334 2076 594 2136 indebita
623 2075 735 2135 sibi
756 2082 889 2154 jura
926 2078 1218 2158 arrogavit
1249 2077 1357 2159 (4)
1391 2077 1691 2159 Numquid
1733 2078 1975 2138 Ecclesia
2003 2101 2246 2140 romana

130 2171 192 2228 in
219 2170 387 2252 culpa
413 2170 541 2230 est?
564 2171 809 2248 Ecclesia
835 2183 1031 2233 autem
1053 2173 1424 2234 moscovitica
1449 2184 1509 2233 et
1529 2174 1742 2232 russica
1771 2173 2029 2233 discessit
2052 2173 2125 2233 ab
2150 2175 2247 2234 Ec-

135 2264 303 2324 clesia
346 2286 589 2322 romana
651 2287 828 2347 opera
869 2267 1239 2348 potissimum
1281 2267 1529 2346 Phoziey
1552 2313 1568 2341 ,
1626 2268 1786 2326 missi
1839 2291 1873 2327 a
1932 2268 2143 2349 Cyrillo
2195 2271 2246 2329 11

130 2350 1119 2442 patriarcha*constantinopolitano
1144 2382 1300 2419 anno
1332 2361 1487 2418 1408
1511 2360 1586 2419 ad
1614 2361 1927 2440 regendam
1952 2362 2252 2422 ecclesiam

129 2452 485 2514 kioviensem
502 2497 518 2526 ,
543 2475 576 2512 a
600 2475 712 2534 qua
737 2453 811 2512 ob
836 2476 1058 2516 errores
1081 2476 1212 2513 suos
1240 2454 1514 2536 expulsus
1539 2500 1554 2529 ‚
1586 2466 1966 2537 receptusque
1988 2476 2021 2514 a
2043 2456 2252 2516 Basilio

131 2547 380 2607 Basilide
407 2550 463 2607 M
470 2549 711 2608 oscoviae
725 2550 992 2632 principe
1008 2550 1356 2609 constitutus
1370 2560 1458 2608 est
1474 2549 1802 2631 patriarcha
1821 2551 2124 2629 Moscoviae
2138 2551 2247 2632 (5).

131 2643 266 2702 Haec
280 2641 530 2726 proinde
557 2643 742 2718 natio,
760 2665 888 2725 quae
915 2643 1196 2703 hactenus
1226 2665 1436 2727 magna
1466 2643 1678 2706 saltem
1704 2656 1957 2727 experte
1973 2645 2260 2711 catholica.

205 2878 271 2940 (Ι)
309 2875 428 2926 Vere
444 2877 718 2938 dolendum,
737 2878 863 2944 quod
879 2879 978 2927 haee
993 2894 1147 2944 repre·
1233 2880 1436 2930 doctores
1447 2879 1925 2942 dixerunt‚i11amsesse
1941 2881 2247 2947 quaestionem

139 2957 339 3008 bendere
353 2958 604 3007 debeamus
624 2958 676 3007 in
698 2961 796 3009 viro
815 2959 948 3008 docto
977 2971 1019 3010 et
1051 2977 1152 3009 mo·
1235 2960 1387 3026 potius
1410 2961 1643 3010 verbalem
1660 2978 1800 3028 quam
1820 2963 1992 3012 realem
2015 3000 2029 3025 ,
2051 2981 2148 3014 non
2165 2983 2248 3016 au-

141 3038 326 3097 derato,
356 3041 616 3108 cujusmodi
659 3058 709 3092 se
736 3043 912 3109 praebet
952 3043 1151 3094 Palmer.
1238 3054 1330 3092 tem
1354 3042 1475 3092 circa
1503 3042 1810 3092 substantiam
1839 3043 2083 3109 dogmatis.

144 3119 265 3170 mad
287 3122 345 3170 ad
362 3124 488 3189 quod
514 3123 683 3173 alludit
705 3136 879 3182 auctor,
912 3137 1050 3191 quem
1067 3124 1159 3174 im·
1313 3125 1386 3190 (2)
1417 3124 1474 3173 In
1514 3134 1644 3175 tract.
1690 3123 1773 3173 De
1825 3122 1870 3175 T
1867 3127 2010 3176 rinit.
2067 3144 2173 3194 cap.
2221 3147 2250 3177 v

151 3217 424 3266 pugnamus,
442 3205 589 3253 afficit
611 3206 796 3270 phrases
816 3206 1046 3256 adhibitas
1061 3225 1167 3272 pas-
1250 3222 1388 3273 prop.
1416 3218 1450 3256 ι’.

149 3279 278 3336 sima
298 3283 510 3334 Patribus
534 3286 689 3352 graecis
711 3326 725 3350 ‚
741 3306 848 3337 cum
874 3289 1173 3355 loqueremur
1324 3288 1388 3352 (3)
1428 3288 1531 3338 cfr.
1566 3287 1813 3337 Constanzi
1829 3327 1843 3351 ,
1861 3307 1938 3356 op.
1956 3290 2036 3342 eit.
2057 3302 2171 3341 tom.
2196 3307 2258 3352 ιι,

152 3363 211 3411 de
232 3366 511 3428 processione
549 3369 752 3436 Spiritus
789 3369 838 3420 S.
871 3390 896 3420 a
932 3371 1064 3419 Patre
1082 3389 1175 3437 per
1256 3369 1310 3418 in
1324 3375 1572 3436 prooemio,
1606 3369 1634 3435 ὃ
1658 3368 1715 3418 13
1736 3380 1780 3420 et
1795 3388 1925 3439 seqq.

154 3440 271 3516 (διαὶ)
310 3444 476 3495 Filium
496 3485 510 3510 ,
531 3465 692 3517 'quam
725 3453 1008 3502 locutionem
1035 3453 1177 3520 aequi-
1327 3449 1394 3516 (4)
1431 3451 1554 3501 lbid.

154 3524 306 3575 valere
328 3525 482 3588 alteri,
496 3546 661 3597 nempe
675 3551 700 3582 a
721 3535 855 3583 Patre
879 3545 924 3584 et
937 3552 994 3582 ex
1017 3535 1141 3584 Filio
1158 3572 1172 3596 ‚
1330 3534 1398 3599 (ὅ)
1435 3533 1534 3582 Cfr.
1552 3530 1678 3584 idem
1696 3545 1810 3586 tom.
1829 3550 1882 3584 ιιι
1897 3572 1911 3595 ,
1933 3533 1985 3583 ἰιι
1999 3532 2269 3599 append-A,
2313 3564 2315 3567 ·

159 3625 249 3674 qua
269 3610 438 3672 pariter
466 3610 601 3674 graeci
633 3613 790 3665 Patres
818 3614 892 3666 usi
915 3627 1042 3678 sunt,
1063 3615 1177 3665 alias
1261 3612 1290 3682 S
1319 3612 1348 3663 5
1378 3623 1423 3663 et
1454 3631 1582 3680 seqq.

169 3687 474 3740 ostendimus.
506 3690 565 3739 In
591 3692 680 3742 hoc
710 3712 844 3759 porro
874 3698 1022 3747 solum
1054 3694 1178 3747 citati
