2514 4218
313 201 472 240 PART.
519 201 559 239 1.
605 199 752 238 SEGT.
801 199 866 235 11.
909 197 1032 235 GAP.
1076 196 1162 235 111.
1210 196 1279 234 BR
1323 195 1454 234 lum.
1502 196 1569 232 ΕΤ
1612 195 1737 233 mn.
1781 194 1933 233 mm.
2068 173 2186 233 465

820 298 1230 397 PROPOSITIO
1267 310 1394 394 1v.'

74 521 324 579 Decreta
372 518 704 597 dogmatica
778 514 1032 574 Concilii
1069 515 1461 581 oecumenici5
1529 511 1875 589 confirmati
1930 533 1971 570 a
2031 533 2181 572 rom.

153 613 461 691 Pontifice‚
497 611 978 693 irreformabilia
1009 617 1151 667 sunt
1185 629 1257 667 eoe
1292 628 1381 676 se,
1423 627 1525 666 seu
1562 616 1702 665 ante
1745 627 2087 667 consensum
2130 619 2189 668 et

157 693 610 786 acceptationem
640 706 943 766 Ecclesioe.
1008 730 1011 732 ·

154 899 295 959 678.
345 898 661 957 Enunciata
695 895 1012 979 propositio
1044 893 1162 952 duo
1201 893 1642 975 complectitur,
1675 905 1804 953 tum
1840 894 2057 954 scilicet
2091 895 2188 954 in-

74 993 482 1052 fallibilitatem
507 993 749 1072 legitimi
772 989 1008 1050 Concilii
1025 991 1367 1048 oecumenici
1383 989 1852 1049 indecemendis
1877 991 2012 1050 fidei
2041 989 2188 1072 dog-

72 1087 328 1147 matibus
358 1133 375 1163 .,
400 1100 527 1147 tum
560 1077 845 1166 ejusmodi
878 1083 1351 1144 infallibilitatem
1379 1105 1451 1143 ex
1477 1106 1541 1144 se
1568 1083 1784 1144 habere
1811 1085 2136 1144 Concilium
2168 1131 2186 1160 ,

75 1183 234 1263 quod
282 1185 690 1242 confirmatum
741 1201 774 1239 a
822 1201 974 1238 rom.
1028 1179 1308 1238 Pontifice
1356 1179 1551 1238 fuerit.
1606 1180 1870 1239 Primum
1909 1179 2188 1241 adversus

74 1288 502 1359 protestanteS‚
528 1277 775 1339 alterum
797 1274 1075 1334 adversus
1106 1274 1493 1334 Jansenianos
1533 1285 1593 1334 et
1626 1273 2016 1335 Febronianos
2037 1321 2053 1351 ,
2094 1275 2191 1335 di-

73 1396 239 1436 verso
261 1375 396 1434 licet
420 1394 596 1457 sensu
611 1417 628 1446 ,
656 1370 1048 1432 vindicamuS.

157 1471 296 1530 679.
346 1472 740 1530 Protestantes
768 1478 986 1546 negant
1023 1455 1497 1526 infallibilitatem
1533 1466 1923 1526 Conciliorum
1959 1489 2194 1548 genera-

74 1564 253 1640 lium,
297 1586 364 1624 eo
399 1564 525 1645 ipso
574 1563 731 1645 quod
771 1562 1039 1622 eamdem
1083 1563 1529 1645 praerogativam
1578 1561 1870 1642 denegent
1902 1564 2192 1624 universae

75 1660 334 1720 Ecclesiae
363 1705 379 1733 .,
410 1663 570 1737 cujus
598 1659 927 1717 auctoritati
963 1659 1236 1740 spiritum
1271 1659 1571 1740 privatum
1598 1656 1985 1716 substituunt.

155 1755 290 1814 680.
337 1754 677 1814 Janseniani
699 1753 1102 1828 contendunt,
1148 1754 1386 1812 unicam
1433 1753 1724 1812 rationem
1771 1752 2022 1813 tollendi
2068 1775 2192 1812 am-

70 1848 244 1929 bages
279 1850 426 1909 circa
466 1849 894 1928 legitimitatem
931 1848 1321 1908 Con'ciliorum
1347 1848 1839 1909 oecumenicorum
1877 1869 2000 1909 esse
2028 1835 2191 1908 uha-

72 1950 295 2004 nimem
328 1947 607 2006 Ecclesioe
641 1949 931 2005 universae
966 1949 1428 2024 acceptationem
1461 1955 1518 2003 et
1543 1965 1891 2003 consensum
1916 1958 1939 2016 ,‘
1991 1945 2071 2003 ita
2125 1955 2193 2004 ut

72 2061 140 2098 ea
180 2040 431 2100 Concilia
463 2052 747 2121 tanquam
772 2040 1058 2120 generalia
1093 2039 1368 2100 habenda
1407 2041 1526 2099 sint
1551 2086 1567 2115 ‚
1614 2062 1747 2122 quae·
1776 2041 1856 2099 sic
1888 2061 1999 2123 per
2039 2062 2191 2100 una·

70 2136 292 2196 nimem
325 2157 672 2195 consensum
712 2136 1097 2217 acceptaverit
1138 2135 1382 2195 Ecclesia
1412 2159 1430 2213 3
1467 2156 1534 2195 ea
1567 2156 1708 2197 vero
1742 2133 2015 2195 habenda
2053 2134 2191 2194 talia

72 2252 196 2290 non
231 2231 349 2290 sint
377 2276 393 2306 ,
439 2251 564 2312 quae
598 2229 844 2290 Ecclesia
870 2253 978 2312 per
1006 2231 1348 2291 unanimem
1370 2231 1548 2289 istum
1570 2250 1919 2290 consensum
1945 2252 2067 2290 non
2091 2251 2190 2289 ac·

72 2327 390 2408 ceptaverit
414 2325 524 2407 (l).
564 2325 822 2386 Ecclesiae
853 2338 1050 2386 autem
1084 2327 1326 2399 nomine
1365 2348 1488 2384 non
1527 2325 1679 2384 solos
1711 2327 2051 2407 EpiscopOS‚
2085 2347 2186 2386 ve-

69 2443 204 2480 rum
240 2424 417 2482 etiam
445 2433 505 2482 et
530 2420 766 2482 clericos
801 2421 1101 2482 inferiores
1121 2467 1138 2497 ‚
1166 2422 1287 2481 imo
1310 2433 1370 2482 et
1407 2421 1580 2481 laicos
1605 2423 1931 2502 significant
1959 2421 2068 2504 (2).

134 2626 199 2693 (l)
235 2627 302 2676 Ita
328 2627 618 2693 Opstraetus,
642 2630 694 2676 in
728 2636 863 2678 tract.
889 2625 956 2677 De
980 2627 1077 2676 Lo·
1162 2627 1258 2677 alla
1291 2630 1622 2695 cospirazione
1662 2628 1718 2678 di
1751 2632 1869 2678 tutti
1903 2632 1927 2678 i
1959 2632 2179 2696 pastori,

59 2710 132 2757 cis
157 2709 380 2774 Theoloq.
398 2709 664 2760 Vindobon.
690 2726 846 2778 1779,
880 2711 993 2760 diss.
1010 2727 1077 2771 ιν,
1162 2713 1590 2760 necessariameme
1624 2728 1688 2760 ne
1726 2714 1887 2777 sieque
1905 2750 1919 2772 ‚
1957 2711 2042 2760 che
2072 2721 2183 2760 tum

64 2808 110 2856 q.
138 2787 172 2853 4
191 2828 203 2850 ,
235 2789 261 2856 S
298 2807 315 2838 1
340 2827 354 2851 ‚
387 2808 436 2839 n.
472 2792 501 2840 3
534 2802 578 2840 et
613 2809 744 2858 seqq.
947 2811 959 2825 ·
1153 2795 1373 2859 prestino
1394 2794 1418 2840 i
1430 2796 1603 2859 proprj
1630 2781 1779 2852 lumi,
1810 2793 1894 2841 che
1927 2810 2025 2841 uno
2052 2795 2184 2859 ajuti

135 2873 205 2938 (2)
245 2873 569 2922 Auctoritatem
623 2874 767 2940 hujus
822 2877 1080 2925 assertionis
1162 2875 1209 2923 la
1237 2874 1489 2924 debolezza
1517 2873 1811 2942 dell'altro.3.
1837 2875 1905 2923 Le
1933 2863 2089 2924 chiese
2111 2893 2134 2923 e
2159 2877 2182 2922 i

69 2955 316 3004 afferamus
349 2955 742 3020 irrefragabilem,
773 2953 941 3022 nempe
965 2958 1082 3006 cele·
1154 2958 1345 3022 pastori
1380 2957 1697 3005 concorrendo
1743 2959 1799 3005 in
1841 2957 2047 3006 solidum
2082 2955 2182 3005 alla

69 3031 164 3083 bris
188 3035 308 3101 apud
330 3054 436 3085 suos
464 3038 663 3085 doctoris
680 3071 695 3096 ,
727 3036 850 3085 Petri
869 3035 1079 3085 Tambu-
1162 3039 1404 3088 decisione
1431 3039 1717 3090 dommalica
1736 3078 1748 3099 ‚
1783 3057 1808 3087 e
1841 3043 1958 3088 tutti
1978 3039 2050 3088 'in
2077 3057 2181 3090 essa

74 3116 181 3162 rinii
203 3153 216 3175 ‚
246 3118 483 3183 quondam
512 3119 776 3184 professoris
803 3118 1078 3167 TicinensiS.
1161 3122 1498 3181 riconoscendo
1539 3121 1586 3170 la
1620 3123 1824 3188 propria
1859 3122 2000 3187 sede,
2045 3124 2098 3170 vi
2136 3123 2184 3169 si

76 3193 154 3243 Sic
188 3194 330 3262 i‘gitu'r
362 3202 458 3263 ipse
487 3199 875 3248 Jansenianorum
911 3199 1083 3247 doctri·
1163 3210 1407 3251 attaccano
1447 3219 1537 3251 con
1568 3204 1744 3250 intima
1775 3205 2113 3270 persuasione,
2155 3219 2182 3249 e

76 3296 184 3326 nam
215 3284 428 3343 exponit,
462 3286 511 3331 in
537 3302 618 3332 sua
648 3283 850 3332 Anuli-si
870 3283 947 3331 del
964 3283 1085 3331 libro
1165 3300 1253 3332 con
1269 3286 1364 3350 pia
1376 3278 1498 3349 forte
1517 3286 1738 3350 impeyno
1756 3285 1810 3333 di
1827 3295 2059 3334 sostenere
2081 3300 2180 3331 una

78 3358 194 3407 delle
210 3363 531 3425 prescrizioni
547 3365 598 3412 di
625 3365 928 3414 Tertulliano
946 3402 960 3427 ‚
999 3365 1084 3414 Pa·
1161 3373 1302 3430 parte
1318 3365 1395 3413 del
1401 3366 1698 3431 patrimonio
1720 3382 1920 3415 comune
1942 3365 2177 3431 confidam

78 3443 154 3491 via
193 3443 324 3504 (sine
350 3445 504 3508 anno)
525 3443 590 3512 ,ἓ
619 3462 677 3494 tx
704 3464 719 3495 ε
744 3446 821 3495 La
845 3447 1089 3511 funzione
1169 3444 1258 3493 alle
1293 3445 1447 3495 chiese
1484 3448 1538 3494 di
1568 3448 1636 3496 G.
1679 3447 1737 3498 C.
1772 3445 1825 3496 Il
1859 3449 1956 3497 loro
1991 3460 2182 3494 assensu

14 3554 18 3558 -
81 3525 138 3573 di
171 3525 425 3589 qiudicare
472 3527 951 3594 irrefraqcbilmente-
977 3530 1092 3580 delle
1172 3525 1268 3574 alla
1285 3527 1523 3576 decisione
1539 3529 1845 3596 supponendo
1865 3546 2048 3590 esame,
2076 3543 2187 3590 coq-

84 3624 188 3657 cose
222 3608 276 3655 di
304 3608 446 3672 fede,
485 3610 676 3659 essendo
707 3611 862 3678 leqaaea
892 3612 942 3662 al
979 3630 1091 3662 con·
1176 3610 1376 3657 nizione
1404 3609 1460 3658 di
1486 3626 1662 3671 causa,
1686 3612 1910 3677 qiudizio
1934 3610 2056 3658 della
2089 3609 2191 3656 dot-

85 3692 363 3739 sentimenta
377 3691 646 3741 universale
660 3691 716 3742 di
731 3701 845 3744 tutte
861 3694 1095 3753 lechiese,
1182 3698 1314 3742 trina
1331 3731 1345 3754 ,
1370 3693 1581 3759 produce
1602 3697 1658 3743 in
1681 3696 1776 3744 essi
1802 3710 1900 3743 non
1927 3712 2028 3744 una
2064 3695 2195 3742 cieca

163 3774 229 3832 T.
259 3774 406 3833 VIII.
1868 3777 1945 3836 30
