2514 4218
269 138 386 201 444
822 156 1019 196 ΤιιΑοΤ.
1069 158 1137 194 un
1182 155 1330 194 tonis
1375 155 1755 194 russoLommS.

267 324 436 364 mum
457 300 862 371 observamus,
891 297 1217 359 Catholicos
1241 319 1445 357 omnes
1474 298 1671 356 statim
1699 300 2054 381 acquievisse
2085 320 2230 358 rom.
2249 303 2394 360 Pon-

267 397 519 459 tificibus
535 397 597 454 in
613 417 877 455 errorum
892 394 1272 453 damnatione
1292 439 1306 467 ,
1335 414 1410 452 ne
1422 394 1560 475 ipsis
1576 393 1819 475 quidem
1835 394 2104 455 Conciliis
2118 396 2394 477 exceptis3

267 494 572 554 haereticos
610 502 805 549 autem
830 535 845 563 7
888 490 988 570 qui
1032 489 1379 548 Pontificum
1425 489 1670 548 decretis
1718 489 2079 568 restiterant,
2123 492 2401 552 restitisse

269 590 490 672 pariter
521 586 850 646 auctoritati
885 584 1277 643 Conciliorum
1314 585 1810 645 oecumenicorum
1847 631 1862 655 .,
1903 587 1989 644 uti
2019 607 2089 646 ex
2117 586 2401 647 haereticis

273 681 696 766 antiquioribus
726 692 786 739 et
812 679 1229 740 recentioribus
1267 692 1644 762 compertum
1666 692 1774 741 est.
1805 681 1964 742 Nihil
1992 676 2301 764 propterea
2329 705 2402 743 ex

274 781 488 840 horum
518 776 903 843 reluctatione
940 775 1207 834 concludi
1244 787 1453 858 potest.

357 874 495 934 643.
544 872 632 932 Ad
658 871 766 944 3¹¹².
801 874 959 931 Dz'sc.
995 870 1230 930 Extollit
1251 873 1308 931 S.
1335 872 1642 951 Gregorius
1667 873 1746 930 M.
1775 870 2027 931 Concilia
2047 873 2405 932 oecumenica

275 969 384 1030 sub
411 968 695 1049 regimine
717 989 865 1026 rom.
891 968 1241 1026 Pontificum
1267 964 1577 1044 celebrata,
1607 988 1798 1035 conc.,·
1830 966 2088 1028 Concilia
2110 966 2405 1050 acephala,

277 1066 349 1125 de
389 1064 599 1147 quibus
626 1064 722 1123 hic
750 1066 940 1144 agitur
964 1108 980 1138 a
1018 1086 1149 1145 neq.

360 1160 499 1219 644.
549 1159 638 1220 Ad
677 1159 785 1232 4¹1²,
814 1162 970 1219 Disc.
1016 1161 1091 1218 Ea
1123 1159 1352 1241 scripsit
1385 1161 1755 1220 Innocentius
1795 1161 1872 1219 Ill
1897 1205 1914 1237 ,
1950 1182 2025 1220 ne
2061 1182 2122 1220 se
2151 1158 2410 1243 periculo

278 1269 600 1340 exponeret
632 1255 841 1337 agendi
885 1268 1086 1315 contra
1129 1256 1339 1315 Christi
1390 1258 1745 1317 sententiam
1790 1282 1807 1318 ε
1861 1259 2034 1338 Quod
2075 1260 2240 1318 Deus
2270 1278 2412 1316 con-

258 1358 521 1432 juncxit,
574 1355 742 1414 homo
795 1375 918 1412 non
964 1366 1231 1434 separet,
1295 1376 1542 1436 quaeque
1587 1354 1883 1437 pendebat
1932 1378 2004 1415 ex
2058 1355 2414 1415 discussione

279 1451 416 1511 facti
438 1495 455 1524 ‚
497 1472 658 1510 conc.
669 1475 688 1517 ‚-
719 1448 1010 1523 absolute,
1049 1473 1179 1531 neq.
1207 1452 1354 1508 Cum
1390 1451 1549 1510 enim
1575 1450 1877 1533 Philippus
1915 1452 2095 1533 priori
2121 1452 2288 1510 uxori
2313 1436 2415 1511 In-

283 1545 568 1629 genburgi
601 1545 783 1607 vellet
820 1545 995 1604 aliam
1032 1544 1523 1627 superinducere,
1554 1544 1883 1605 obtendens
1920 1547 2082 1629 prius
2121 1548 2416 1606 matrimo-

284 1642 454 1700 nium
486 1664 608 1699 non
639 1641 811 1700 fuisse
837 1651 1314 1699 consummatum
1335 1686 1351 1715 a
1383 1662 1545 1701 secus
1574 1662 1638 1700 ac
1666 1641 1996 1702 affirmabat
2033 1643 2419 1724 Ingenburge,

217 1733 220 1736 ⁴
284 1737 660 1796 Innocentius
692 1737 883 1796 noluit
920 1737 1139 1795 factum
1181 1736 1338 1796 istud
1379 1758 1486 1818 per
1517 1758 1577 1796 se
1620 1749 1889 1797 excutere
1913 1783 1930 1815 7
1982 1760 2057 1798 ne
2096 1739 2161 1797 in
2199 1739 2421 1798 difficili

284 1832 429 1893 adeo
457 1832 689 1913 negotio
709 1831 1095 1915 deciperetur.
1132 1832 1322 1892 Voluit
1358 1832 1605 1914 proinde
1625 1878 1641 1908 7
1671 1846 1738 1892 ut
1769 1856 1800 1892 a
1825 1833 2080 1893 Concilio
2103 1834 2278 1893 simul
2306 1855 2410 1893 ex·-

285 1928 678 2012 penderetur;
725 1928 920 2010 sicque
949 1929 1126 1987 etiam
1164 1950 1356 1987 moras
1386 1928 1661 1988 nectebat
1683 1973 1701 2003 ‚
1732 1941 1799 1988 ut
1826 1930 2046 1989 interea
2071 1930 2375 2012 Philippus
2396 1977 2412 2006 7

288 2025 733 2084 defervescente
772 2024 951 2106 priori
995 2034 1175 2099 aestu,
1211 2024 1286 2083 ad
1333 2025 1559 2083 saniora
1610 2024 1847 2084 consilia
1889 2046 1950 2083 se
1995 2025 2315 2108 reciperet,
2354 2037 2419 2085 ut

291 2121 481 2202 reipsa
514 2119 734 2178 factum
759 2131 848 2179 est
873 2120 982 2200 (l).

374 2215 515 2275 645.
566 2215 696 2294 Ohj.
731 2216 926 2275 tertia.
957 2217 1018 2274 1⁰
1055 2216 1378 2276 Concilium
1420 2217 1901 2292 Constantiense7
1948 2239 2082 2279 sess.
2123 2219 2198 2276 IV
2239 2229 2298 2277 et
2337 2219 2381 2275 V
2404 2264 2419 2293 ,

293 2311 410 2371 duo
433 2311 620 2371 edidit
639 2311 894 2386 decreta,
921 2312 1131 2393 quibus
1157 2312 1474 2374 declaravit
1491 2359 1505 2387 .,
1526 2313 1782 2372 Concilio
1808 2313 2062 2394 generali
2083 2334 2423 2395 quemcum-

294 2430 407 2490 que
452 2408 703 2487 cujusvis
742 2407 1041 2489 dignitatis
1094 2413 1277 2493 etiam
1305 2412 1557 2489 papalis
1599 2408 1835 2469 obedire
1877 2410 2068 2470 teneri
2120 2410 2226 2492 (2).
2261 2411 2423 2469 Con-

294 2505 494 2564 cilium
517 2515 713 2564 autem
750 2504 1076 2565 Basileense
1110 2506 1422 2587 quinquies
1454 2506 1685 2566 decreta
1716 2506 2185 2566 Constantientia
2212 2507 2427 2565 confir-

295 2602 486 2661 mavit
513 2600 709 2685 (3).20
726 2602 859 2662 Haec
887 2624 1061 2683 porro
1097 2601 1355 2661 Concilia
1386 2614 1623 2684 recepta
1645 2603 1883 2662 fuerunt
1921 2614 1981 2662 et
2012 2602 2334 2686 approbata
2363 2614 2430 2661 ut

299 2700 658 2758 oecumenica
702 2719 731 2755 a
780 2699 1034 2756 Martino
1083 2700 1165 2771 V,
1208 2698 1464 2778 Eugenio
1506 2700 1579 2756 IV
1641 2708 1700 2758 et
1741 2700 1843 2757 Pio
1878 2701 1930 2759 II
1970 2698 2078 2779 (4).
2118 2701 2252 2758 Jam
2290 2720 2431 2760 vero

303 2793 694 2852 Conciliorum
739 2794 1236 2853 oecumenicorum
1284 2793 1515 2854 decreta
1545 2840 1560 2867 ,
1606 2815 1733 2875 quae
1766 2816 1797 2852 a
1848 2818 1997 2855 rom.
2058 2793 2432 2854 Pontificibus

303 2889 643 2948 confirmata
683 2900 824 2948 sunt
857 2935 873 2965 7
919 2889 1320 2950 omnimodam
1362 2891 1486 2952 vim
1529 2888 1788 2966 habent,
1828 2903 1893 2949 ut
1929 2914 2104 2952 nemo
2131 2892 2199 2950 iis
2249 2890 2432 2971 possit

306 2981 520 3066 absque
557 2987 766 3045 erroris
808 2988 952 3046 'nota
995 2986 1291 3067 refragari.
1346 2986 1411 3046 3⁰
1465 2988 1591 3046 Huc
1634 3009 1865 3069 quoque
1904 2988 2126 3047 accedit
2159 2985 2431 3046 ‘celeber-

307 3079 453 3138 rima
483 3080 796 3142 declaratio
826 3082 964 3143 cleri
985 3082 1297 3155 Gallicani,
1326 3106 1482 3143 anno
1516 3084 1675 3142 1682
1701 3084 1763 3142 in
1800 3082 2162 3144 solemnibus
2187 3083 2432 3142 comitiis

385 3402 456 3467 (l)
493 3402 593 3452 Cfr.
622 3405 744 3468 apud
777 3405 945 3454 Hui-ter
966 3444 978 3466 ,
1015 3404 1233 3453 Histoire
1266 3405 1333 3453 du
1415 3404 1506 3453 col.
1541 3401 1639 3453 252
1669 3412 1712 3450 et
1745 3400 1861 3455 258.

317 3484 447 3552 Pape
476 3483 711 3535 Innocent
744 3505 825 3549 ιιι,
860 3500 972 3538 tom.
1009 3505 1091 3549 m,
1130 3489 1210 3537 liv.
1243 3485 1332 3550 18,
1484 3485 1547 3550 (3)
1586 3485 1703 3534 Loc.
1733 3489 1810 3533 cit.

315 3570 429 3618 edit.
465 3572 544 3619 cit.
577 3587 679 3634 pag.
709 3568 807 3618 226
836 3581 882 3619 et
911 3590 1004 3637 seq.
1490 3570 1558 3634 (la)
1596 3569 1663 3617 Ex
1690 3568 1793 3618 Nat.
1818 3570 1950 3618 Alex.
1978 3569 2086 3617 diss.
2115 3565 2285 3633 cit.§7
2313 3562 2433 3625 etss,

390 3652 452 3715 (Ξ)
480 3652 611 3717 Apud
630 3653 773 3701 Hard.
791 3654 916 3701 Acta
935 3654 1206 3703 Concdom.
1226 3671 1336 3714 vm,
1422 3662 1467 3702 et
1487 3653 1597 3701 diss.
1627 3668 1732 3712 vm,
1762 3670 1853 3701 sec.
1882 3671 1938 3700 xv
1958 3663 2001 3700 et
2024 3668 2101 3699 xv!
2117 3689 2128 3711 ‚
2151 3661 2251 3699 not.
2273 3648 2301 3696 3
2325 3658 2367 3697 et
2386 3644 2436 3709 4.
