2514 4218
232 184 356 246 202

823 202 1021 244 TRACT.
1067 201 1135 238 DE
1180 200 1330 241 mets
1373 202 1758 246 muozomcls.

240 364 415 428 sunt-1
457 369 590 435 quae
625 349 899 411 dicuntur
926 347 1000 406 de
1026 346 1119 422 vi,
1158 367 1271 428 qua
1303 350 1549 425 majores
1589 371 1792 412 eorum
1837 351 1910 412 ab
1942 351 2252 416 schismate
2280 355 2365 416 di-

244 449 397 512 vulsi
443 459 603 507 sunt.
634 446 915 505 Historica
958 442 1313 501 documenta
1356 443 1716 504 contrarium
1747 448 2068 508 ostendunt
2093 451 2182 531 (l)

330 545 471 605 313.
519 545 677 604 Licet
707 562 846 601 vero
871 538 1029 620 origo
1059 538 1443 598 Ecclesiarum
1471 538 1933 603 britannicarum
1967 547 2372 628 antiquissima

246 642 322 701 sit
341 686 358 708 .,
389 639 545 719 origo
570 650 767 696 tamen
798 632 1196 713 anglicanismi
1240 655 1340 694 seu
1370 634 1694 693 schismatis
1739 657 1938 697 recens
1969 652 2077 700 est.
2123 643 2273 700 Nam
2307 661 2376 701 eo

248 737 409 819 ipso7
447 731 604 815 quod
635 729 1001 791 adversarius
1028 729 1244 790 fatetur
1265 776 1281 806 ,
1321 752 1427 812 per
1450 732 1551 789 XV
1585 730 1948 791 continentia
1978 735 2166 795 secula
2192 736 2378 796 Eccle-

249 832 360 892 sias
394 825 751 888 britannicas
772 826 1161 908 permansisse
1189 826 1250 885 in
1279 827 1692 887 communione
1711 850 1847 888 cum
1872 829 2144 889 omnibus
2167 831 2380 890 Christi

251 923 547 997 Ecclesiis7
598 942 659 981 se
698 943 945 1004 suasque
984 922 1259 982 Ecclesias
1298 922 1685 1000 condemnat,
1724 923 1883 1006 quod
1924 934 2124 1007 postea
2170 924 2245 984 ab
2288 927 2385 984 Ec-

250 1020 417 1080 clesia
449 1039 691 1078 romana
710 1063 726 1094 7
759 1039 825 1077 ac
861 1017 1110 1100 proinde
1137 1040 1170 1076 a
1206 1018 1444 1101 reliquis
1463 1064 1487 1092 ,
1531 1039 1659 1101 quae
1691 1020 1753 1079 in
1793 1020 2068 1082 universo
2094 1031 2385 1080 terrarum

252 1115 394 1176 orbe
440 1137 574 1174 cum
630 1135 697 1173 ea
746 1115 1217 1189 communicant,
1269 1136 1330 1174 se
1381 1116 1801 1198 separaverint.
1853 1118 1936 1175 Ex
1980 1116 2079 1176 illo
2120 1129 2388 1199 tempore

251 1210 632 1271 schismaticae
673 1210 838 1269 factae
866 1221 1004 1269 sunt
1023 1256 1038 1284 7
1072 1209 1338 1293 nihilque
1368 1211 1622 1293 amplius
1653 1233 1965 1272 commune
1999 1211 2220 1272 habent
2251 1234 2384 1272 cum

252 1307 508 1389 antiquis
553 1305 899 1365 britannicis
932 1305 1233 1380 EcclesiiS,
1274 1327 1402 1388 quae
1438 1308 1854 1368 intemeratam
1895 1318 2210 1368 servarunt
2252 1328 2387 1367 cum

249 1403 502 1464 Ecclesia
527 1423 772 1460 romana
795 1446 810 1476 .,
836 1399 897 1460 id
914 1413 1003 1461 est
1032 1400 1336 1472 catholica,
1373 1403 1683 1463 unitatem.
1718 1406 2021 1463 Possemus
2045 1425 2249 1484 urgere
2275 1404 2388 1462 du—

253 1499 425 1558 bium
455 1500 652 1556 saltem
673 1539 693 1568 ,
730 1497 851 1557 sive
889 1518 959 1557 ex
989 1508 1156 1579 parte
1180 1502 1360 1576 juris
1389 1498 1513 1558 sive
1538 1521 1609 1557 ex
1643 1510 1810 1581 parte
1844 1502 2002 1578 facti
2023 1547 2040 1569 ,
2077 1498 2150 1558 de
2192 1497 2389 1560 valore

251 1593 695 1654 ordinationum
737 1591 1205 1672 anglicanarum,
1246 1614 1311 1652 ac
1355 1605 1665 1676 propterea
1706 1594 2126 1679 Episcoporum
2173 1614 2392 1659 succes-

254 1690 418 1751 sione
446 1687 556 1769 (2);
590 1709 797 1751 verum
822 1710 966 1770 opus
996 1710 1119 1751 non
1144 1699 1257 1765 est,
1276 1700 1343 1749 ut
1366 1711 1472 1749 nos
1502 1690 1564 1749 in
1591 1689 1745 1749 hanc
1767 1689 2225 1772 disputationem
2249 1709 2392 1748 con—-

252 1900 379 1967 quod
418 1901 469 1948 in
495 1901 777 1948 immensum
811 1908 949 1964 auget
975 1900 1171 1947 istorum
1185 1899 1273 1947 cri-

253 2000 363 2031 men
385 2020 399 2042 ,
438 1992 505 2031 est
521 1982 718 2047 supplex
746 1981 826 2030 illa
851 1983 1046 2047 rogatio,
1073 1999 1166 2047 qna
1199 1998 1279 2046 pe-

1365 1898 1609 1964 specialem
1622 1897 2032 1947 considerationem
2046 1893 2394 1960 meretur,quod

1364 1984 1613 2031 novissime
1649 1980 1827 2047 scripsit
1858 1982 2011 2029 claris.
2040 1983 2137 2045 ipse
2168 1978 2254 2027 Dr.
2287 1977 2398 2025 Lin-

255 2075 360 2113 tunt
377 2064 435 2113 ab
456 2064 738 2129 Imperatore
761 2101 774 2124 ‚
804 2074 856 2112 ut
885 2064 996 2113 velit
1016 2082 1064 2113 se
1081 2082 1281 2131 suosque

255 2164 411 2212 greges
461 2149 511 2194 in
553 2148 934 2196 communionem
965 2146 1169 2212 recipere
1215 2146 1282 2195 ad

250 2244 419 2295 pacem
443 2236 491 2276 et
512 2227 712 2276 salutem
740 2231 1018 2277 animarum
1038 2246 1061 2290 ,⁶
1091 2230 1282 2295 perinde

256 2327 312 2359 ac
348 2313 385 2359 si
417 2313 468 2359 in
497 2311 592 2359 sola
622 2313 795 2359 russica
817 2312 1019 2360 Ecclesia
1049 2311 1157 2378 quis
1177 2329 1282 2376 pos-

257 2392 315 2440 sit
340 2393 546 2441 obtinere
573 2393 773 2441 salutem
791 2429 805 2456 ‚
824 2392 1114 2459 quicumque
1135 2392 1284 2460 igitur

256 2483 381 2524 extra
419 2475 642 2523 ditionem
686 2478 942 2539 russicam,
983 2466 1282 2543 ultraquam

255 2574 354 2605 non
391 2558 653 2606 extenditur
696 2558 775 2606 illa
822 2575 1085 2626 synagoga,
1118 2559 1284 2608 salvari

259 2658 358 2689 non
381 2649 554 2705 posset.
597 2639 674 2687 Vae
704 2639 795 2687 illis
814 2677 826 2698 ‚
866 2641 949 2706 qui
974 2643 1206 2705 incipiunt
1233 2643 1284 2687 in

257 2740 455 2790 praeceps
483 2739 615 2771 ruere
640 2738 655 2784 3
678 2739 774 2770 non
791 2732 856 2770 est
886 2721 971 2770 ubi
1001 2723 1280 2770 consistant!

327 2805 393 2869 (Ι)
431 2804 530 2853 Cfr.
548 2804 840 2853 Bollandiani
860 2839 873 2861 ‚
891 2801 1023 2851 Acta
1052 2801 1149 2854 SS.
1165 2813 1283 2851 tom.

258 2904 294 2936 ιι
312 2925 326 2952 ,
352 2888 596 2953 septembr.
629 2887 858 2936 dissertat.
879 2883 953 2934 De
981 2887 1286 2934 conversione

260 2979 306 3019 et
329 2971 425 3033 fide
444 2972 708 3020 Russorum
723 3008 737 3033 ‚
757 2970 783 3037 §
805 2988 862 3021 10
879 2987 899 3032 ,·
922 2987 1007 3018 nec
1030 2989 1126 3018 non
1142 2969 1285 3018 Card.

260 3050 488 3102 Baronius
508 3092 521 3114 ,
563 3058 614 3102 in
645 3055 904 3120 appendice
938 3052 1008 3103 De
1046 3051 1289 3101 Ruthenis

266 3134 332 3183 ad
373 3139 760 3185 communionem
803 3134 947 3186 Sedis
1003 3134 1291 3201 Apostolicoe

262 3218 461 3282 receptis
476 3219 564 3266 sub
587 3218 827 3268 Clemente
846 3216 905 3268 V
900 3217 938 3266 I
937 3216 974 3266 I
974 3221 1006 3268 Ι
1012 3256 1025 3271 .
1045 3221 1095 3266 in
1110 3217 1161 3265 A
1166 3234 1293 3265 nna-

263 3298 350 3349 lib.
375 3299 486 3349 edit.
532 3301 751 3350 Lucensis
785 3313 902 3351 tom.
927 3317 972 3351 lx
999 3337 1013 3362 ‚
1046 3318 1150 3366 pag.
1190 3297 1292 3349 658

1366 2065 1480 2130 gard
1523 2067 1573 2112 in
1605 2081 1768 2130 opusc.
1806 2063 1947 2111 relato
1988 2064 2039 2110 in
2077 2059 2274 2108 Dublin
2306 2058 2399 2107 Re-

1367 2149 1487 2197 view
1514 2184 1528 2208 ,
1563 2163 1720 2195 mense
1756 2148 1884 2210 maj.>
1913 2142 2074 2207 1840,
2121 2144 2347 2207 inscripto
2382 2157 2396 2188 :

1368 2228 1595 2278 Ecclesia
1614 2226 1877 2293 anqlieana
1893 2226 2177 2291 reformavit
2195 2241 2255 2272 ne
2271 2224 2403 2289 seip-

1370 2313 1521 2363 nam?
1553 2312 1625 2361 Ibi
1664 2312 1866 2360 ostendit
1895 2329 2038 2378 quam
2081 2312 2285 2370 incerta,
2320 2309 2405 2356 aut

1369 2396 1529 2445 saltem
1546 2413 1686 2462 quam
1719 2394 2050 2460 problematice
2076 2392 2137 2442 sit
2156 2392 2395 2459 praetensio

1369 2478 1583 2528 Ecclesiae
1613 2478 1872 2542 anglicanae
1902 2476 2107 2525 habendi
2151 2468 2398 2522 successio-

1370 2579 1482 2610 nem
1519 2561 1818 2626 apostolicam
1850 2561 1900 2606 in
1942 2557 2242 2622 Episcopatu.
2277 2553 2396 2601 Prae-

1370 2642 1627 2690 scindendo
1660 2641 1784 2689 enim
1809 2639 1868 2687 ab
1896 2639 2253 2705 authenticitate
2278 2647 2402 2685 acto-

1369 2742 1476 2772 rum
1506 2723 1912 2771 lambethanorum
1933 2759 1946 2782 ‚
1991 2728 2172 2770 certum
2204 2729 2298 2779 est,
2333 2724 2403 2771 uti

1370 2809 1468 2871 ipse
1482 2805 1825 2865 animadvertit,
1837 2805 1972 2853 valde
1987 2803 2251 2852 dubitatum
2265 2801 2405 2851 etiam

1371 2889 1429 2937 ab
1461 2890 1593 2936 initio
1632 2887 1774 2936 fuisse
1816 2887 1874 2936 de
1914 2888 2068 2935 valore
2102 2885 2406 2934 consecratio-

1374 2974 1445 3019 nis
1471 2971 1813 3035 Archiepiscopi
1836 2969 2022 3018 Parkeri
2043 3005 2056 3027 ‚
2090 2968 2147 3029 (a
2175 2983 2270 3032 quo
2306 2965 2405 3013 solo

1376 3055 1658 3118 proveniunt
1711 3051 1911 3100 actuales
1970 3050 2186 3115 Episcopi
2249 3048 2401 3113 angli·
2448 3056 2451 3060 '

1377 3138 1482 3185 cani
1510 3134 1704 3199 omnes)
1740 3150 1838 3181 non
1877 3133 2027 3180 solum
2062 3150 2088 3180 a
2124 3130 2377 3178 Catholicis
2398 3167 2412 3189 ‚

1378 3235 1546 3268 verum
1576 3219 1716 3267 etiam
1765 3233 1790 3263 a
1816 3213 2038 3280 gubernio
2074 3215 2173 3278 ipso
2209 3212 2419 3264 Elisabe-

1379 3302 1468 3351 thae
1487 3339 1500 3362 ,
1524 3304 1589 3349 sic
1617 3310 1668 3348 ut
1695 3299 2004 3347 necessarium
2048 3296 2419 3384 prorsusfduxe-

264 3394 310 3434 et
350 3401 479 3450 seqq.
531 3382 813 3448 Spondanus
862 3386 928 3435 ad
990 3403 1070 3434 an.
1139 3382 1266 3451 1595
1287 3421 1300 3444 ‚
1386 3387 1448 3433 rit
1474 3397 1708 3432 recurrere
1725 3380 1783 3429 ad
1806 3381 2190 3445 omnipotentiam
2219 3380 2420 3443 reginae,

268 3485 321 3516 n.
365 3464 426 3530 14
443 3502 457 3525 ‚
483 3475 575 3514 etc.

1391 3467 1451 3515 ad
1481 3482 1584 3514 eam
1615 3461 1976 3515 Ordinationem
1997 3462 2055 3510 ab
2084 3462 2213 3510 omni
2241 3459 2420 3509 defectu

338 3550 401 3616 (2)
438 3549 603 3598 Praeter
635 3567 708 3610 ea,
735 3567 839 3616 quae
857 3555 975 3600 circa
994 3550 1198 3600 valorem
1217 3548 1310 3598 Or·
1395 3547 1669 3597 sanandam}
1688 3546 1800 3594 Haec
1815 3563 1947 3610 porro
1958 3543 2243 3592 mandatum
2256 3540 2419 3598 edixit,

269 3634 570 3682 dinationum
633 3632 984 3698 anglicanarum
1041 3630 1203 3698 scripsi
1263 3634 1315 3680 in
1399 3647 1493 3697 quo
1521 3644 1582 3676 esc
1602 3626 1914 3695 plenitudine
1944 3629 2092 3692 reyioe
2122 3640 2223 3673 suoe
2263 3629 2426 3670 aucto-

273 3727 410 3766 tract.
444 3714 517 3766 De
550 3715 771 3776 Ordine,
807 3734 856 3763 n.
905 3717 996 3784 137
1022 3752 1036 3773 ,
1074 3725 1172 3765 not.
1221 3714 1277 3777 (a)
1301 3751 1315 3775 ‚
1401 3712 1567 3760 ritulis
1610 3710 1859 3777 supplebat
1888 3709 2087 3760 cuilibet
2133 3703 2340 3768 defectui
2369 3704 2427 3749 in
