2514 4218
255 161 374 222 500

852 173 1051 215 TRAGT.
1099 177 1168 212 DE
1212 172 1362 212 LOCIS
1407 172 1786 213 THEOLOGICIS.

329 323 481 384 731.
533 323 613 382 Ex
664 320 821 379 hisce
878 314 1489 378 animadversionibus
1546 316 1684 389 vix,
1739 318 1827 376 uti
1882 318 2223 395 innuimus7
2272 343 2396 381 non

265 418 533 480 absoluta
563 417 684 477 haec
707 414 1105 476 controversia
1132 411 1317 474 videri
1345 422 1558 494 potest.
1587 413 1675 471 Ne
1714 422 1918 473 tamen
1940 415 2174 474 muneri
2196 426 2396 475 nostro

262 518 324 575 in
359 511 792 596 re-gravissima
826 510 1025 570 deesse
1054 508 1394 584 videamur,
1420 506 1807 568 fundamenta
1835 511 2127 593 praecipua
2161 534 2193 571 a
2225 511 2396 572 nobis

260 611 474 693 exponi
518 607 739 667 debent
761 652 776 683 ‚
809 605 1021 689 quibus
1067 604 1335 664 doctrina
1378 615 1578 663 nostra
1608 603 1866 664 fulcitur.
1908 607 2058 666 Cum
2087 629 2229 668 vero
2271 608 2398 668 haec

259 707 475 788 partim
516 726 587 764 ex
637 703 970 784 Scriptura,
1017 700 1236 784 partim
1278 723 1350 760 ex
1398 698 1715 765 traditione
1763 712 1824 760 et
1870 701 2134 762 Ecclesiae
2186 703 2353 784 praxi
2377 749 2395 778 ,

259 801 475 884 partim
511 821 649 863 vero
679 798 942 880 denique
983 819 1056 857 ex
1088 798 1240 857 facto
1269 797 1396 879 ipso
1431 796 1820 855 desumantur
1841 843 1857 872 ‚
1896 808 2016 857 tres
2059 810 2237 859 erunt
2263 819 2399 880 pro-

268 897 584 979 positiones
604 940 621 970 ,
655 894 867 977 quibus
900 893 1012 954 hoc
1045 904 1461 974 argumentum
1496 891 1889 955 absolvemus,

1087 1098 1499 1153 PROPOSITIO
1541 1101 1581 1153 1.

261 1290 439 1349 Rom.
485 1287 774 1365 Pontifex
806 1307 880 1345 ea·
912 1286 1199 1344 cathedra
1234 1285 1522 1364 definiens
1565 1288 1638 1342 in
1674 1285 1853 1344 rebus
1887 1286 2037 1363 fidei
2071 1297 2137 1345 et.
2157 1306 2404 1353 morum

343 1385 703 1463 infallibilis
734 1394 851 1451 est,
888 1386 1131 1461 ejusque
1169 1382 1512 1461 doqmatz‘ca
1544 1379 1775 1440 decreta
1794 1425 1817 1453 ,
1857 1386 2040 1441 etiam
2075 1394 2405 1463 antequam

337 1481 583 1540 accedat
631 1479 916 1538 Ecclesiae
965 1499 1285 1537 consensus
1301 1520 1327 1549 ,
1383 1487 1527 1536 sunt
1567 1498 1834 1556 prorsus
1876 1481 2362 1557 z'rref'ormahilia
2383 1505 2405 1550 ;

338 1586 527 1654 prout
558 1578 628 1633 in
654 1577 888 1654 primic
926 1594 1114 1632 sacrae
1142 1573 1383 1631 Litterae
1409 1573 1747 1632 ostendunt.

343 1791 490 1852 732.
536 1792 667 1850 Tria
711 1792 1083 1872 potissimum
1119 1791 1350 1854 oracula
1390 1790 1676 1868 ejusmodi
1711 1792 1897 1865 Petri,
1936 1813 2039 1852 seu
2066 1815 2216 1855 rom.
2245 1797 2407 1855 Pon—¹

272 1889 440 1948 tificis
463 1884 896 1946 infallibilitatis
918 1887 1364 1969 praerogativam
1385 1888 1446 1946 in
1467 1886 1703 1969 publico
1727 1889 2058 1969 magisterio
2080 1890 2408 1971 dogmatico

266 1985 581 2044 adstruunt
602 2028 618 2058 ,
654 1984 736 2041 ita
770 1993 836 2041 ut
867 1982 1311 2043 irreformabilia
1342 1983 1599 2044 evadant
1620 1989 1744 2064 ejus
1765 1985 1998 2046 decreta
2016 2032 2033 2061 .,
2063 1987 2246 2047 etiarn
2270 2000 2410 2050 ante

271 2078 536 2139 Ecclesiae
574 2099 945 2137 consensum.

359 2174 506 2234 733.
554 2175 816 2233 Primum
857 2172 1005 2233 illud
1040 2185 1161 2250 θεῖ,
1203 2174 1364 2257 quod
1392 2174 1604 2256 legitur
1630 2177 1763 2236 Luc.
1798 2179 1960 2237 XXII
1985 2223 2002 2253 ,
2034 2178 2108 2239 31
2143 2190 2203 2240 et
2237 2201 2404 2264 seqq.

271 2290 406 2330 cum
449 2269 597 2329 dixit
636 2269 899 2329 Christus
927 2292 941 2328 ε
965 2272 1217 2342 Simon,
1249 2272 1493 2344 Simon,
1531 2294 1655 2332 ecce
1677 2274 1944 2333 Satanas
1962 2278 2248 2355 empetivit
2270 2297 2368 2336 vos
2387 2322 2404 2353 7

268 2377 342 2426 ut
381 2367 686 2426 cribraret
721 2369 882 2425 sicut
913 2369 1229 2434 triticum‚·
1267 2388 1365 2448 eqo
1400 2378 1606 2427 autem
1653 2375 1870 2449 royavi
1896 2392 2017 2450 pro
2058 2383 2112 2430 te
2123 2415 2146 2444 ,
2186 2382 2258 2431 ut
2290 2393 2412 2432 non

271 2464 510 2542 deficiat
537 2464 682 2542 fides
724 2474 832 2522 tua
847 2483 869 2531 ,·
907 2473 962 2521 et
1005 2474 1072 2522 tu
1099 2465 1447 2543 ‘aliqua-ndo
1493 2485 1810 2524 conversus
1851 2467 2143 2546 confirma
2182 2470 2411 2547 fratres

269 2570 420 2619 tuos,
467 2557 688 2632 Quibus
726 2557 923 2621 verbis
960 2558 1069 2618 tria
1108 2558 1376 2619 Christus
1417 2559 1609 2620 effecit
1653 2560 1962 2644 :praedixit
1997 2562 2215 2624 seilicet
2258 2563 2412 2623 futu-

273 2780 502 2829 visibilem
532 2783 582 2828 in
604 2780 697 2829 fide
717 2780 914 2829 deficere
933 2797 1063 2846 posse
1083 2818 1096 2841 ‚
1124 2798 1175 2830 n.
1204 2782 1267 2831 32
1284 2818 1298 2842 ‚

275 2862 374 2910 haec
404 2862 614 2927 praeclare
635 2862 832 2911 scribit:
853 2861 909 2909 Il
933 2878 994 2910 ne
1020 2862 1132 2927 faut
1152 2863 1303 2927 qu’un

268 2960 369 3008 peu
400 2944 457 2991 de
486 2944 580 2992 bon
608 2961 716 2992 sene
740 2952 786 2992 et
809 2944 866 2992 de
895 2944 1048 2993 bonne
1073 2946 1152 3009 foi
1173 2961 1305 3010 pour

1381 2785 1450 2829 ete
1475 2781 1672 2848 capable
1703 2782 1762 2831 de
1785 2782 1909 2833 nous
1928 2802 1989 2833 en
2014 2784 2270 2844 distroire,
2288 2801 2410 2835 noue

1381 2879 1581 2912 commea
1622 2864 1663 2913 le
1698 2882 1836 2932 corpe
1875 2869 1963 2933 qui
1998 2884 2033 2916 a
2068 2885 2136 2917 vu
2169 2867 2348 2917 tumber
2372 2869 2404 2916 ἀ

1381 2944 1533 2995 droite
1562 2956 1607 2995 et
1636 2949 1667 2996 ὰ
1694 2949 1880 3014 qauche
1915 2959 2021 2998 ioue
2052 2965 2175 2998 ceux
2218 2952 2308 3014 qui
2356 2967 2407 2999 se

277 3042 455 3075 avouer
477 3045 565 3092 que
595 3011 805 3093 l'quise
821 3026 1095 3078 chreeienne
1116 3027 1197 3076 dee
1214 3044 1303 3075 eon

279 3111 467 3175 origine
497 3128 527 3158 a
558 3128 619 3160 eu
644 3129 774 3177 pour
795 3128 893 3159 une
917 3129 1117 3177 marque
1140 3111 1199 3160 de
1215 3127 1303 3160 eon

276 3194 414 3241 unite
453 3209 508 3240 ea
546 3197 853 3243 communion
891 3212 1008 3244 avec
1043 3194 1092 3242 la
1125 3194 1304 3243 Chaire

278 3274 336 3324 de
362 3276 496 3323 saint
526 3274 722 3337 Pierre,
753 3276 880 3325 dam
894 3275 1093 3342 laquelle
1112 3287 1216 3326 tous
1239 3276 1303 3325 les

276 3367 438 3407 autres
462 3358 610 3422 eieqee
642 3367 724 3406 ont
743 3360 892 3424 qarde
913 3358 1109 3421 Punite,
1134 3360 1191 3407 in
1205 3375 1302 3424 qua

277 3439 376 3489 sola
405 3441 574 3488 unitas
597 3450 869 3490 servaretur
876 3477 894 3503 ,
914 3458 1095 3490 comme
1104 3441 1303 3507 parlent

275 3521 340 3570 les
377 3523 533 3570 sainte
565 3519 712 3571 Pereo
745 3522 953 3588 (Optat.
976 3533 1101 3574 cont.
1121 3523 1297 3573 Parm.

276 3605 362 3655 lib.
389 3607 449 3671 n)
476 3622 490 3670 3
522 3622 584 3654 en
615 3614 737 3654 eone
757 3605 898 3671 qu’en
926 3625 957 3672 y
981 3608 1264 3658 demeurant
1281 3643 1297 3668 ,

273 3703 450 3738 comme
467 3705 590 3740 nous
599 3688 790 3753 fai-cons
804 3726 818 3747 ,
846 3705 960 3739 eane
981 3707 1072 3755 que
1096 3692 1206 3740 rien
1227 3691 1302 3738 ait

1381 3038 1487 3077 sont
1519 3033 1708 3096 separes
1750 3033 2104 3082 eux-memes...
2143 3028 2284 3080 Dans
2333 3040 2408 3080 cet

1382 3111 1640 3160 inviolable
1669 3113 1985 3162 attachement
2013 3114 2045 3161 ὰ
2072 3112 2121 3160 la
2152 3112 2331 3162 Cbaire
2347 3114 2406 3163 de

1383 3195 1518 3242 saint
1538 3195 1714 3243 Pierre
1727 3230 1742 3257 ,
1769 3210 1891 3242 noue
1907 3211 2109 3243 eommes
2121 3195 2295 3260 quidde
2307 3213 2406 3262 par

1382 3275 1429 3325 la
1452 3293 1694 3342 prome-sse
1720 3276 1777 3323 de
1797 3272 2150 3328 Jews-Christ.
2170 3278 2242 3327 En
2270 3281 2409 3344 igitur

1382 3369 1603 3409 tesseram
1629 3358 2045 3422 exploratissimam
2071 3360 2262 3410 unitatis
2295 3378 2407 3411 verae

1381 3442 1616 3500 Ecclesiae,
1638 3445 2027 3492 communionem
2048 3460 2159 3492 cum
2178 3443 2407 3492 cathedra

1380 3524 1433 3572 S.
1477 3519 1637 3572 Petri.
1678 3522 1797 3589 Opp.
1843 3525 1957 3576 edit.
2000 3528 2078 3578 cit.
2121 3537 2236 3577 tom.
2273 3543 2404 3587 xxn,

1385 3623 1489 3672 pag.
1521 3602 1621 3668 423
1650 3614 1694 3657 et
1721 3624 1851 3673 seqq.
