2514 4218
2040 195 2160 256 345

386 226 541 265 PART.
591 227 629 263 1.
674 224 825 263 SRGT.
876 224 942 262 11.
986 224 1107 263 CAP-
1153 224 1195 263 1.
1239 225 1307 260 DE
1351 221 1511 260 PETRI
1556 220 1823 259 PRIMATU.

50 370 243 433 verbis
271 393 285 428 z
324 370 512 429 Pasce
531 390 746 449 aquos,
779 389 958 447 pasce
993 388 1120 427 oves
1149 387 1344 435 meas,·
1378 369 1553 426 totius
1586 364 1814 422 mundi
1838 365 2161 442 proefeccu—

52 489 189 527 ram
251 468 642 536 commisisse,
695 465 871 523 totius
919 464 1202 523 Ecclesioe
1245 473 1431 541 caput
1481 458 1844 519 constituisse
1872 482 1893 531 ς·
1935 456 2162 539 aliaque

52 559 332 639 ejusmodi
381 559 452 619 de
490 561 659 618 Petro
695 559 1014 640 praedicant
1066 579 1187 637 prae
1237 555 1521 639 Apostolis
1579 552 1815 635 reliquis
1837 597 1853 626 ,
1912 573 2041 633 quae
2096 553 2161 610 in

52 656 329 738 aequalem
362 655 565 714 cadere
595 677 717 713 non
749 663 1010 734 possunt.
1055 653 1138 710 Ex
1168 651 1259 710 his
1291 672 1470 732 porro
1500 650 1716 715 muniis
1749 646 2030 707 divinitus
2060 647 2164 705 uni

50 755 222 811 Petro
254 751 474 811 collatis
510 771 645 810 vera
674 770 737 808 ac
761 768 1036 828 germana
1061 747 1148 806 vis
1170 745 1404 806 illorum
1427 745 1735 805 titulorum
1765 741 2166 825 deprehendi-

53 858 149 905 tur
176 893 192 921 a
219 846 426 928 quibus
444 847 642 904 Patres
659 842 956 903 celebrant
980 843 1220 900 Petrum
1244 841 1330 898 uti
1357 841 1770 918 Apostolorum
1790 840 2132 918 principem
2148 883 2167 907 ,

52 954 238 1020 eaput
254 989 271 1011 ,
296 941 709 1020 coryphaeum,
740 940 1048 1007 verticem,
1076 939 1483 994 summitatem
1501 980 1517 1007 ,
1548 939 1825 1013 primum
1849 937 2124 994 omnium
2147 977 2164 1007 .‚

53 1039 300 1115 reliquis
332 1041 652 1113 majorem,
677 1034 1095 1111 potentiorem,
1121 1032 1472 1109 praesidem,
1523 1041 1820 1107 pastorem
1843 1075 1860 1098 ,
1894 1039 2004 1087 etc.
2051 1027 2163 1107 (l).

56 1130 292 1189 Accedit
313 1177 328 1204 ‚
375 1152 494 1189 non
525 1151 596 1189 ex
629 1127 762 1186 solis
795 1124 1122 1184 istiusmodi
1137 1120 1322 1184 effatis
1342 1147 1448 1183 nos
1472 1124 1762 1204 collegisse
1788 1143 2025 1182 sensum
2046 1133 2170 1181 tra-

56 1225 398 1287 ditionalem
442 1226 587 1284 circa
622 1222 770 1282 Petri
799 1221 1156 1303 primatum3
1204 1221 1328 1280 haec
1361 1221 1520 1279 enim
1558 1220 1799 1278 nonnisi
1832 1218 1906 1277 ad
1935 1218 2170 1278 unicam

55 1320 298 1380 classem
324 1329 644 1403 ‘spectantg
699 1338 804 1376 nos
839 1327 1034 1375 autem
1075 1327 1298 1397 septem
1346 1315 1818 1377 enumeravimus
1849 1360 1864 1389 ,
1905 1334 2066 1396 quae,
2120 1313 2169 1372 si

59 1416 234 1474 simul
265 1417 543 1476 uniantur
562 1459 577 1488 7
604 1410 976 1471 ineluctabile
991 1432 1227 1492 prorsus
1248 1409 1427 1468 robur
1449 1410 1743 1491 accipiunt
1765 1454 1782 1484 ‚
1814 1407 1971 1490 quod
1993 1407 2169 1467 nullis

59 1510 342 1569 machinis
374 1509 598 1568 concuti
634 1518 845 1589 potest.

143 1604 281 1662 511.
303 1604 391 1663 Ad
407 1605 491 1661 2¹¹¹
512 1647 530 1677 ‚
561 1605 718 1662 Dist.
752 1600 1044 1680 Ejusmodi
1068 1613 1261 1661 textus
1278 1622 1502 1660 meram
1522 1597 1890 1680 personalem
1920 1599 1979 1657 S.
2000 1600 2171 1657 Petro

58 1700 561 1781 praeeminentiam
576 1697 733 1756 inter
749 1696 1049 1778 Apostolos
1083 1707 1348 1755 asserunt
1367 1742 1381 1770 a
1418 1707 1703 1776 quatenus
1730 1693 2171 1776 praeeminentia

61 1814 134 1853 ex
164 1793 419 1875 primatu
460 1792 810 1874 proveniens
839 1792 1010 1850 unius
1050 1791 1205 1850 Petri
1240 1802 1363 1865 est,
1393 1812 1502 1850 nec
1537 1789 1775 1871 reliquis
1811 1789 2169 1863 communis,

57 1908 251 1956 conc.,·
268 1899 554 1970 quatenus
575 1886 1015 1969 praeeminentia
1041 1887 1394 1968 proveniens
1415 1887 1491 1945 sit
1516 1907 1586 1945 ex
1612 1885 1748 1944 soli-s
1770 1881 2172 1967 personalibus

59 1983 216 2042 Petri
259 1981 489 2041 dotibus
510 2028 525 2057 7
565 1980 762 2041 indole
790 2027 807 2058 ,
859 1982 1123 2060 ingenio7
1154 1981 1278 2042 zelo
1307 2026 1324 2055 ‚
1377 1993 1485 2040 etc.
1515 2003 1644 2062 neq.
1678 1981 1881 2062 Itaque
1917 1990 2038 2039 tota
2063 1977 2172 2037 dif-

60 2076 282 2136 ficultas
302 2078 486 2136 oritur
500 2099 571 2136 ex
596 2077 1047 2159 aequivocatione
1077 2077 1227 2139 vocis
1237 2078 1574 2156 personalis
1610 2096 1712 2135 seu
1745 2075 2172 2147 indi-vidualis,

136 2334 203 2400 (l)
241 2335 422 2408 Ecquid
458 2338 583 2384 enim
612 2336 737 2384 aliud
767 2354 910 2402 quam
942 2353 1077 2402 super

69 2426 239 2465 ceteros
256 2417 573 2466 auctoritatem
590 2418 913 2467 commendare
926 2420 975 2466 in
994 2417 1078 2467 Pe-

65 2508 138 2546 tro
169 2500 317 2547 voluit
352 2498 401 2548 S.
445 2499 581 2547 Joan.
614 2499 961 2565 Chrysostomus
987 2500 1079 2551 illis

61 2579 211 2628 verbis
231 2616 246 2638 ‚
266 2595 368 2646 quae
381 2580 522 2629 habet
550 2583 599 2628 in
617 2580 767 2630 Hom.
785 2599 835 2629 ln
856 2619 869 2642 ,
889 2583 944 2628 in
961 2581 1076 2631 Ace.

61 2660 232 2726 Apost.
272 2680 324 2710 n.
370 2662 398 2709 3
437 2679 452 2710 ε
488 2667 661 2728 Πρὸτος
692 2671 770 2712 τοῦ
802 2661 1079 2730 πράγματος

61 2743 275 2804 adom-22⁴,
303 2738 387 2792 εἴτε
406 2742 537 2797 αὗτδς
567 2742 742 2798 πάντας
772 2741 1078 2811 ἔγχειρισθεῖς.

61 2821 174 2890 Πρδς
208 2821 297 2891 γοὲρ
334 2830 482 2875 τοῦτον
531 2823 646 2876 εἶπεν
693 2828 712 2876 ὅ
750 2827 955 2893 Χριστός·
988 2824 1079 2876 Καὶ

61 2904 119 2954 σ-υ’
178 2927 287 2956 ποτε
337 2906 624 2975 ἔπιε-τρέψαις
652 2947 667 2971 ,
723 2907 919 2975 στέρξω
978 2906 1079 2962 ‘roric

62 2986 294 3050 α’δελφοός
345 3014 440 3040 σου.
494 2991 701 3039 Primus
746 2993 1079 3039 auctoritatem

63 3068 200 3118 habet
226 3074 280 3119 in
305 3074 493 3137 neqotio
513 3111 526 3134 ‚
556 3081 611 3121 ut
642 3074 727 3122 cui
761 3089 923 3120 omnes
955 3089 1082 3120 com-

63 3154 202 3200 missi
219 3143 446 3217 suissent.
497 3154 637 3207 Hinc
679 3156 812 3203 enim
858 3153 1082 3202 Christus

64 3230 249 3280 dixerat
279 3255 296 3284 .·
333 3235 382 3283 E
385 3244 403 3281 t
433 3244 494 3305 ⁴tw
526 3236 784 3301 aliquando
828 3251 1083 3284 conversus

65 3313 294 3374 confirma
316 3317 502 3379 fratres
523 3321 667 3367 tuos?
705 3317 772 3366 Ex
801 3316 977 3383 quibus
1001 3335 1082 3382 pa·

65 3404 128 3443 tet
146 3430 160 3452 ‚
195 3397 343 3460 ipsum
373 3399 500 3465 loqui
518 3401 575 3448 de
594 3401 828 3467 Apostolis
848 3438 860 3461 ,
893 3403 973 3466 qui
997 3399 1083 3448 Pe-

67 3485 138 3523 tro
160 3480 404 3526 commissi
414 3469 572 3552 eram,
595 3501 674 3531 seu
693 3494 744 3531 ut
761 3485 924 3549 majori
942 3485 986 3532 vi
1010 3482 1084 3530 di-

63 3560 183 3605 citur
198 3560 246 3606 in
259 3575 329 3623 gr.
349 3570 508 3610 textu:
527 3562 707 3618 Πάντας
740 3562 1048 3632 ἐγχειρῶ-θείς
1067 3603 1081 3628 ‚

62 3655 226 3688 omnes
254 3641 431 3690 habens
469 3645 531 3691 ἐπ’
573 3662 753 3708 manu,
786 3665 866 3698 seu
911 3647 963 3696 iu
1002 3666 1084 3698 sua

1162 2319 1396 2402 potestate.
1416 2335 1538 2401 Quid
1568 2338 1707 2384 etiam
1737 2335 1863 2383 aliud
1899 2334 1987 2381 sibi
2017 2333 2179 2382 volunt

1163 2419 1300 2485 verba
1321 2417 1539 2482 Stephani
1563 2416 1781 2465 Dorensis
1808 2415 2046 2479 Episcopi,
2064 2415 2179 2462 dum

1163 2499 1256 2548 loc.
1290 2502 1368 2549 cit.
1397 2498 1555 2547 scribit
1589 2515 1602 2546 :
1636 2497 1845 2545 Pascere
1863 2497 2057 2561 primus
2065 2497 2180 2561 jus-

1164 2598 1246 2628 sus
1270 2589 1462 2628 esteves
1481 2579 1723 2628 catholicas
1750 2577 1982 2628 Ecclesioe
1996 2615 2008 2637 ‚
2030 2594 2180 2643 quum

1164 2661 1413 2711 Dominus
1461 2661 1581 2709 dicit
1627 2680 1646 2708 .·
1675 2650 1818 2708 Petre‘
1838 2698 1851 2719 ‚
1896 2676 2031 2706 amas
2056 2675 2131 2706 me
2146 2660 2181 2705 P

1166 2742 1319 2792 Pasce
1345 2760 1450 2792 oves
1465 2760 1612 2791 meas.
1645 2735 1698 2790 E
1701 2751 1717 2790 t
1737 2735 1911 2810 iterum
1940 2743 2042 2805 ipse
2049 2757 2180 2806 proe-

1163 2815 1335 2892 cipue,
1373 2834 1419 2873 et
1440 2820 1720 2890 specialitas
1739 2819 1934 2887 firmam
1950 2839 2060 2888 proe
2086 2837 2184 2870 om-

1164 2899 1308 2957 nibus
1358 2907 1538 2956 habens
1592 2908 1646 2953 in
1702 2904 1976 2952 Dominum
2019 2903 2184 2952 Deum

1164 2999 1381 3039 nostrum
1421 2999 1463 3037 et
1503 2986 1846 3036 immutabilem
1868 2986 2030 3049 fidem,
2074 3001 2186 3034 con-

1165 3061 1343 3120 verteie
1357 3070 1618 3136 aliquando
1629 3105 1646 3131 ‚
1665 3078 1708 3117 et
1722 3069 2004 3132 confirmare
2018 3068 2185 3132 exaqi·

1166 3161 1286 3203 talos
1308 3163 1541 3202 consortes
1565 3168 1673 3200 suos
1693 3189 1705 3211 ‚
1744 3159 1788 3199 et
1823 3150 2065 3217 spiritales
2085 3167 2185 3197 me-

1167 3237 1266 3284 ruit
1279 3238 1477 3302 fratres
1497 3272 1509 3296 ,
1529 3242 1683 3299 utpote
1699 3233 2019 3299 dispensative
2044 3249 2187 3298 super

1167 3335 1326 3366 omnes
1369 3317 1428 3365 ab
1464 3318 1595 3382 ipso,
1641 3316 1728 3380 qai
1750 3323 1949 3381 propter
1978 3331 2064 3362 nos
2104 3315 2183 3360 in-

1168 3407 1401 3447 carnatus
1426 3405 1527 3458 est,
1552 3401 1830 3463 potestatem
1863 3397 2108 3461 accipiens
2141 3400 2186 3441 et

1168 3480 1503 3530 sacerdotalem
1545 3479 1871 3527 auctoritatem
1886 3482 1911 3525 ?
1933 3477 2009 3525 Sic
2034 3476 2184 3524 Patres

1169 3564 1334 3631 reliqui
1361 3565 1614 3628 loquuntur
1648 3564 1699 3610 in
1719 3561 1833 3609 locis
1858 3563 1955 3608 citt.
1979 3575 2078 3624 quae
2103 3573 2186 3623 per

1170 3665 1218 3697 se
1249 3650 1444 3714 quisque
1474 3644 1670 3694 recolere
1696 3644 1876 3710 poterit.
