2514 4218
387 184 545 225 mur.
597 185 638 220 1.
688 182 839 220 secr.
888 185 953 219 11.
1004 182 1127 221 eff.
1173 185 1213 221 1.
1264 183 1332 222 nu
1377 167 1546 222 Perm'
1578 181 1851 223 immun.
2069 165 2186 225 305

60 332 221 390 stolis
250 327 504 407 oequales
526 328 789 403 fuerunt
816 324 929 402 (l).
963 324 1406 405 Chrysostomus
1446 336 1616 386 vocat
1640 327 2032 408 apostolatum
2062 351 2185 389 non

63 425 251 484 solum
291 423 615 500 fastiqium
657 421 1025 499 digynitatum
1044 463 1063 492 ,
1095 422 1199 478 sed
1235 424 1417 479 etiam
1456 422 1722 479 radicem
1760 432 2097 489 ceterarum
2126 431 2184 484 et

58 520 532 600 fundamentum
548 562 564 583 ,
597 516 970 594 affirmatque
996 515 1415 591 Apostolorum
1434 517 1578 595 fidei
1607 522 1884 596 =qentium
1907 523 2186 580 omnium

63 638 136 676 ac
168 618 348 672 totius
380 614 543 670 orbis
570 623 880 671 terrarum
909 632 1123 669 curam
1154 614 1347 688 fuisse
1376 617 1758 672 commissam
1787 613 1898 695 (2).
1936 614 2187 695 Cyrillus

67 709 228 769 Alex.
258 719 429 767 vocat
452 706 756 788 Apostolos
767 707 1014 785 judices
1039 708 1438 778 universales,
1465 718 1714 768 rectores
1735 715 1916 770 totius
1938 713 2183 770 mundi.

65 806 135 863 Et
156 807 218 862 in
242 805 426 883 Epist
457 803 545 860 ad
556 802 903 861 Nestorium
933 799 1108 873 dicit,
1135 801 1392 859 Petrum
1415 813 1471 859 et
1491 804 1793 863 Joannem
1809 808 2191 885 fuissepares

64 905 135 958 in
162 906 376 958 honore
395 918 465 956 ac
486 894 897 977 diqnitateffl).
932 894 1122 951 Victor
1140 894 1411 975 Carthag.
1433 896 1773 980 Adquam(
1793 899 2143 980 Ecclesiam)
2164 945 2181 975 ,

67 993 302 1064 scribit,
341 1013 540 1050 omnes
581 992 911 1050 beatissimi
961 988 1261 1067 Apostoli,
1307 994 1474 1069 pari
1507 993 1747 1063 honoris
1807 1005 1862 1052 et
1881 1000 2190 1075 potestatis

65 1091 357 1148 consortio
382 1087 669 1165 praediti,
703 1084 1077 1163 populorum
1130 1089 1382 1163 aymina
1437 1098 1834 1148 convertentes
1873 1091 2186 1169 perdure-

68 1194 223 1242 runt
262 1182 371 1260 (4).
430 1181 682 1239 Isidorus
720 1177 942 1259 Hispal.
1006 1178 1231 1250 Ceteri,
1272 1180 1492 1261 inquit,
1530 1182 1802 1262 Apostoli
1834 1206 1975 1243 cum
2016 1186 2194 1245 Petro

60 1300 189 1360 par
223 1281 587 1336 consortium
624 1275 863 1332 honoris
904 1283 960 1330 et
988 1277 1300 1352 potestatis
1340 1289 1698 1354 acceperunt
1734 1277 1849 1357 (5).
1896 1280 2074 1339 Conc.
2120 1282 2189 1340 V.

70 1372 496 1433 oecumenicum
517 1367 803 1428 declarat:
823 1368 987 1428 Licet
1006 1370 1171 1426 enim
1193 1369 1410 1428 Sancti
1428 1371 1696 1449 Spiritus
1714 1377 1922 1452 qratia
1946 1385 2002 1432 et
2023 1380 2195 1435 circa

73 1469 338 1548 sinqulos
370 1465 669 1545 Apostolos
707 1464 1077 1532 abundaret,
1110 1474 1183 1522 ut
1210 1485 1331 1523 non
1364 1466 1707 1546 indigerent
1729 1469 1925 1526 alieno
1951 1471 2195 1529 consilio

69 1565 156 1623 ad
182 1585 252 1621 ea
293 1582 424 1641 quoe
455 1561 690 1640 ayenda
711 1570 957 1619 erant...
988 1560 1099 1638 (6).
1128 1559 1391 1620 Tandem
1419 1561 1686 1620 Nicolaus
1723 1563 1984 1621 Cusanus
2013 1585 2027 1621 :
2062 1565 2196 1623 Sci-

68 1681 238 1730 mus,
263 1657 424 1736 quod
462 1657 686 1714 Petrus
728 1655 890 1713 nihil
914 1657 1062 1733 plus
1090 1659 1403 1733 potestatis
1439 1678 1479 1714 a
1528 1657 1760 1717 Christo
1794 1662 2014 1735 recepit
2051 1661 2195 1718 aliis

66 1754 374 1831 Apostolis.
406 1750 588 1811 Nihil
626 1755 791 1809 enim
832 1750 1066 1808 dictum
1089 1761 1175 1808 est
1204 1751 1289 1808 ad
1312 1751 1569 1810 Petrum
1591 1793 1610 1825 ‚
1647 1754 1810 1830 quod
1840 1755 1984 1811 aliis
2011 1758 2194 1812 etiam

67 1852 297 1909 dictum
318 1870 436 1907 non
452 1853 603 1906 sit...
621 1848 763 1907 Ideo
784 1858 933 1906 recte
956 1848 1244 1916 dicimus,
1267 1869 1466 1906 omnes
1489 1849 1788 1927 Apostolos
1805 1870 1922 1908 esse
1936 1852 2191 1930 oequales

70 1966 210 2003 cum
249 1949 426 2003 Petro
462 1946 526 2000 in
566 1952 845 2021 potestate
877 1939 986 2021 (7)
1024 1943 1193 2021 ErgO.
2035 2003 2039 2009 ,

149 2038 290 2097 455.
338 2040 512 2119 Resp.
558 2037 645 2096 Ad
691 2038 807 2112 111²,
855 2040 996 2117 Neq.
1041 2038 1181 2098 Haec
1208 2038 1368 2098 enim
1409 2041 1557 2099 meri
1602 2040 1821 2100 ordinis
1857 2061 1957 2101 seu
1986 2063 2195 2124 perso»

68 2132 215 2191 nalis
260 2133 718 2213 praeeminentiae
758 2135 1176 2214 praerogativa,
1225 2134 1445 2218 absque
1486 2157 1623 2197 vera
1669 2135 1974 2218 potestatis
2003 2139 2192 2214 juris-

68 2226 318 2286 dictione
341 2272 356 2299 .‚
393 2229 592 2306 inepta
640 2248 876 2308 prorsus
922 2228 1127 2289 fuisset
1157 2251 1332 2311 scopo
1377 2252 1480 2290 seu
1514 2232 1656 2305 fini,
1693 2253 1870 2311 quem
1919 2230 2029 2290 sibi
2055 2254 2194 2313 pro·

68 2324 262 2404 posuit
306 2321 567 2381 Christus
617 2321 680 2379 in
735 2322 1045 2382 condenda
1095 2323 1341 2383 Ecclesia
1391 2347 1492 2384 sua
1547 2324 1623 2383 ad
1668 2325 1854 2383 instar
1901 2325 2193 2387 individui

70 2418 338 2478 viventis.
392 2416 742 2475 Instituisset
780 2418 938 2476 enim
979 2440 1184 2499 corpus
1237 2420 1362 2478 sine
1406 2420 1630 2500 capite,
1679 2420 2013 2479 societatem
2065 2420 2191 2480 sine

65 2532 338 2591 supremo
376 2522 600 2569 rectore
620 2555 635 2583 7
682 2532 811 2591 quae
842 2533 964 2570 non
994 2534 1111 2571 una
1141 2512 1244 2572 sed
1281 2512 1596 2595 multiplex
1625 2514 1826 2572 fuisset
1849 2559 1865 2584 ‚
1908 2524 2051 2595 quot
2078 2515 2192 2573 sci-

64 2606 195 2666 licet
222 2606 295 2665 ab
318 2605 605 2687 Apostolis
634 2605 878 2686 singulis
915 2607 1172 2682 fundatae
1199 2620 1393 2668 essent
1427 2608 1688 2668 Ecclesiae
1709 2654 1725 2683 7
1751 2619 2009 2691 quotque
2032 2608 2191 2669 dein-

65 2723 196 2783 ceps
245 2712 377 2783 post
413 2701 563 2782 ipsos
602 2702 1085 2777 instituerentur,
1121 2714 1327 2785 utpote
1373 2684 1538 2762 nullo
1575 2705 1730 2763 inter
1758 2725 1818 2763 se
1851 2703 2081 2766 vinculo
2125 2725 2191 2763 ac

65 2819 220 2856 nexu
259 2795 568 2874 colligatae,
621 2807 687 2854 ut
724 2806 886 2877 patet
920 2795 994 2856 ex
1030 2798 1276 2858 coetibus
1310 2799 1771 2882 protestantibus
1805 2809 1863 2858 et
1908 2798 2192 2858 schisma-

63 2891 187 2949 ticis
208 2937 223 2966 7
252 2891 352 2972 qui
369 2902 505 2948 sunt
528 2891 902 2951 territoriales
926 2937 943 2969 ,
974 2914 1039 2951 ac
1066 2893 1250 2953 veluti
1267 2896 1657 2976 possessiones
1682 2906 1782 2953 aut
1803 2895 2190 2976 proprietates

67 2983 202 3062 soli,
240 3007 342 3045 seu
373 2986 670 3066 regiminis
694 3032 709 3061 7
755 2985 912 3068 quod
948 2988 1016 3046 iis
1044 3001 1256 3071 praeest
1278 2990 1394 3070 (8).
1442 2990 1702 3049 Christus
1738 3000 1934 3049 autem
1968 2989 2032 3048 in
2066 2990 2191 3049 sin-

137 3173 197 3237 (1)
229 3175 359 3226 Ado.
396 3177 567 3226 Jovin.
999 3150 1002 3152 v
1233 3179 1298 3243 (6)
1336 3178 1466 3228 Acta
1502 3180 1649 3228 Cone.
1690 3190 1804 3227 tom.
1830 3195 1915 3242 111,
1944 3179 2036 3228 col.
2063 3178 2177 3229 188.

141 3254 207 3318 (2)
245 3254 419 3307 Homil.
474 3257 554 3308 De,
589 3259 698 3308 atil.
746 3259 848 3307 lect.
897 3257 1080 3325 Script.
1247 3261 1318 3325 (7)
1368 3261 1448 3310 De
1492 3260 1711 3309 concord.
1755 3260 1927 3308 cathol.
1981 3261 2070 3309 lib.
2113 3264 2179 3319 ii,

77 3345 190 3383 tom.
224 3353 422 3402 111,pag.
452 3338 625 3407 75-77.
1165 3360 1268 3408 cap.
1302 3344 1378 3392 13.
1403 3371 1466 3380 —-
1497 3343 1731 3391 Hactenus
1745 3342 1928 3392 Palmer
1949 3379 1963 3403 ‚
2002 3360 2080 3407 op.
2104 3343 2182 3389 cit.

153 3415 215 3479 (3)
256 3418 368 3466 Act.
405 3417 549 3471 Cone.
582 3423 727 3473 Hard.
763 3434 879 3476 tom.
914 3441 962 3482 1,
993 3425 1081 3473 col.
1165 3435 1288 3488 part.
1314 3442 1391 3473 viu
1419 3463 1432 3484 ‚
1463 3424 1545 3472 De
1576 3440 1694 3473 rom.
1741 3421 1929 3489 Pontis.
1976 3440 2080 3488 cap.
2129 3437 2146 3467 1
2168 3457 2184 3482 ‚
2288 3482 2296 3488 ,

85 3495 230 3564 1287.
936 3549 939 3551 .
1166 3523 1214 3571 p.
1237 3504 1335 3573 477
1355 3517 1400 3555 et
1425 3524 1555 3572 seqq.

148 3581 211 3643 (Io)
247 3578 424 3645 Epist..
451 3581 515 3629 ad
557 3582 735 3634 Theod.
770 3587 979 3654 Papam.
1235 3588 1299 3651 (8)
1336 3588 1514 3636 Exinde
1533 3598 1765 3654 receptum
1791 3598 1855 3638 est
1875 3603 1929 3634 ac
1944 3584 2182 3648 vulgatum

146 3663 210 3723 (5)
248 3661 328 3709 De
351 3662 549 3727 officiis,
575 3664 660 3713 lib.
692 3679 724 3716 u
743 3702 759 3728 ‚
790 3664 894 3736 cap.
923 3667 972 3720 5.
1168 3671 1290 3736 apud
1333 3672 1607 3722 acatholicos
1646 3673 1774 3722 velut
1804 3673 1984 3719 axioma
2012 3663 2185 3733 princi-

158 3742 222 3799 T.
276 3743 422 3803 vm.
1513 3819 1518 3823 ,
1862 3750 1942 3807 20
