2514 4218
298 178 457 215 PAR'r.
498 179 540 214 1.
587 177 736 216 snc‘r.
784 178 850 215 11.
896 177 1025 215 cn).
1068 176 1159 213 111.
1208 176 1276 212 nn
1319 175 1450 211 MT.
1500 174 1566 210 Εἰ·
1610 173 1738 209 mn.
1786 171 1942 210 ram.
2058 150 2176 210 473

151 318 292 379 689.
339 316 471 396 Obj.
529 317 738 398 prima.
788 318 850 375 1ο
909 313 1351 377 Irretractabilia
1403 314 1726 394 dogmatica
1789 314 2181 373 Conciliorum

69 414 563 475 oecumenicorum
588 412 817 473 decreta
849 414 1046 472 Patres
1074 434 1196 471 non
1219 411 1584 483 habuerunt7
1609 410 2015 491 praesertim'S.
2045 412 2181 470 Gre-

69 510 258 588 gorius
273 507 665 566 Nazianzenus
684 553 699 582 7
739 508 839 589 qui
861 505 1241 588 profitebatur
1258 550 1276 581 ‚
1309 527 1370 565 se
1400 506 1595 584 fugere
1618 504 2032 585 Episcoporum
2060 526 2183 564 coe-

67 614 225 676 tum7
256 602 474 683 quippe
511 602 668 683 quod
705 601 920 662 nullius
945 601 1181 661 Concilii
1205 600 1432 660 felicem
1460 601 1682 660 exitum
1706 598 1915 658 viderit
1950 598 2047 677 (1)
2072 644 2089 671 7
2120 609 2184 659 et

67 698 122 757 S.
143 695 506 776 ¹Augustinus
528 742 545 772 7
571 699 667 779 qui
689 698 902 757 fatetur
918 742 935 771 7
961 695 1212 756 Concilia
1225 698 1520 775 plenaria
1547 697 1738 777 priora
1769 716 1801 753 a
1844 695 2184 776 posteriori-

67 791 177 851 bus
222 792 522 852 emendari
578 793 686 872 (2).
723 794 791 850 20
830 793 1143 876 Disputans
1182 802 1491 873 propterea
1544 792 1599 850 S.
1638 792 1853 849 Doctor
1905 789 2184 848 adversus

70 888 454 946 Maximinum
482 888 747 947 arianum
777 910 790 945 ε
823 887 952 947 Nec
989 907 1087 966 eqo
1122 885 1450 946 Nz‘coenum
1471 931 1486 959 7
1512 886 1707 966 inquit
1735 930 1752 960 7
1777 906 1883 944 nec
1913 895 1981 943 tu
2014 885 2185 944 debes

71 982 456 1040 Arimz‘nense
494 993 787 1061 tanquam
807 982 1337 1062 proejudz‘caturus
1342 984 1640 1060 praeferre
1671 980 2025 1041 Concilium.
2056 978 2186 1038 Nec

71 1097 168 1156 eqo
190 1077 376 1155 hujus
401 1082 748 1137 auctoritate
767 1124 786 1147 ,
810 1096 918 1134 nec
944 1085 1007 1134 tec
1033 1077 1204 1135 illius
1232 1078 1551 1143 detineris;
1583 1077 2050 1155 Scripturarum
2074 1096 2184 1134 au-

70 1173 520 1231 ctoritatibus...
550 1175 822 1249 utrisque
841 1173 1263 1230 communibus
1282 1173 1525 1230 testibus
1546 1218 1563 1241 ,
1585 1192 1678 1229 res
1707 1193 1846 1230 cum
1874 1193 1967 1240 re,
1998 1193 2187 1231 causa

70 1287 211 1324 cum
239 1288 460 1337 causa,
484 1270 641 1326 ratio
675 1286 816 1324 cum
857 1272 1085 1324 ratione
1122 1277 1410 1324 concertet
1437 1266 1546 1345 (3).
1589 1264 1654 1323 30
1693 1267 1860 1325 Ratio
1894 1287 2032 1325 vero
2070 1277 2184 1342 est,

73 1361 226 1441 quia,
258 1362 307 1420 si
327 1359 763 1424 irretractabilia
781 1382 846 1420 ac
866 1359 1112 1442 proinde
1126 1359 1453 1419 infallibilia
1474 1361 1668 1419 forent
1688 1361 2008 1442 dogmatica
2030 1363 2186 1422 Con-

73 1456 335 1516 ciliorum
357 1455 712 1537 generalium
747 1455 977 1516 decreta
997 1502 1013 1532 7
1045 1456 1230 1516 veluti
1261 1457 1571 1538 Scripturae
1604 1457 1894 1515 canonicae
1915 1455 2186 1517 habenda

73 1563 268 1611 essent
288 1597 304 1624 ,
348 1550 503 1633 quod
531 1573 708 1611 nemo
743 1573 915 1610 sanus
947 1552 1197 1631 dixerit3
1237 1550 1303 1610 4⁰
1339 1562 1515 1633 atque
1542 1550 1678 1610 hinc
1706 1550 1924 1610 factum
1963 1562 2052 1610 est
2074 1596 2090 1625 7
2119 1563 2188 1611 ut

73 1647 236 1706 nullo
261 1647 540 1707 hactenus
568 1669 789 1708 canone
814 1648 1203 1708 Conciliorum
1233 1648 1516 1726 ejusmodi
1541 1646 1923 1707 infallibilitas
1945 1647 2186 1707 definita

71 1743 267 1802 fuerit.
301 1743 466 1824 Ergo.
513 1794 515 1797 .

156 1838 294 1899 690.
339 1842 510 1922 Resp.
555 1840 638 1899 Ad
677 1842 782 1916 1¹¹²,
820 1842 971 1921 Ney.
1024 1843 1084 1900 S.
1129 1862 1303 1923 porro
1338 1841 1645 1922 Gregorius
1694 1842 1833 1900 Naz.
1874 1841 1938 1899 in
1964 1840 2189 1920 objecto

70 1934 196 1993 loco
240 1956 358 1993 non
399 1935 657 2017 loquitur
704 1937 815 1995 nisi
861 1936 936 1995 de
986 1936 1250 1996 Conciliis
1303 1935 1792 2019 particularibus,
1850 1957 1978 2019 quae
2032 1936 2191 1996 inter

77 2028 399 2087 Concilium
435 2031 700 2109 generale
734 2035 757 2088 Ι
792 2053 891 2091 seu
926 2032 1222 2091 Nicaenum
1269 2043 1328 2091 et
1363 2032 1686 2092 Concilium
1714 2031 1980 2112 generale
2013 2033 2063 2090 ΙΙ
2087 2053 2189 2092 seu

76 2125 787 2206 Constantinopolitanum
826 2127 849 2184 I
896 2126 1192 2186 celebrata
1240 2138 1410 2201 sunt,
1459 2115 1763 2207 agentibus
1817 2127 2189 2208 potissimum

77 2221 288 2280 arianis
322 2222 619 2303 Episcopis
643 2227 742 2282 aut
770 2223 1307 2306 pneumatomachis
1327 2270 1343 2297 7
1375 2245 1623 2306 quorum
1656 2234 1808 2283 certe
1836 2222 2069 2282 nullum
2100 2223 2189 2282 fe-

75 2315 248 2375 licem
275 2318 495 2376 exitum
524 2317 729 2377 habuit
756 2362 774 2393 7
820 2319 1158 2404 malumque
1192 2320 1383 2399 potius
1438 2330 1728 2386 auxerunt
1780 2339 1958 2399 quam
2003 2330 2191 2377 sustu-

76 2410 254 2470 lerint
292 2412 402 2492 (4).
453 2415 669 2486 Quanti
701 2425 895 2473 autem
937 2414 1135 2474 fecerit
1164 2415 1220 2473 S.
1251 2415 1557 2494 Gregorius
1581 2426 1709 2473 tum
1747 2412 2066 2473 Concilium
2092 2415 2191 2473 Ni·

79 2529 305 2566 caenum
348 2520 476 2567 tum
501 2510 1208 2592 Constantinopolitanum
1228 2555 1243 2584 7
1275 2521 1437 2591 patet
1459 2532 1530 2569 ex
1555 2514 1676 2588 ejus
1708 2509 1878 2568 dictis
1907 2518 1966 2568 et
1991 2509 2184 2583 sactis;

79 2604 364 2683 siquidem
386 2651 401 2679 7
445 2616 830 2686 praeterquam
863 2606 1018 2687 quod
1053 2606 1294 2664 summis
1317 2605 1586 2665 laudibus
1623 2603 1829 2665 extulit
1869 2604 2189 2664 Concilium

80 2699 380 2757 Nicaenum
412 2745 428 2774 7
470 2700 645 2760 fidem
684 2701 745 2759 in
791 2723 859 2760 eo
903 2701 1332 2782 promulgatam
1367 2699 1866 2782 Constantinopoli
1911 2700 2029 2759 fere
2086 2721 2190 2760 ex-

80 2794 323 2853 tinctam
344 2795 642 2856 immensis
668 2795 961 2856 laboribus
987 2798 1240 2857 restituit
1267 2796 1389 2878 (5);
1426 2794 2074 2878 Constantinopolitano
2090 2817 2188 2871 au·

81 3017 188 3049 cum
207 3037 223 3064 7
254 3018 356 3068 quae
376 3002 819 3051 scilicetnecessario
839 3005 1091 3070 requiritur
1241 3003 1304 3067 (2)
1344 3002 1422 3051 De
1449 3002 1732 3069 Bapffsmo,
1762 3002 1847 3051 lib.
1876 3010 1911 3050 it
1930 3039 1943 3062 ‚
1975 3018 2076 3068 cap.
2107 3001 2156 3050 3.

83 3098 138 3129 ac
161 3084 351 3146 sufficit,
370 3082 652 3153 utSynodus
677 3087 956 3134 oecumenica
983 3102 1091 3134 cen·
1240 3084 1313 3147 (3)
1351 3085 1455 3134 Lib.
1492 3102 1525 3132 ιι
1544 3121 1558 3143 ,
1593 3103 1695 3149 cap.
1736 3081 1796 3146 14
1814 3120 1828 3145 ,
1855 3102 1906 3133 n.
1935 3083 1984 3133 3.

85 3172 263 3224 scantur,
284 3183 339 3215 ac
357 3167 551 3232 proinde
577 3167 898 3215 omnimodam
919 3167 1092 3216 habeat
1243 3167 1308 3231 (Ιι)
1346 3166 1476 3216 Talia
1504 3177 1612 3215 sunt
1633 3166 1840 3215 Concilia
1869 3182 1952 3232 per
1985 3183 2037 3215 ea
2069 3175 2188 3215 tem-

83 3248 394 3296 auctoritatem
412 3284 427 3308 ,
458 3251 702 3298 consistere
720 3252 770 3298 in
786 3249 1090 3299 declaratione
1171 3266 1282 3313 pora
1303 3249 1532 3298 celebrata
1546 3285 1560 3307 7
1586 3247 1872 3298 Seleuciense
1889 3285 1903 3308 7
1935 3248 2157 3314 Tyriense
2172 3284 2186 3307 ‚

83 3344 332 3375 consensus
350 3331 442 3377 sive
462 3331 732 3380 adhaesionis
746 3331 972 3380 Concilio.
989 3331 1090 3380 Hoc
1172 3329 1464 3393 Ariminense
1477 3367 1491 3389 ,
1510 3330 1852 3380 Mediolanense
1865 3367 1880 3392 ,
1899 3329 2158 3396 Syrmiense
2171 3365 2185 3387 ‚

82 3418 238 3456 autem
255 3408 420 3473 triplici
444 3413 618 3459 ratione
639 3413 736 3461 fieri
761 3423 906 3477 potest
925 3430 951 3460 a
970 3429 1087 3463 rom.
1176 3421 1266 3461 etc.
1303 3410 1402 3461 Cfr.
1435 3411 1654 3463 Bellarm.
1683 3411 1770 3462 lib.
1799 3429 1863 3476 11,
1894 3429 1996 3477 cap.
2023 3426 2074 3475 7,
2109 3408 2191 3458 De

82 3490 303 3540 Pontifice
316 3529 330 3552 ‚
350 3494 443 3542 sive
462 3511 541 3556 per
559 3512 606 3544 se
622 3532 636 3556 ,
662 3499 755 3545 sive
782 3512 864 3562 per
890 3493 1060 3561 legatos
1073 3534 1087 3557 7
1183 3491 1371 3543 concil.

82 3575 176 3622 sive
204 3574 392 3623 demum
419 3592 498 3640 per
525 3575 694 3625 litteras
711 3579 1089 3627 confirmationis.
1244 3574 1315 3638 (ὅ)
1348 3573 1449 3624 Cfr.
1476 3573 1705 3637 Socrates,
1735 3574 1868 3626 Ηὶεΐ.
1900 3569 2011 3626 6001·
2034 3570 2121 3622 lib·
2139 3587 2186 3633 V,

152 3656 215 3722 (1)
251 3657 416 3723 Epist.
443 3674 497 3705 ιν
517 3694 531 3719 ,
559 3658 624 3708 ad
653 3654 959 3728 Procopium.
1187 3675 1290 3723 cap.
1320 3655 1354 3705 6
1384 3667 1428 3708 et
1458 3674 1506 3724 7.
