2514 4218
320 168 484 205 rAn‘r.
534 168 577 203 1.
625 166 774 203 snc'r.
825 167 887 203 11.
937 166 1060 202 cu».
1112 166 1198 202 111.
1248 168 1314 202 mi
1358 167 1489 203 nu.
1538 168 1604 202 nr
1650 167 1771 205 mn.
1817 168 1970 206 mun.
2074 149 2190 209 449

157 310 292 369 652.
340 309 425 368 Ad
465 309 567 384 3¹1³,
595 310 753 366 Dist.
786 306 1090 367 Obsolevit
1115 328 1179 365 ac
1211 307 1382 366 viluit
1411 307 1530 367 haec
1554 310 1842 369 sententia
1871 311 2029 391 apud
2059 312 2190 394 plu-

73 407 250 464 rimos
281 404 642 477 neotericos,
675 401 886 483 quibus
909 423 1063 463 nova
1089 401 1323 483 placent
1341 447 1359 478 ‚
1397 424 1585 471 conc.;
1611 403 1774 485 ⁶apud
1799 426 1967 463 sanos
1988 405 2191 464 catho-

71 500 212 560 licos
244 497 543 577 theologos
565 542 580 564 ,
619 520 745 577 neq.
778 497 947 579 Apud
969 496 1078 555 hos
1121 497 1279 555 enim
1311 498 1527 556 veritas
1561 499 1805 556 immota
1851 510 1968 557 stat
1991 545 2007 573 .,
2058 523 2187 582 quae

72 598 197 654 sine
232 592 459 675 piaculo
489 595 585 653 vix
629 604 730 650 aut
760 614 835 651 ne
868 593 965 652 vix
1002 591 1244 672 quidem
1275 592 1605 672 impugnari
1634 604 1846 673 potest.
1881 593 2007 652 Hu'c
2030 596 2189 655 enim

71 690 320 749 refertur
360 710 528 770 prop.
576 689 795 762 XXIX,
838 685 911 746 ab
943 685 1273 746 Alexandro
1312 687 1440 746 VIII
1477 688 1838 769 proscripta:
1881 690 2107 747 Facilis
2139 701 2196 747 et

74 788 234 844 toties
266 786 547 843 convulsa
570 793 655 841 est
678 784 921 841 assertio
942 783 1012 840 de
1028 781 1343 858 Pontifices
1363 785 1611 840 romani
1641 804 1824 862 super
1857 783 2190 842 Concilium

70 885 503 938 oecumenicum
545 883 926 946 auctoritate,
984 886 1165 953 atque
1203 864 1278 934 z‘n'
1308 877 1452 954 fidei
1485 879 1916 956 quoestionihus
1959 880 2191 957 infalli-

72 976 298 1033 [vilitate
339 972 447 1052 (l)

859 1135 1271 1190 PROPOSITIO
1311 1139 1406 1190 111.

71 1321 176 1379 Ad
206 1322 397 1380 solum
444 1341 587 1379 rom.
626 1320 1006 1397 Pontificem,
1045 1325 1111 1377 vi
1146 1325 1253 1377 sui
1281 1323 1624 1398 primatus,
1665 1335 1890 1402 spectat
1929 1330 2193 1389 Concilio«

248 1401 843 1494 oecumenieaff'coqere
859 1460 874 1488 ‚
921 1418 1002 1472 iis
1022 1416 1382 1492 praesidere,
1417 1437 1598 1495 eaque
1639 1421 2012 1497 confirmare.

154 1643 293 1702 653.
343 1644 410 1701 Et
451 1641 572 1701 haec
605 1644 925 1724 propositio
970 1644 1225 1724 legitime
1252 1647 1515 1725 sequitur
1549 1668 1619 1706 ex
1657 1648 1839 1728 priori
1873 1648 1946 1707 de
1982 1662 2189 1714 natura

71 1739 355 1819 primatus
374 1759 522 1797 rom.
551 1738 845 1808 Pontificis
875 1760 906 1797 a
935 1738 1104 1798 nobis
1128 1739 1445 1799 vindicata.
1475 1741 1706 1800 Etenim
1728 1742 1776 1800 si
1796 1754 2006 1803 natura
2031 1747 2192 1804 Pon-

71 1833 227 1892 tificii
284 1833 570 1915 primatus
613 1833 678 1890 in
717 1854 786 1892 eo
818 1834 1122 1910 consistit,
1169 1845 1234 1892 ut
1279 1836 1355 1894 sit
1387 1836 1699 1895 auctoritas
1754 1837 2090 1919 episcopalis
2127 1841 2190 1900 in

70 1929 400 1989 universam
426 1927 738 1988 Ecclesiam
799 1939 860 1988 et
898 1941 1162 2010 respectu
1200 1930 1469 1989 omnium
1504 1931 1838 2012 Episcorum
1860 1977 1876 2007 ‚
1923 1938 2057 2011 jure
2095 1935 2191 1994 in-

72 2022 257 2082 fertur
309 2023 382 2081 ab
439 2023 539 2081 illo
596 2022 721 2081 solo
774 2027 1081 2085 convocari
1132 2025 1453 2084 Concilium
1514 2027 1939 2087 oecumenicum
1981 2049 2150 2107 posse
2170 2074 2187 2104 .,

73 2117 379 2199 eidemque
400 2117 567 2175 illum
610 2117 798 2176 solum
835 2141 1003 2199 posse
1029 2141 1312 2201 praeesse,
1355 2132 1531 2202 atque
1572 2120 1732 2182 idem
1772 2122 1942 2182 unice
1974 2125 2182 2183 confir-

73 2233 234 2271 mare
260 2256 277 2289 ,
305 2212 405 2294 qui
442 2233 747 2294 supremus
780 2223 868 2272 est
896 2214 1311 2296 Episcoporum
1339 2216 1606 2274 omnium
1633 2226 1829 2296 pastor
1867 2227 1927 2275 et
1954 2218 2186 2299 Episco-

72 2329 182 2389 pus
203 2353 219 2381 ,
257 2308 471 2389 quique
505 2308 566 2366 in
597 2307 725 2366 illos
757 2308 880 2367 sive
909 2307 1280 2370 distributive
1317 2311 1438 2371 sive
1469 2309 1770 2372 collective
1795 2323 2056 2393 sumptos
2080 2335 2191 2394 po«

74 2411 188 2461 test
219 2423 291 2462 ex
329 2401 529 2463 divina
564 2402 940 2484 dispositione
971 2406 1380 2464 auctoritatem
1406 2426 1691 2465 exercere.
1724 2405 1899 2486 Atqui
1922 2426 1992 2465 ex
2022 2406 2190 2467 dictis

74 2496 206 2556 talis
242 2508 331 2557 est
362 2497 516 2557 solus
553 2519 700 2556 rom.
746 2498 1011 2558 Pontifex
1040 2525 1056 2572 ς
1094 2520 1250 2579 ergo·

158 2592 298 2651 654.
348 2594 594 2651 Rursum
628 2615 641 2652 :
680 2592 847 2652 lllius·
874 2605 1108 2653 tantum
1142 2606 1229 2654 est
1269 2616 1397 2676 quae
1444 2596 1838 2655 recensuimus
1872 2608 2146 2678 praestare
2166 2643 2182 2672 ‚

77 2688 175 2768 qui
198 2691 331 2765 jure
363 2688 564 2750 divino
600 2689 707 2747 toti
738 2689 1008 2770 praesidet
1031 2689 1291 2749 Ecclesiae
1312 2735 1328 2764 ,
1366 2711 1543 2771 quam
1572 2691 1838 2770 generale
1862 2691 2183 2753 Concilium

149 2907 213 2971 (1)
251 2906 305 2954 ln
332 2908 474 2973 quam
506 2908 801 2972 proposition.
829 2908 916 2956 cfr.
950 2907 1087 2970 Viva,
1174 2909 1530 2974 amplectuntur.
1566 2907 1751 2957 Possem
1782 2909 1860 2957 hic
1889 2906 2089 2976 adjicere
2116 2928 2189 2960 cs-

84 2987 343 3037 Damnatoe
372 2988 550 3049 theses,
585 2999 674 3039 etc.
714 2987 887 3038 Petavii
932 3006 1054 3056 ¹7¹7
1075 3027 1089 3050 ,
1175 2989 1376 3055 talogum
1410 2990 1728 3055 theologorum
1753 3027 1767 3050 ,
1806 2993 1886 3055 qui
1916 2993 2052 3039 etiam
2088 3003 2189 3057 post

81 3087 185 3136 pag.
234 3070 330 3139 447
379 3082 425 3121 et
463 3089 592 3138 seqq.
638 3072 796 3137 Atque
830 3072 908 3120 hic
943 3072 1095 3120 obiter
1178 3072 1528 3121 declarationem
1545 3074 1612 3120 sic
1637 3071 1805 3120 dictam
1819 3070 1931 3120 cleri
1950 3070 2185 3136 gallicani,

84 3150 417 3212 observo‚eos‚
440 3156 524 3219 qui
545 3154 665 3203 hanc
684 3154 940 3202 doctrinam
959 3163 1093 3202 tuen·
1179 3157 1420 3220 antiquam
1464 3156 1559 3202 imo
1599 3155 1766 3202 avitam
1809 3154 2064 3202 doctrinam
2104 3157 2187 3204 ad-

82 3242 189 3293 tur,
225 3234 551 3298 utplurimum
580 3239 740 3285 sectari
771 3235 991 3284 moralem
1014 3235 1097 3284 do·
1179 3241 1460 3284 struxerunt.
1482 3235 1659 3283 Verum
1689 3235 1815 3283 hunc
1842 3238 2034 3301 reperies
2064 3237 2187 3301 apud

85 3315 277 3362 ctrinam
302 3316 559 3379 rigidiorem
577 3334 592 3380 3
611 3327 678 3365 ast
691 3318 832 3366 iidem
855 3318 952 3374 isti,
989 3334 1098 3364 cum
1181 3316 1424 3373 Zaccaria,
1464 3319 1514 3365 in
1552 3314 1888 3381 Antifhhronio
1906 3354 1921 3377 ,
1966 3327 2078 3365 tom.
2113 3333 2151 3363 11
2168 3352 2183 3375 ‚

85 3397 233 3460 agitur
275 3395 332 3443 de
371 3413 490 3446 rom.
522 3397 757 3448 Pontificis
787 3400 1057 3447 auctoritate
1076 3434 1091 3458 ‚
1176 3398 1287 3446 diss.
1330 3415 1364 3446 11
1382 3436 1396 3458 ‚
1435 3416 1540 3464 cap.
1572 3396 1606 3461 4
1625 3435 1639 3456 ,
1676 3408 1722 3446 et
1757 3400 1808 3445 in
1846 3396 2185 3462 Antifhbrcmio

84 3477 300 3525 videntur
338 3475 472 3525 obliti
512 3495 698 3528 suorum
725 3481 1058 3545 principiorum
1077 3517 1091 3540 ‚
1177 3478 1422 3528 vindicato
1439 3515 1455 3539 ,
1481 3489 1603 3544 part.
1634 3497 1667 3527 u
1686 3517 1699 3540 ‚
1724 3480 1836 3529 diss.
1868 3497 1913 3527 iv
1931 3515 1945 3538 ‚
1979 3496 2081 3543 cap.
2116 3475 2148 3525 5
2164 3514 2179 3538 ‚

87 3568 134 3607 et
157 3558 335 3623 absque
359 3560 587 3624 scrupulo,
609 3561 734 3626 quod
752 3560 838 3610 sibi
854 3563 999 3626 magis
1024 3578 1097 3609 ar·
1179 3561 1349 3629 quibus
1373 3562 1528 3627 plures
1554 3561 1631 3610 alii
1664 3561 1771 3610 addi
1802 3569 2003 3626 possent.

85 3639 221 3699 ridet,
243 3639 460 3689 adversus
479 3642 735 3706 pontificias
756 3645 1098 3693 constitutiones

170 3720 235 3778 T.
285 3720 433 3780 VIII.
1872 3718 1952 3776 29
