2514 4218
410 247 569 283 nur.
618 245 658 279 1.
707 242 832 281 cn».
881 244 947 279 11.
996 244 1063 280 nn
1106 241 1323 282 camsi-1
1364 240 1516 280 acor.
1565 239 1818 279 cons-nr.
1899 242 1903 249 ·
2088 219 2164 279 59

72 388 279 471 quibus
319 385 540 467 passim*
576 384 949 443 constituitur
972 429 987 458 ,
1033 395 1128 461 ut,
1163 371 1442 466 Episcopo
1465 381 1742 442 defuncto
1764 425 1782 456 ‚
1819 380 1918 441 ille
1944 382 2009 442 in
2043 386 2170 460 ejus

74 486 263 544 locum
294 481 610 540 sufficiatur
634 525 651 553 ,
691 502 866 561 quem
885 482 1152 560 populus
1180 482 1441 560 elegerit,
1478 478 1564 537 uti
1594 478 1749 537 inter
1779 486 1966 537 cetera
1987 479 2163 538 Cone.

74 581 370 639 Nicaenum
403 576 605 633 statuit
626 575 688 633 in
722 574 960 656 epistola
985 572 1257 653 synodica
1279 574 1350 634 ad
1374 573 1682 633 Ecclesiam
1709 571 2018 632 Alexandr.
2036 573 2163 653 (l);

74 673 358 733 exhibent
374 670 636 730 Ecclesiae
658 673 884 745 PatreS‚
912 669 1065 727 inter
1089 689 1232 748 quos
1257 670 1315 726 S.
1338 670 1654 750 Cyprianus
1680 678 1945 742 testatur,
1965 666 2169 749 populi

70 767 407 845 suffragium
445 776 503 825 et
549 786 894 825 consensum
934 763 997 820 in
1049 761 1328 823 electione
1359 764 1756 824 ministrorum
1798 762 2055 822 Ecclesiae
2096 782 2169 821 ex

71 861 383 920 ‘traditione
451 860 643 922 divina
702 871 771 920 et.
809 855 1123 938 apostolica
1182 855 1588 918 observatione
1649 857 1997 918 descendere
2059 855 2167 939 (2).

72 957 140 1013 20
166 957 380 1015 Verum
411 977 533 1014 non
555 953 729 1014 modo
750 962 950 1011 carent
966 950 1227 1011 Ecclesiae
1256 950 1526 1032 praesides
1547 951 1745 1014 divina
1767 953 2131 1011 institutione
2149 997 2168 1027 .‚

73 1049 176 1108 sed
217 1062 416 1109 carent
447 1060 721 1132 praeterea
765 1045 1043 1107 divinitus
1074 1057 1308 1127 accepta
1332 1056 1653 1127 potestate3
1681 1046 1943 1107 Christus
1970 1046 2167 1122 enim,

74 1144 283 1204 Matth.
326 1147 465 1220 XX,
504 1142 718 1216 2527,
756 1162 1119 1223 quocumque
1159 1141 1487 1223 principatu
1523 1139 1826 1200 interdixit
1865 1141 2170 1223 Apostolos

72 1240 226 1321 ipsos
247 1285 263 1313 ,
302 1239 497 1299 dicens
536 1260 552 1296 z
584 1238 908 1316 Principes
945 1241 1221 1317 yentium
1258 1238 1657 1296 dominantur
1696 1257 1900 1296 eorum
1915 1255 1939 1304 ,⁸
1989 1247 2044 1295 et
2063 1241 2176 1316 qui

72 1339 326 1412 majores
365 1342 545 1402 eunt,
567 1342 910 1411 potestatem
953 1341 1224 1391 emerceut
1261 1335 1331 1390 in
1379 1353 1488 1391 eos,
1545 1330 1690 1391 Non
1727 1335 1817 1389 ita
1858 1333 1977 1389 erit
2009 1335 2173 1389 iuter

72 1451 168 1488 vos
184 1455 211 1503 ,·
238 1430 342 1488 sed
367 1431 729 1507 quicumque
753 1429 1004 1487 voluerit
1025 1430 1188 1486 iuter
1215 1447 1311 1486 vos
1327 1430 1525 1505 major
1547 1427 1718 1505 fieri,
1750 1428 1830 1485 sit
1851 1435 2037 1485 vester
2060 1426 2172 1483 mi-

72 1529 291 1589 nister:
320 1533 375 1580 et
407 1527 521 1600 qui
549 1524 806 1582 voluerit
834 1526 994 1580 inter
1021 1543 1118 1581 vos
1137 1526 1394 1600 primus⁴
1412 1542 1526 1579 esse
1538 1564 1564 1593 ,
1598 1523 1716 1580 erit
1734 1521 1918 1579 vester
1941 1541 2166 1578 servus.

74 1619 434 1698 Quapropter
468 1619 672 1675 Petrus
692 1662 708 1690 v
754 1617 778 1676 I
808 1616 977 1698 epist.
1021 1618 1067 1676 V
1087 1661 1106 1689 ‚
1140 1615 1216 1688 3,
1252 1614 1543 1675 scribebat
1573 1637 1588 1674 ε
1622 1616 1832 1694 Neque
1870 1625 1944 1673 ut
1974 1615 2170 1673 domi-

73 1721 276 1770 nantes
294 1714 362 1768 iu
385 1712 592 1783 cleris,
623 1713 727 1770 sed
744 1715 950 1791 forma
972 1715 1339 1791 factiqreqis
1367 1732 1438 1770 em
1465 1714 1690 1771 animo,
1730 1710 1796 1768 30
1825 1710 1976 1768 Hinc
1997 1710 2174 1770 etiam

70 1804 566 1888 Apostoli‘reliqui
585 1852 601 1882 ‚
637 1830 759 1866 non
782 1829 843 1867 se
881 1806 1143 1867 Ecc‘lesiae
1174 1806 1537 1883 hierarchaS‚
1569 1805 1672 1865 sed
1705 1805 1917 1865 Christi
1939 1827 2166 1883 servm,

69 1901 396 1980 ministrOS‚
443 1914 618 1984 atque
656 1903 1082 1985 dispensatores
1115 1904 1222 1964 Dei
1252 1924 1314 1963 se
1340 1924 1463 1964 esse
1496 1901 1957 1984 profitebantur,
1992 1913 2059 1961 ut
2104 1903 2170 1972 in

68 1997 271 2078 primis
299 1997 534 2057 Paulus,
583 1998 650 2056 40
674 1999 853 2078 Igitur
877 1997 1201 2058 Tridentini
1235 2001 1434 2058 Patres
1464 2009 1620 2058 recte
1651 1996 1891 2079 quidem
1925 1996 2171 2058 definire

67 2093 428 2172 potuissent,
475 2114 598 2153 esse
643 2095 706 2152 in
752 2093 999 2155 Ecclesia
1040 2094 1546 2154 hierodiaconiam
1598 2104 1698 2153 aut
1739 2095 2172 2167 hieroduliam,

70 2207 294 2245 sacrum
320 2187 589 2247 videlicet
618 2190 1006 2250 ministerium
1033 2201 1133 2249 aut
1156 2211 1376 2249 sacram
1405 2190 1748 2252 servitutem
1767 2236 1784 2260 .,
1824 2212 1947 2248 non
1971 2200 2169 2249 autem

71 2278 481 2358 hierarchiam,
531 2284 687 2363 quod
734 2306 950 2343 nomen
993 2285 1226 2366 imperii
1264 2284 1338 2344 ab
1371 2285 1638 2344 instituto
1685 2284 1898 2345 Christi
1935 2288 2171 2366 ejusque

72 2373 481 2454 Apostolorum
521 2378 759 2437 omnino
800 2377 1094 2438 abhorret.
1131 2379 1196 2436 50
1234 2381 1423 2452 Quare
1453 2379 1762 2438 Germania
1799 2380 2010 2438 mirata
2045 2390 2170 2453 est,

70 2467 262 2548 inquit
287 2471 524 2550 Sarpius
561 2470 686 2551 (3),
724 2471 876 2531 illius
903 2471 1105 2553 synodi
1136 2474 1332 2532 Patres
1367 2493 1730 2532 consecrasse
1766 2493 2007 2546 vocem,
2046 2493 2174 2553 quae

69 2582 102 2620 a
134 2563 307 2622 sacris
344 2565 574 2623 Litteris
609 2566 796 2626 aliena
835 2578 959 2640 est,
1005 2567 1415 2649 veteribusque
1465 2567 1725 2626 moribus
1769 2567 2172 2648 institutisque

70 2658 375 2717 contraria.
411 2659 477 2717 60
504 2661 702 2741 Neque
728 2661 956 2720 silentio
982 2658 1456 2743 praetereundum
1489 2673 1610 2738 est
1636 2662 2019 2722 hierarchiam
2055 2662 2182 2721 hu-'

65 2753 318 2830 jusmodi
340 2753 781 2815 ecclesiasticam
807 2778 942 2816 cum
964 2756 1144 2818 civilis
1170 2755 1506 2880 reipublicae
1530 2756 1856 2817 hierarchia
1879 2756 2172 2817 conciliari

68 2846 229 2906 nullo
253 2847 427 2907 modo
452 2871 639 2931 posse.
669 2851 833 2930 Ergo,

151 2942 287 3001 105.
332 2945 504 3026 Resp.
540 2944 691 3025 Ney.
738 2945 882 3005 min.
919 2944 1007 3005 Ad
1048 2946 1127 3004 1¹1¹
1172 2966 1311 3008 vero
1352 2945 1518 3029 prob.
1562 2946 1715 3027 Neq.
1763 2947 1978 3006 iterum
2020 2947 2164 3006 min.

70 3036 261 3117 quoad
300 3059 502 3098 omnes
538 3050 756 3120 partes,
811 3038 998 3121 Atque
1034 3040 1098 3098 in
1131 3041 1335 3122 primis
1375 3064 1497 3100 non
1537 3041 1926 3121 suffragantur
1960 3041 2171 3103 adver·

71 3131 228 3190 sariis
264 3134 403 3192 Acta
439 3134 789 3215 apostolica3
831 3135 1051 3194 etenim
1092 3156 1163 3195 ex
1197 3137 1483 3219 principio
1515 3138 1774 3220 ipsorum
1807 3137 2175 3198 adversario-

74 3243 200 3284 rum
219 3272 236 3301 ‚
259 3230 415 3310 quod
441 3230 659 3313 pendet
680 3253 712 3290 a
737 3231 936 3290 divino
956 3253 1020 3291 ac
1044 3233 1295 3292 naturali
1313 3238 1442 3312 jure
1462 3278 1482 3309 ‚
1515 3244 1786 3292 constans
1802 3256 1927 3296 esse
1954 3234 2129 3295 debet
2149 3281 2164 3307 ,

73 3339 181 3379 nec
210 3321 313 3382 ulli
341 3327 648 3386 mutationi
684 3325 1042 3402 obnoxium3
1078 3327 1335 3413 alioquin
1370 3329 1603 3389 irritum
1639 3328 1793 3388 illico
1830 3350 1896 3390 ac
1936 3329 2166 3389 nullum

137 3552 203 3615 (Ι)
239 3552 374 3618 Apud
405 3555 682 3610 Theodoret.
726 3561 870 3610 Hist.
913 3559 1071 3610 eccle-5.
1198 3561 1288 3625 ,(3)
1318 3562 1480 3611 Storia
1518 3562 1595 3611 del
1633 3563 1819 3612 Concil.
1854 3563 1905 3611 di
1945 3562 2124 3611 Tremo
2147 3594 2164 3621 ‚

70 3630 156 3681 lib.
179 3650 194 3680 ι
217 3671 230 3693 ,
262 3651 366 3698 cap.
396 3651 450 3701 9.
893 3684 896 3687 .
1155 3641 1245 3693 lib.
1290 3660 1386 3691 vm.

136 3714 200 3777 (2)
237 3715 381 3780 Epist.
407 3733 567 3769 txvut.
