2514 4218
304 118 422 180 378

929 147 1123 186 rRAc‘r.
1176 149 1244 185 1113
1289 148 1441 186 mets
1486 149 1868 190 THEOLOGICIS·

301 296 695 369 protestantes
735 290 844 349 hac
867 293 927 349 in
972 313 1038 351 re
1069 293 1496 368 convenerint,
1531 305 1598 352 ut
1636 316 1759 354 non
1777 292 1946 378 pauci
1969 318 2043 357 ex
2070 297 2248 379 ipsis,
2290 301 2447 382 iique

298 383 497 463 magni
541 385 697 465 apud
727 408 872 446 suos
907 388 1165 446 nominis
1188 433 1204 464 ,
1250 387 1402 449 illud
1422 389 1556 448 data
1609 411 1784 472 opera
1809 395 2316 476 propugnaverint
2336 396 2446 478 (l).

298 477 467 538 Adeo
507 502 727 562 nempe
761 483 1132 565 exploratum
1170 496 1263 544 est
1295 485 1548 558 factum,
1589 486 1748 567 quod
1772 489 2170 568 vindicamuS‚
2207 502 2275 551 ut
2313 485 2462 552 luce-

299 596 400 633 sua
445 575 810 637 adversarios
851 580 1006 659 ipsos
1053 582 1365 640 acerrimos
1408 580 1709 662 percellat.

1119 762 1597 803 DIFFICULTATES

380 913 519 974 554.
558 914 693 995 Obj.
754 917 965 999 prima.
1014 919 1077 976 10
1132 917 1321 978 Nullis
1372 919 1736 1000 argumentis
1791 917 2021 980 biblicis
2075 920 2313 982 ostendi
2346 944 2447 1005 po-

295 1022 437 1088 test,
488 1013 727 1071 Petrum
773 1015 1019 1073 Romam
1066 1037 1128 1074 se
1183 1013 1499 1074 contulisse
1549 1027 1652 1074 aut
1693 1015 1773 1075 ibi
1822 1029 2124 1077 mortuum
2167 1040 2328 1097 esse3
2378 1019 2460 1077 20-

294 1108 413 1166 imo
456 1120 801 1191 argumenta
832 1109 1046 1171 biblica
1082 1122 1404 1194 utrumque
1442 1124 1753 1176 evertunt.
1783 1124 1851 1171 ut
1899 1123 2063 1195 patet
2107 1135 2178 1173 ex
2213 1114 2448 1175 silentio

293 1202 463 1264 Pauli
484 1250 500 1280 ,
531 1204 676 1264 dum
720 1227 793 1266 ex
815 1205 974 1267 Urbe
1001 1207 1234 1282 scribit,
1275 1219 1376 1266 aut
1392 1206 1591 1267 scribit
1614 1208 1688 1268 ad
1714 1211 2037 1287 Romanos;
2068 1207 2279 1291 quibus
2302 1232 2445 1292 prae-

292 1311 456 1361 terea
481 1323 653 1360 suum
674 1303 950 1384 patefacit
983 1304 1289 1363 consilium
1322 1325 1386 1363 ac
1420 1304 1744 1366 vehemens
1786 1305 2146 1366 desiderium
2171 1327 2266 1365 eos
2297 1307 2445 1370 invi-

286 1398 461 1458 sendi
480 1444 496 1475 ‚
519 1410 588 1460 ut
614 1397 837 1483 aliquid
861 1401 1001 1482 ipsis
1021 1402 1220 1485 gratiae
1241 1399 1558 1483 spiritualis
1588 1402 1958 1483 impertiret,
1986 1423 2204 1484 nempe
2226 1402 2444 1484 gratias

286 1495 471 1576 gratis
512 1495 710 1573 dataS‚
758 1518 893 1557 cum
925 1497 1194 1558 nondum
1237 1496 1650 1580 Apostolorum
1677 1497 1885 1580 aliquis
1915 1498 2056 1559 illuc
2084 1497 2442 1581 appulisset,

291 1592 396 1652 sed
419 1593 609 1653 solum
656 1592 730 1653 ab
762 1594 1007 1657 advenis
1034 1594 1294 1654 romanis
1323 1592 1626 1675 (quorum
1668 1595 1737 1653 fit
1759 1595 1987 1654 mentio
2019 1596 2142 1654 Act.
2176 1595 2227 1653 II
2249 1639 2265 1670 ,
2309 1593 2385 1653 10
2420 1596 2445 1674 )

287 1689 364 1750 de
399 1690 512 1751 fide
539 1690 853 1752 christiana
891 1691 1113 1775 aliquid
1150 1692 1523 1774 accepissent.
1577 1692 1754 1766 Quod
1803 1692 2011 1752 clarius
2048 1692 2244 1753 adhuc
2279 1693 2347 1752 fit
2371 1714 2442 1753 ex

358 1867 434 1936 (1)
474 1868 609 1919 Tales
623 1880 730 1918 sunt
752 1868 947 1943 Caveusg
968 1870 1318 1931 Hammondus‚
1407 1870 1643 1934 adventu)
1679 1888 1691 1933 3
1719 1868 1965 1919 Bertholdt
1987 1907 2002 1933 ‚
2030 1869 2441 1921 He'storisch·kri-

288 1949 562 2001 'Pearsonius
582 1988 598 2013 ,
648 1950 869 2015 Grotius,
914 1954 1127 2003 Usserius
1147 1991 1159 2011 ‚
1196 1954 1321 2001 Cha·
1402 1953 1554 2003 tische
1595 1953 1834 2010 Einleit„
1871 1966 1961 2003 etc.
1990 1991 2003 2016 ‚
2024 1971 2106 2003 seu
2136 1949 2441 2004 Into-eductio

290 2037 438 2095 mier,
471 2035 743 2085 Blondellus
770 2071 785 2099 ‚
822 2036 1026 2096 Junius,
1064 2036 1165 2086 JOS.
1204 2036 1317 2085 Sca·-

289 2118 488 2184 ligem,
522 2117 659 2167 Joan.
696 2118 899 2185 Pappius
917 2158 930 2180 ‚
957 2119 1188 2186 Kipping‚
1225 2120 1317 2170 Be·

287 2198 467 2262 helius,
495 2200 691 2267 Iffigius,
737 2200 877 2252 Joan.
914 2202 1123 2251 Clericus
1142 2241 1155 2263 ‚
1183 2202 1316 2252 Sam.

293 2281 548 2347 Basnagius
565 2318 582 2343 ‚
629 2283 758 2333 Isaac
811 2284 1064 2335 Newtonus
1085 2322 1099 2346 ,
1146 2286 1319 2353 aliique

281 2382 486 2431 quorum
511 2365 783 2431 singillatim
826 2367 924 2416 loca
968 2379 1172 2417 recenset
1201 2368 1318 2433 Fog-

282 2451 440 2513 ginius
460 2486 474 2509 ‚
513 2466 590 2514 op.
629 2451 710 2499 cit.
758 2454 951 2499 exercit.
1000 2469 1034 2501 1.
1085 2451 1166 2499 His
1209 2469 1317 2500 vero

285 2532 365 2581 alii
400 2532 650 2599 adjiciendi
695 2545 804 2583 sunt
839 2552 896 2584 ex
940 2535 1276 2585 recentioribus
1300 2570 1315 2598 ‚

287 2616 505 2666 adversus
538 2617 793 2668 fanaticum
833 2635 887 2667 ac
932 2617 1163 2667 furiosum
1206 2635 1315 2683 pro-

286 2710 545 2748 vocatorem
572 2716 887 2768 genevensem
907 2740 921 2762 ,
948 2704 1032 2767 qui
1050 2718 1211 2767 opusc.
1232 2703 1313 2748 cit.

285 2798 395 2849 pag.
425 2779 508 2842 26,
540 2782 700 2831 scribit
736 2780 825 2832 :11
850 2783 970 2831 n'eet
979 2785 1122 2849 point
1138 2784 1187 2830 si
1202 2798 1314 2829 sur-

280 2874 495 2929 prenant
510 2900 527 2926 ‚
562 2864 681 2930 qu’il
692 2868 763 2915 ait
775 2865 903 2931 fallu
921 2882 1022 2914 aux
1034 2873 1313 2932 protestans

278 2946 394 3012 plus
428 2948 547 2997 d‘un
581 2947 720 2997 siecle
762 2965 895 3015 pour
928 2949 1074 2997 sortir
1108 2949 1313 2996 entiere-

287 3041 419 3078 ment
452 3033 519 3081 du
546 3033 772 3083 bourbier
799 3034 862 3080 ou
892 3031 957 3080 ils
979 3048 1027 3080 se
1042 3033 1316 3079 trouvaient

285 3113 507 3178 enfonces
536 3153 551 3176 ‚
596 3134 766 3182 nempe
807 3115 1011 3164 Schriick
1036 3152 1048 3174 ‚
1105 3112 1312 3163 Christl.

287 3192 553 3263 Kirchenq.
565 3216 644 3247 seu
664 3198 890 3247 Historia
906 3196 960 3246 E
959 3195 1143 3245 cclesiae
1158 3196 1314 3245 chris-

287 3280 435 3329 tianae
456 3317 471 3340 ‚
502 3293 620 3346 part.
654 3300 707 3343 ιι,
728 3301 831 3348 pag.
858 3280 952 3332 155
974 3320 986 3342 ‚
1006 3282 1087 3330 ubi
1114 3281 1277 3329 scribit
1297 3298 1311 3330 τ

288 3362 496 3413 Nullum
516 3364 719 3429 sortasse
732 3374 954 3414 eventum
973 3381 1070 3412 esse
1088 3365 1143 3411 in
1163 3365 1316 3412 veteri

288 3446 508 3503 historia,
526 3448 597 3494 ita
611 3456 745 3494 ecctra
767 3449 1079 3512 quaestionem
1092 3448 1313 3513 positum

289 3529 509 3579 subsidio
538 3531 925 3579 testimoniorum
966 3530 1086 3579 adeo
1113 3546 1313 3578 consen-

289 3615 515 3662 tientium
559 3615 871 3679 antiquorum
904 3616 1151 3664 doctorum
1185 3613 1316 3663 chri-

292 3699 586 3762 stianorum,
603 3698 678 3745 uti
694 3697 825 3745 istud
841 3697 920 3759 (de
943 3698 1065 3747 Petri
1082 3700 1132 3747 in
1145 3697 1315 3747 urbem

1401 2035 1853 2086 Historico-critica
1885 2042 1943 2085 in
1979 2034 2047 2083 V.
2071 2045 2115 2084 et
2137 2036 2204 2084 N.
2233 2036 2299 2086 T.
2315 2048 2438 2102 part.

1399 2117 1430 2169 5
1454 2157 1467 2179 ‚
1505 2137 1613 2184 pag.
1655 2116 1789 2185 2690
1821 2136 1835 2166 :
1872 2116 2004 2184 Ejus
2049 2118 2242 2181 (Petri)
2275 2117 2440 2166 Romoe

1392 2203 1660 2269 praesentia
1681 2240 1694 2261 ‚
1728 2202 1918 2260 scribit,
1954 2209 2000 2248 et
2032 2201 2324 2265 martyrium
2364 2200 2440 2249 ibi

1398 2285 1461 2332 ab
1490 2301 1541 2332 eo
1574 2298 1779 2349 passum
1801 2321 1815 2343 ‚
1857 2282 2061 2349 plenum
2109 2290 2183 2330 est
2206 2282 2438 2331 historica

1397 2366 1704 2415 certitudine.
1757 2366 1885 2414 Idem
1923 2364 2137 2414 scribunt
2180 2361 2434 2426 Neander',

1398 2452 1451 2498 in.
1488 2448 1693 2514 Allqem.
1735 2448 1914 2498 Gesch.
1952 2448 2041 2497 der
2065 2448 2238 2497 christ.
2274 2447 2432 2512 Retiq.

1398 2550 1478 2583 seu
1498 2533 1726 2582 Historia
1742 2534 1957 2580 univers.
1981 2530 2205 2596 reliqion.
2224 2539 2271 2578 et
2285 2529 2437 2578 eccle-

1396 2618 1514 2676 siae,
1552 2627 1668 2664 tom.
1694 2632 1740 2676 1,
1778 2624 1891 2663 sect.
1925 2631 1972 2675 ¹3
2003 2613 2170 2673 Colla,
2215 2611 2430 2678 Allqem.

1397 2697 1608 2764 Encycl.
1641 2708 1754 2759 etc.‚
1805 2716 1886 2746 seu
1916 2695 2280 2763 Encyclopedia
2314 2698 2434 2744 uni·

1396 2797 1520 2829 vers.
1542 2781 1862 2828 scientiarum
1879 2787 1924 2826 et
1947 2781 2132 2827 artium
2156 2817 2170 2840 ,
2203 2789 2323 2843 part.
2349 2775 2429 2841 18,

1395 2881 1503 2929 pag.
1526 2862 1611 2926 42.
1659 2862 1861 2911 Gieseler
1884 2897 1898 2921 ,
1924 2861 2179 2910 Lehrbuch
2200 2861 2287 2910 der
2306 2860 2433 2909 Kir-

1395 2946 1802 3015 shenyesch.,seu
1840 2944 2086 2994 Manuale
2114 2942 2248 2993 Hist'.
2281 2943 2429 2993 eccle-

1396 3031 1611 3078 ciasticae
1626 3066 1644 3090 ‚
1678 3040 1795 3078 tom.
1813 3045 1849 3084 ι,
1879 3029 1993 3077 edit.
2011 3044 2057 3087 2,
2075 3026 2231 3086 Bona,
2278 3024 2426 3094 1827,

1397 3130 1503 3177 pag.
1534 3109 1602 3179 89
1623 3149 1637 3172 ‚
1669 3122 1771 3161 not.
1812 3115 1905 3176 (e),
1942 3113 2038 3158 haec
2078 3110 2218 3158 habet
2259 3127 2271 3158 ε
2304 3110 2432 3157 Fuit

1386 3201 1630 3267 polemica
1671 3200 1933 3265 factionis,
1976 3199 2024 3246 si
2063 3194 2291 3246 nonnulli
2312 3213 2429 3263 pro-

1395 3290 1618 3331 testantes
1640 3319 1654 3343 ,
1685 3282 1938 3349 speciatim
1965 3279 2293 3345 Spanhemius
2311 3316 2324 3338 ,
2363 3279 2431 3326 ad

1395 3364 1667 3432 exemplum
1684 3362 2007 3428 quorumdam
2035 3362 2426 3411 adversariorum

1397 3447 1703 3513 Pontificum
1732 3445 1888 3493 medii
1921 3446 2018 3494 aevi
2045 3484 2058 3506 2
2093 3445 2316 3508 inficiari
2343 3461 2427 3493 vo-

1396 3531 1598 3580 luerunt
1614 3530 1997 3594 Petrunmnqua
2009 3547 2058 3576 m
2075 3529 2242 3578 Romoe
2250 3527 2426 3593 fuisse.

1397 3613 1495 3663 cfr.
1523 3614 1648 3679 apud
1689 3613 1968 3678 Roskovany
1992 3651 2003 3672 ‚
2032 3630 2110 3677 op.
2139 3613 2218 3659 cit.
2251 3629 2300 3676 p.
2344 3625 2419 3674 ¹7»

1400 3707 1502 3747 not.
1537 3693 1622 3760 45.
