2514 4218
808 133 1004 174 TRACT.
1057 135 1126 172 lm
1169 133 1324 174 Locls
1367 133 1752 175 TnnomGIGIS.

215 117 335 176 510

297 279 440 341 749.
490 278 610 337 Nec
637 276 833 335 minus
863 278 1065 336 Patres
1095 287 1424 335 consonant
1446 275 1511 335 in
1538 276 1865 338 adserenda
1889 279 2157 339 unanimi
2178 301 2354 342 sensu

213 381 562 439 inconcussa
593 394 746 432 rom.
780 372 1133 431 Pontificum
1171 371 1311 431 fidei
1354 373 1637 433 firmitate
1674 394 1744 433 ex
1780 373 1994 434 Matth.
2023 376 2174 436 XVI.
2204 378 2357 439 Sane

217 475 520 554 OrigeneS‚
542 467 863 552 explanans
888 466 1070 529 verba
1097 466 1196 527 illa
1223 490 1241 526 -τ
1269 468 1413 528 Non
1431 470 1855 548 praevalebunt
1876 471 2162 532 adversus
2184 494 2356 546 eam,

216 574 539 649 interrogat
572 587 589 624 t
634 567 835 646 Quam
869 575 1075 625 autem
1106 564 1291 625 eam?
1324 566 1427 626 An
1457 569 1622 625 enim
1645 576 1924 644 petram,
1957 589 2142 647 super
2167 590 2359 649 quam

224 669 503 731 Christus
550 663 812 741 aedificat
841 659 1216 737 Ecclesiam,
1248 684 1336 721 an
1374 660 1760 722 Ecclesiam?
1788 662 2102 744 Amhz'yua
2137 668 2361 745 quippe

220 768 436 826 locutio
470 772 556 821 est
589 779 612 819 ε
646 782 731 818 an
758 763 941 839 quasi
969 779 1167 818 unam
1198 761 1582 839 eamdemque
1612 780 1773 828 rem,
1808 770 2039 838 petram
2072 771 2128 819 et
2156 762 2365 822 Eccle-

218 865 383 922 siam
413 857 446 919 P
495 856 628 918 Hoc
681 876 779 936 eqo
796 898 820 929 ‚
874 856 1222 935 respondet,
1263 877 1474 914 veram
1514 877 1632 914 esse
1673 858 1949 915 existimo
1978 880 2001 926 ,·
2061 879 2165 917 nec
2199 861 2364 917 enim

222 960 510 1018 adversus
532 964 802 1034 petram,
835 974 1018 1033 super
1039 973 1229 1032 quam
1258 951 1535 1012 Christus
1567 952 1903 1012 Ecclesiam
1925 954 2188 1033 aedificat
2200 997 2222 1026 ,
2261 973 2366 1012 nec

225 1057 515 1115 adversus
550 1050 887 1111 Ecclesiam
929 1059 1119 1128 portoe
1158 1051 1354 1129 inferi
1384 1050 1807 1129 praevalebunt
1842 1049 1952 1130 (l).
1996 1049 2213 1109 Eadem
2257 1049 2367 1109 ha-
2454 1031 2455 1036 ἵ

225 1151 375 1212 bent
413 1149 514 1208 SS.
561 1145 816 1206 Hilarius
839 1190 855 1220 ,
899 1143 1281 1220 AmbrosiuS‚
1322 1145 1707 1226 Augustinu8‚
1754 1146 1856 1228 qui
1891 1158 2176 1228 praeterea
2211 1168 2363 1206 rom.

227 1246 584 1309 Pontificum
633 1242 781 1302 serie
821 1251 1318 1316 commemorata,
1362 1240 1564 1301 subdit
1604 1264 1617 1300 ε
1657 1242 1803 1322 Ipsa
1840 1253 1926 1303 est
1949 1253 2154 1323 petra,
2182 1263 2372 1323 quam

229 1366 355 1407 non
388 1345 643 1403 vincunt
689 1340 963 1420 superhoe
1006 1342 1355 1419 inferorum
1395 1350 1590 1418 portoe
1631 1337 1870 1418 (2).1ta
1904 1341 2086 1400 etiam
2124 1338 2371 1421 Cyrillus

232 1440 432 1515 Alex..
470 1439 584 1497 Leo
616 1436 726 1508 M„
767 1434 1098 1517 Simplicius
1136 1437 1326 1517 Papa,
1366 1434 1631 1495 Gelasius
1661 1434 1770 1516 (3).

315 1536 459 1596 750.
507 1531 829 1594 Luculenta
853 1532 1076 1613 pariter
1100 1541 1270 1607 sunt,
1303 1552 1436 1612 quae
1463 1533 1666 1591 Patres
1682 1529 1907 1591 habent
1920 1530 1995 1591 de
2019 1530 2376 1592 adstruenda

235 1633 576 1692 inconcussa
605 1628 741 1688 fidei
775 1628 1056 1686 firmitate
1089 1628 1156 1686 in
1184 1629 1360 1686 Petro
1389 1629 1631 1709 ejusque
1661 1626 2084 1687 successoribus
2105 1674 2121 1703 7
2161 1648 2378 1710 expen-

238 1728 445 1788 dentes
485 1722 664 1786 verba
717 1722 936 1782 Christi
973 1723 1148 1782 Joan.
1193 1723 1346 1782 XXI.
1394 1723 1486 1782 Sic
1525 1723 1682 1783 inter
1725 1734 1951 1783 ceteros
1998 1724 2058 1783 S.
2111 1724 2379 1803 Augusti-

237 1845 350 1883 nus
393 1820 514 1902 (4),
561 1820 619 1879 S.
676 1819 965 1879 Maximus
1015 1818 1390 1878 Taurinensis
1437 1819 1561 1900 (5),
1614 1839 1680 1878 ac
1727 1819 1937 1901 reliqui
1986 1821 2186 1879 Patres
2213 1865 2229 1894 ,
2278 1819 2381 1901 qui

239 1915 417 1979 simul
455 1920 807 1995 conjungere
853 1926 971 1976 tres
1013 1913 1379 1994 evangelicos
1420 1913 1637 1974 relatos
1677 1925 1874 1974 textus
1912 1925 2380 1988 consueverunt,

240 2026 309 2074 ut
356 2016 530 2074 Petro
595 2016 836 2093 ejusque
889 2008 1316 2070 successoribus
1367 2020 1496 2069 tum
1553 2010 1881 2092 primatum
1927 2010 1990 2068 in
2046 2009 2386 2070 universam

241 2109 591 2183 Ecclesiam,
637 2119 769 2167 tum
804 2105 1172 2167 immobilem
1206 2106 1270 2165 in
1315 2105 1431 2166 fide
1469 2106 1815 2167 firmitatem
1853 2104 1928 2165 ad
1967 2104 2279 2166 Ecclesiam
2322 2106 2386 2165 in

245 2205 452 2267 eadem
490 2203 607 2265 fide
642 2199 1013 2264 solidandam
1055 2201 1424 2263 vindicarent
1464 2202 1577 2283 (6).

318 2480 387 2548 (1)
425 2480 566 2530 Τοιιι.
590 2496 678 2544 xn,
698 2476 769 2526 In
784 2476 1037 2527 Matthn.
1072 2477 1276 2527 11.edit.
1366 2494 1469 2525 eam
1508 2474 1680 2525 Christi
1728 2480 2082 2542 promissionem
2123 2481 2389 2545 pertinere,

247 2565 402 2615 Maur.
441 2582 552 2630 opp.
581 2573 701 2612 tom.
743 2577 827 2622 111,
872 2578 981 2626 pag.
1015 2557 1136 2609 526.
1168 2559 1281 2609 Haec

251 2648 465 2716 Origenis
495 2646 634 2696 verba
669 2645 810 2711 paulo
849 2643 983 2693 aliter
1018 2642 1283 2692 redduntur

254 2731 313 2780 ab
339 2733 532 2797 antiquo
561 2728 839 2794 interprete,
872 2742 1040 2790 nempe
1065 2742 1079 2773 ε
1109 2725 1285 2774 Mani-

247 2816 427 2880 festum
455 2822 550 2874 est,
575 2813 694 2879 quia
726 2827 815 2859 nec
843 2809 1075 2858 adversus
1100 2818 1287 2875 petram

254 2896 391 2946 illam
411 2935 425 2958 ‚
454 2912 600 2962 super
631 2911 778 2961 quam
809 2893 1085 2958 oedificatur
1114 2890 1286 2941 Eccle-

256 2982 357 3039 sia,
376 2998 465 3029 nec
482 2980 711 3029 adversus
731 2975 1023 3037 Ecclesiam,
1039 2993 1146 3042 (μω
1161 2976 1284 3026 oedi-

251 3064 434 3130 ficetur
447 3080 592 3130 super
606 3060 890 3128 hujusmodi
894 3069 1089 3126 petram
1103 3097 1117 3115 ‚
1132 3070 1287 3127 φοι-ιω

214 3192 216 3194 ,
252 3145 588 3214 proevalebunt
618 3144 907 3210 inferorum.
931 3142 1028 3191 cfr.
1060 3142 1181 3192 ibid.

333 3226 401 3293 (2)
438 3227 497 3275 In
527 3225 713 3276 Psalm.
728 3235 857 3274 cont.
868 3232 1058 3292 partem
1083 3221 1285 3274 Donati.

331 3308 402 3373 (3)
439 3307 575 3374 Apud
590 3308 759 3357 Baller.
777 3326 853 3374 op.
871 3309 949 3356 cit.
969 3325 1075 3373 cap.
1095 3306 1181 3367 15,
1202 3305 1288 3374 §2

334 3392 403 3457 (4)
442 3391 556 3440 Loc.
580 3393 662 3440 cit.
684 3391 767 3438 ubi
788 3391 981 3440 laudata
1005 3390 1290 3442 Pontificum

268 3478 384 3525 serie
411 3474 606 3541 subjicit
637 3489 650 3521 :
682 3471 806 3539 Ipsa
824 3482 893 3521 est
900 3480 1071 3539 petra,
1091 3483 1289 3540 etc.quo

269 3557 472 3609 ostendit
495 3574 593 3606 non
623 3555 683 3604 ad
703 3573 854 3604 unum
872 3555 1087 3616 Petrum,
1127 3556 1208 3606 sed
1238 3556 1299 3606 ad

273 3654 560 3689 successores
577 3639 718 3688 etiam
735 3638 881 3702 ipsius
896 3638 946 3685 in
968 3654 1161 3689 romana
1180 3636 1301 3688 Sede

1367 2562 1436 2608 uti
1468 2559 1683 2610 observat
1712 2559 1882 2610 Baller.
1906 2561 2001 2611 loc.
2031 2563 2112 2612 cit.

1439 2645 1503 2709 (ὅ)
1525 2645 1675 2697 Serm.
1690 2664 1818 2710 mxlv,
1834 2665 1889 2697 ac
1903 2647 1984 2697 De
1996 2655 2101 2697 nat.
2114 2645 2156 2698 S
2158 2646 2214 2697 S.
2227 2646 2398 2715 Apost.

1372 2725 1511 2778 Petri
1538 2737 1586 2777 et
1615 2725 1798 2791 Pauli,
1826 2748 1896 2790 iv,
1922 2731 2034 2781 edit.
2063 2730 2205 2781 Rom.
2236 2727 2394 2798 1784,

1372 2812 1460 2861 col.
1493 2811 1615 2880 578.

1444 2893 1515 2959 (6)
1552 2895 1694 2944 Plura
1723 2896 1813 2945 alia
1839 2896 2031 2946 Patrum
2057 2899 2108 2947 in
2133 2895 2268 2946 hunc
2290 2912 2397 2944 sen-

1375 2995 1480 3027 sum
1520 2988 1625 3028 test.
1677 2980 1766 3030 cfr.
1814 2982 1942 3046 apud
1977 2979 2144 3031 Baller.
2176 2980 2270 3028 loc.
2317 2981 2408 3036 cit.

1374 3078 1563 3113 necnon
1587 3063 1712 3128 apud
1746 3063 1888 3112 Card.
1921 3061 2058 3124 Orsi,
2107 3061 2183 3111 De
2205 3062 2403 3127 irrefhrs·

1374 3142 1551 3192 mobili
1589 3161 1713 3194 rom.
1752 3144 1982 3209 Pontific.
2016 3145 2073 3192 in
2107 3143 2403 3209 definiendis

1368 3226 1492 3291 fidei
1512 3237 1802 3276 controvers.
1813 3226 2012 3293 judicio
2025 3263 2039 3286 ‚
2060 3227 2221 3277 Romae
2241 3227 2372 3296 1739
2385 3264 2400 3289 ‚

1376 3320 1495 3360 tom.
1526 3327 1594 3370 11,
1624 3310 1712 3359 lib.
1743 3326 1821 3369 xv,
1851 3326 1956 3376 cap.
1991 3324 2022 3359 α
2043 3346 2057 3374 ,
2092 3320 2180 3360 art.
2213 3327 2231 3359 1
2258 3326 2274 3374 3
2309 3311 2399 3360 cfr.

1378 3395 1520 3442 etiam
1558 3389 1821 3442 Salmeron.
1863 3392 2051 3443 Comm.
2094 3396 2154 3443 ivs
2198 3392 2401 3459 Evanq.

1378 3473 1543 3524 Colon.
1556 3472 1660 3539 Agri
1666 3491 1742 3540 pp.
1758 3472 1886 3539 1604
1899 3512 1913 3537 ‚
1929 3485 2041 3526 tom.
2052 3492 2099 3526 ιι
2113 3514 2129 3538 ,
2147 3486 2278 3526 tract.
2292 3492 2402 3536 xxx,

1379 3573 1486 3623 pag.
1513 3554 1612 3621 242
1641 3567 1686 3607 et
1716 3576 1846 3626 seqq.
