2514 4218
294 147 411 208 386

891 163 1090 202 TRAc‘r.
1146 166 1211 199 DE
1258 162 1407 202 LOCIS
1453 164 1835 202 THEOLOGIClS.

378 314 517 372 561.
567 311 653 370 Ad
695 309 775 367 4¹1¹
801 356 814 380 ‚
866 310 1019 366 Disc.
1074 308 1254 364 Prout
1295 306 1471 385 gratis
1507 307 1894 387 confingitur,
1937 331 2137 378 conc.,·
2195 312 2381 392 reipsa
2418 361 2430 387 ·,

294 433 423 490 neq.
478 405 648 467 Plura
691 405 853 464 enim
908 402 1229 460 adversarii
1273 423 1337 460 ea
1379 401 1440 458 in
1478 423 1543 461 re
1592 423 1662 460 ex
1696 424 1857 463 mera
1904 410 2238 484 conjectura
2272 421 2332 467 et
2365 431 2436 468 ex

293 506 534 567 arbitrio
562 508 731 581 juxta
761 509 1235 582 praeconceptum
1270 509 1522 578 systema
1549 512 1897 579 supponunt
1923 548 1938 577 7
1970 525 2098 583 quae
2136 505 2183 562 si
2213 525 2436 584 negen-

295 615 420 675 tur,
477 621 681 660 eorum
733 594 1006 654 machina
1058 592 1401 653 dissolvitur
1438 593 1552 672 (1).
1600 595 1766 652 Docti
1807 607 1866 655 et
1895 598 2102 658 eruditi
2150 611 2280 659 tum
2338 622 2437 659 ca-

293 696 491 756 tholici
528 705 651 752 tum
700 699 1095 774 protestantes
1150 688 1488 769 chronologi
1535 694 1755 770 optime
1812 711 1943 749 cum
1994 696 2149 752 Petri
2190 674 2437 756 Romam

291 794 552 854 adventu
599 793 837 868 ejusque
873 778 1039 843 ¹obitu
1082 784 1178 843 illa
1216 786 1415 843 omnia
1452 799 1821 866 componunt
1851 788 1964 869 (2).
2007 790 2062 847 Si
2093 811 2221 870 quae
2258 791 2436 853 diffe-

290 888 494 949 rentiae
524 883 683 967 apud
712 904 807 942 eos
838 881 1216 963 reperiuntur
1237 926 1252 955 ,
1278 880 1661 940 accidentales
1689 894 1827 941 sunt
1848 928 1861 957 ,
1883 895 1942 942 et
1982 883 2179 965 plures
2205 890 2435 968 paucio-

290 1006 498 1066 resque
538 1003 722 1040 annos
764 979 1028 1039 afficiunt
1056 1024 1071 1051 ,
1113 978 1215 1059 qui
1253 976 1327 1036 ab
1383 978 1494 1037 hoc
1545 979 1804 1038 adventu
1847 978 1923 1038 ad
1956 981 2110 1039 Petri
2167 982 2230 1040 in
2283 982 2436 1043 Urbe

291 1082 518 1143 obitum
560 1079 952 1150 effluxerunt,
994 1077 1058 1135 in
1093 1097 1209 1157 quo
1258 1075 1405 1134 nihil
1450 1087 1535 1135 est
1570 1078 1713 1136 certi
1751 1076 1857 1157 (3).

372 1177 510 1236 562.
562 1175 651 1235 Ad
692 1175 807 1247 51¹¹,
863 1173 1016 1253 Ney.
1063 1173 1199 1232 Haec
1249 1172 1409 1230 enim
1448 1173 1884 1234 animadversio
1922 1196 1992 1232 ex
2049 1175 2172 1234 solo
2220 1179 2434 1237 mentis

292 1287 520 1334 tumore
553 1272 828 1355 provenit
849 1315 863 1344 ,
894 1291 1009 1352 quo
1031 1268 1141 1328 sibi
1166 1268 1481 1328 adversarii
1503 1269 1862 1351 persuadent
1883 1316 1898 1344 ,
1927 1273 2196 1354 antiquos
2231 1295 2435 1333 omnes

291 1371 469 1440 fuisse
499 1368 745 1428 totidem
788 1365 1001 1425 bardos
1033 1386 1097 1424 ac
1122 1364 1423 1446 stupidOS,
1463 1386 1529 1423 ac
1563 1387 1624 1424 se
1658 1365 1807 1424 solos
1853 1367 2089 1427 tandem
2120 1368 2435 1451 aliquando

292 1466 489 1548 oculos
532 1465 863 1547 aperuisse,
915 1461 1073 1543 quod
1123 1460 1509 1520 intolerabilis
1546 1464 1890 1543 arrogantiae
1921 1476 2027 1523 est.
2079 1465 2235 1525 Licet
2274 1468 2432 1525 enim

287 1563 518 1637 demUS,
552 1562 614 1619 in
643 1557 947 1619 nonnullis
968 1570 1194 1630 veteres
1211 1556 1434 1639 aliquot
1459 1556 1733 1640 deceptos
1757 1581 1881 1619 esse
1899 1606 1914 1635 ,
1949 1574 2125 1643 prout
2153 1574 2213 1622 et
2234 1584 2432 1622 recen—

288 1660 465 1719 tiores
512 1656 827 1729 labuntur,
882 1676 1030 1712 num
1081 1652 1294 1712 exinde
1337 1653 1538 1712 inferri
1578 1665 1774 1735 potest
1803 1702 1818 1731 ,
1860 1658 2261 1738 respuendum
2309 1680 2433 1718 esse

282 1754 520 1813 illorum
551 1751 951 1812 testimonium
987 1750 1049 1807 in
1089 1770 1151 1808 re
1195 1748 1327 1807 facti
1373 1751 1712 1832 cunctisque
1753 1750 1971 1812 obvia?
2016 1753 2245 1813 Falsum
2279 1776 2431 1837 prae-

285 1861 441 1909 terea
497 1860 639 1923 est„
677 1846 825 1906 solos
880 1845 1167 1927 ignatium
1205 1856 1264 1904 et
1302 1846 1544 1926 Papiam
1592 1847 1814 1926 primos
1863 1858 2037 1909 testes
2089 1872 2211 1910 esse
2259 1853 2427 1925 facti,

285 1947 442 2028 quod
475 1944 864 2017 abstruimusg
902 1942 1300 2001 recensuimus
1339 1942 1495 2000 enim
1534 1955 1814 2023 praeterea
1846 1944 2214 2006 Clementem
2245 1969 2430 2007 roma-

283 2064 429 2100 num
450 2089 465 2117 ,
492 2054 743 2122 utroque
761 2039 1174 2120 antiquiorem.
1198 2038 1405 2119 Papias
1429 2049 1712 2120 praeterea
1734 2084 1749 2113 .,
1778 2041 2027 2099 Irenaeus
2061 2054 2119 2100 et
2149 2042 2428 2122 Origenes

282 2139 529 2196 Romam
560 2159 620 2196 se
651 2134 1031 2195 contulerunt
1062 2159 1077 2206 ς
1128 2144 1452 2213 potuerunt
1473 2134 1723 2216 proinde
1753 2135 1838 2194 rei
1863 2138 2124 2196 veritatis
2157 2139 2428 2199 certiores

282 2233 406 2293 fieri
449 2232 523 2292 ab
560 2233 648 2306 iis,
686 2232 786 2313 qui
821 2231 1097 2291 vixerunt
1125 2250 1258 2288 cum
1286 2228 1432 2304 illis,
1476 2230 1576 2311 qui
1605 2251 1675 2290 eo
1722 2242 2010 2314 tempore,
2062 2239 2178 2315 'quo
2223 2237 2427 2294 Petrus

357 2462 423 2526 (l)
473 2458 595 2508 Sane
635 2458 862 2506 fanaticus
907 2455 985 2503 hic
1028 2457 1220 2519 scriptor
1261 2455 1311 2501 in
1399 2452 1649 2501 Ricciolius
1683 2492 1695 2509 ,
1746 2452 2067 2519 Chronoloqia
2122 2455 2377 2520 reformata
2410 2494 2422 2516 ‚

288 2562 369 2592 sua
414 2541 575 2592 tabula
620 2540 907 2603 Chronolog.
959 2538 1143 2585 hiatum
1172 2535 1313 2584 relin-

287 2631 388 2694 quit
413 2625 472 2674 ab
487 2644 568 2674 an.
589 2621 654 2674 52
676 2624 733 2672 ad
751 2641 829 2671 an.
854 2638 918 2685 70
945 2660 957 2680 ,
978 2639 1071 2687 quo
1095 2621 1313 2684 temporis

287 2708 533 2758 intervallo
564 2724 709 2774 quare
739 2704 902 2754 Petrus
926 2703 1124 2751 Romam
1154 2704 1314 2750 venire

286 2810 380 2841 non
406 2787 591 2857 potuit?

356 2875 426 2940 (2)
466 2873 583 2922 Satis
598 2873 677 2921 hie
699 2871 814 2920 mihi
842 2872 900 2918 sit
923 2877 1122 2935 quatuor
1149 2883 1206 2915 ex
1225 2885 1313 2932 po—

293 2958 485 3006 tioribus
507 2957 802 3020 chronologis
836 2952 1065 3019 appellare
1084 2987 1099 3012 ‚
1125 2951 1241 2998 duos
1260 2968 1312 2999 ex

288 3041 552 3100 catholicis,
580 3041 696 3089 duos
720 3057 828 3089 vero
854 3055 908 3087 ex
929 3034 1311 3102 protestantibus,

290 3126 372 3189 qui
400 3126 571 3187 optime
616 3132 905 3189 componunt
940 3119 1311 3184 chronologiam,

288 3221 391 3273 quae
421 3207 468 3252 in
489 3204 610 3253 Actis
642 3207 799 3271 Apost.
829 3204 1046 3264 habetur,
1081 3219 1190 3250 cum
1220 3198 1312 3249 his-

287 3289 402 3336 toria
440 3289 731 3335 testatissima
773 3287 830 3336 de
876 3285 997 3334 Petri
1044 3287 1094 3333 in
1135 3283 1311 3333 Urbem

289 3370 493 3419 adventu
530 3370 722 3435 ejusque
754 3372 802 3417 in
837 3369 998 3417 cadem
1030 3366 1157 3416 Urbe
1187 3384 1311 3414 mar-

284 3456 429 3520 tyrio.
492 3451 560 3499 Ex
620 3452 854 3500 catholicis
918 3452 1006 3500 cfr.
1054 3449 1264 3498 Petavius
1295 3488 1309 3509 .‚

286 3533 525 3583 Doctrina
541 3541 688 3598 temp.
711 3533 795 3582 lib.
833 3550 884 3580 xi
903 3571 916 3593 .,
943 3532 1133 3598 cap.‚13
1163 3542 1207 3581 et
1229 3530 1308 3595 14,

286 3618 371 3665 ubi
409 3616 580 3683 disjicit
619 3612 781 3663 eadem
843 3616 986 3664 ferme
1039 3624 1310 3681 argumenta

293 3715 421 3747 nunc
447 3699 606 3747 denuo
634 3715 657 3744 a
683 3696 937 3745 Genevensi
956 3698 1131 3761 prolata
1154 3714 1167 3759 ς
1197 3699 1310 3745 item

1401 2548 1516 2585 tom.
1556 2555 1604 2596 1,
1647 2535 1732 2586 lib.
1766 2555 1840 2597 1x,
1889 2556 1990 2603 cap.
2020 2555 2078 2595 2,
2124 2557 2156 2586 n
2206 2537 2311 2587 5-8.
2357 2541 2421 2590 Ex

1399 2619 1757 2684 protestantibus
1786 2620 1869 2667 cfr.
1903 2618 2098 2684 Joseph.
2137 2617 2419 2685 Scaligerus,

1397 2705 1448 2749 in
1508 2700 1758 2749 Thesauro
1816 2707 2080 2767 temporum¹
2112 2740 2126 2763 ‚
2166 2703 2420 2754 Amstelod.

1407 2780 1553 2849 1657,
1579 2783 1648 2832 ib.
1667 2783 1939 2833 Animadv.
1960 2784 2025 2832 ad
2052 2784 2236 2834 Euseb.
2267 2784 2418 2835 Chro-

1398 2870 1495 2917 πίε.
1513 2886 1617 2933 pag.
1636 2865 1729 2935 189
1745 2877 1786 2916 et
1809 2884 1920 2936 ¹97,
1941 2880 1985 2917 et.
2002 2869 2102 2918 Jac.
2124 2870 2351 2927 Usserius‚
2371 2875 2419 2919 in

1402 2950 1689 2999 Annalibus
1720 2949 1788 3000 V.
1812 2959 1858 2999 et
1879 2951 1946 2999 N.
1987 2951 2194 3000 Tectam.
2220 2950 2417 3001 Genevae

1405 3049 1568 3098 1722,
1620 3052 1669 3099 p.
1708 3031 1842 3098 646,
1889 3032 2019 3097 647,
2075 3034 2158 3082 ubi
2201 3044 2245 3084 et
2287 3034 2417 3084 Petro

1398 3121 1522 3165 cruci
1551 3116 1685 3166 affixo
1720 3117 1919 3182 applicat
1956 3116 2074 3165 illud
2105 3116 2243 3165 Joan.
2289 3134 2366 3165 xxi
2403 3135 2413 3165 ε

1404 3199 1571 3267 Quum
1599 3201 1816 3247 senueris
1845 3238 1856 3259 ‚
1886 3209 1972 3247 etc.
2006 3199 2189 3260 Quibus
2222 3203 2416 3248 summis

1397 3284 1690 3349 chronologis
1721 3286 1756 3331 si
1794 3295 2063 3348 provocator
2096 3291 2252 3334 noster
2280 3301 2412 3335 com—

1396 3375 1588 3433 paretur
1610 3405 1622 3425 ,
1657 3367 1912 3433 quantillus
1945 3368 2135 3415 demum
2157 3370 2275 3415 erit?

1470 3448 1534 3512 (3)
1577 3448 1675 3496 Cfr.
1709 3448 1987 3510 Ricciolius,
2025 3450 2110 3498 loc.
2141 3460 2217 3498 cit.
2242 3446 2414 3498 etSca-

1396 3532 1586 3596 ligerus,
1619 3533 1707 3579 loc.
1733 3533 1811 3579 cit.
1840 3550 2024 3581 necnon
2042 3531 2298 3581 Cotelerius
2321 3569 2334 3591 ,
2370 3534 2419 3579 in

1397 3624 1492 3662 not.
1531 3609 1597 3661 36
1623 3625 1667 3661 et
1695 3613 1760 3682 39
1789 3616 1843 3662 ad
1878 3632 1892 3662 ι
1919 3618 2052 3681 epist.
2082 3614 2133 3663 S.
2165 3614 2416 3664 Clementis

1400 3696 1459 3744 ad
1484 3694 1700 3745 Corinth.
