2514 4218
2075 192 2194 251 225

485 214 626 251 PART
669 214 714 250 1.
761 212 885 249 GAP.
929 211 1011 250 lv.
1060 213 1127 248 DE
1171 210 1440 251 EGGLESIAE
1482 212 1729 252 no'rums.

162 353 303 417 344.
352 355 439 416 Ad
469 355 550 413 6¹¹¹
570 399 587 430 ,
622 349 776 435 Ney.
824 355 882 414 Si
910 356 1070 414 enim
1109 376 1295 413 unum
1327 354 1751 435 Hieronymum
1780 357 2029 439 excipias
2049 401 2065 432 ,
2099 377 2194 417 ce-

84 453 195 513 teri
221 456 420 512 Patres
448 472 570 508 non
601 449 674 509 de
700 450 949 510 Ecclesia
970 496 986 522 ,
1017 449 1120 509 sed
1144 449 1217 508 de
1245 449 1527 510 haereticis
1559 449 1903 508 factionibus
1937 451 2196 532 loquun-

82 559 182 607 tur
203 547 317 627 (1).
347 547 474 619 Quo
496 557 693 604 autem
715 567 888 605 sensu
919 545 1225 603 asseruerit
1243 544 1659 626 HieronmeS,
1684 543 1977 618 mundum
2004 547 2193 606 mira-
2212 554 2214 556 ’

83 654 212 701 tum
235 662 297 701 se
319 662 442 700 esse
470 641 735 700 arianum
758 686 774 715 ,
803 640 944 699 alias
964 639 1339 719 exposuimus
1369 640 1479 719 (2).

165 734 307 794 345.
359 735 445 794 Ad
480 735 515 794 7
523 751 596 810 ¹1²,
629 738 791 796 Disc.
823 733 1070 808 Quando
1084 737 1210 810 jam
1233 731 1522 794 defecerat
1557 736 1619 794 in
1656 729 2103 799 conciliabulum
2138 747 2199 795 et

78 830 487 905 latrocinium,
539 853 734 898 conc.,·
772 834 904 889 cum
942 827 1133 887 adhuc
1176 815 1502 906 legitimum
1548 844 1734 906 esset,
1784 854 1917 912 neq.
1967 833 2199 891 Etenim

81 937 304 984 norunt
337 925 550 985 eruditi
590 946 792 983 omnes
813 969 831 997 ,
870 921 1109 981 nemine
1141 922 1379 1003 penitus
1412 924 1827 1001 dissentiente,
1876 926 2201 986 Concilium

82 1019 405 1079 Basileense
430 1020 492 1079 in
524 1017 972 1096 conciliabulum
1001 1027 1062 1075 et
1084 1015 1511 1078 schismaticam
1547 1020 1860 1081 factionem
1887 1021 2163 1081 defecisse
2181 1068 2199 1096 ,

8 1101 13 1103 7
83 1135 216 1172 cum
259 1115 512 1194 Eugenio
556 1116 664 1189 IV,
701 1112 957 1191 legitimo
1002 1112 1305 1187 Pontifici,
1351 1115 1624 1196 opposuit
1670 1117 2010 1197 antipapam
2050 1116 2206 1176 Feli-

82 1230 212 1268 cem
249 1211 331 1283 V,
363 1210 467 1290 qui
497 1207 669 1290 paulo
701 1217 833 1288 post
863 1205 1074 1264 infulas
1116 1206 1404 1288 deposuit.
1448 1202 1653 1268 Nullus
1691 1211 1974 1270 intererat
2015 1210 2203 1270 schis-
2268 1266 2269 1270 ,

84 1303 309 1362 maticae
343 1303 428 1361 illi
450 1300 686 1361 sessioni
729 1301 785 1359 S.
805 1301 984 1381 'Sedis
1027 1299 1288 1380 legatu53
1318 1323 1501 1384 eaque
1526 1304 1731 1387 majori
1753 1317 1922 1387 parte
1954 1327 2027 1365 ex
2051 1328 2206 1390 pres·

84 1397 304 1477 byteris
343 1395 834 1479 componebatur,
884 1396 986 1478 qui
1027 1395 1281 1477 denique
1322 1418 1383 1456 se
1418 1390 1793 1478 subjecerunt
1823 1392 2065 1462 'Nicolao
2114 1403 2162 1462 V
2186 1448 2203 1478 ,

86 1493 323 1572 Eugenii
363 1491 671 1550 successori
706 1490 817 1570 (3).

171 1587 308 1645 346.
357 1585 441 1645 Ad
478 1585 600 1660 8¹¹¹,
662 1587 820 1646 Dist.
860 1589 928 1644 In
982 1585 1244 1646 adductis
1289 1587 1504 1647 Christi
1549 1601 1609 1649 et
1646 1588 1811 1650 Pauli
1860 1591 2208 1651 testimoniis

87 1681 520 1764 praenunciatur
547 1681 793 1740 defectio
818 1681 1209 1763 plurimorum
1229 1728 1244 1754 ,
1278 1684 1609 1764 praesertim
1650 1707 1791 1744 vero
1818 1685 2108 1745 malorum
2134 1686 2208 1745 ab

92 1777 333 1837 Ecclesia
350 1821 368 1853 ,
394 1798 554 1835 conc.
576 1800 596 1843 ;
626 1774 869 1837 defectio
892 1777 1072 1859 ipsius
1103 1777 1392 1856 Ecclesiae,
1417 1800 1546 1861 neq.
1581 1779 1853 1862 Alioquin
1874 1825 1890 1856 ,
1915 1802 2050 1841 cum
2074 1793 2210 1864 post

161 1983 229 2046 (1)
279 1981 402 2031 Sane
449 1981 651 2031 Hilarius
683 2019 698 2042 ‚
749 1983 800 2030 in
837 1981 924 2031 lib.
969 1980 1110 2032 Ceut.

95 2063 144 2111 A
151 2055 404 2111 amentium
421 2103 438 2124 ,
459 2083 511 2113 n.
550 2078 607 2112 12
628 2102 639 2123 ‚
666 2063 856 2113 scribit:
877 2062 1014 2112 Male
1034 2080 1115 2111 vos

91 2147 338 2210 parietum
354 2162 490 2192 amor
507 2147 663 2210 cepit,
693 2143 817 2192 ‘male
843 2142 1114 2195 Ecclesiam

100 2224 196 2274 Dei
210 2227 266 2273 i‘n
283 2228 418 2273 tectis
437 2227 750 2291 aedificiisque
777 2228 1077 2275 veneramini
1098 2263 1113 2287 ,

99 2307 220 2355 male
250 2292 349 2354 *sub
394 2307 471 2354 his
495 2312 639 2373 pacis
671 2324 843 2356 ‘nomen
877 2309 1115 2372 inqeritia.

98 2392 249 2439 Anne
294 2391 575 2455 ambiquum
624 2398 734 2451 est,
776 2392 836 2438 in
871 2389 951 2438 his
989 2391 1120 2437 anti-

100 2473 332 2538 christum
351 2488 449 2520 esse
471 2488 713 2520 sessurum
728 2471 764 2520 Ρ
780 2471 975 2520 Montes
995 2470 1122 2520 mihi

100 2563 143 2603 et
172 2553 312 2602 silvae
330 2589 344 2613 ,
372 2563 416 2602 et
440 2553 571 2602 lacus
597 2561 642 2601 et
674 2569 886 2601 carceres
911 2562 957 2601 et
979 2571 1119 2602 vora-

99 2636 233 2701 91'nes
260 2644 375 2683 sunt
407 2636 628 2683 tutiores,
669 2634 898 2700 Loquitur
944 2635 1002 2684 de
1030 2636 1122 2685 sola

107 2716 310 2766 Ecclesia
336 2716 700 2777 mediolanensi,
731 2718 783 2764 in
807 2734 899 2782 qua
934 2716 1122 2766 Auxen-

105 2798 196 2845 tius
215 2833 230 2859 ,
263 2797 410 2844 fretus
440 2797 735 2863 Imperatoris
766 2798 950 2859 favore,
980 2815 1121 2847 occu-

104 2880 247 2946 pabat
280 2880 404 2928 illius
437 2880 651 2929 Ecclesiae
689 2881 860 2946 templa
879 2871 975 2941 ‚eo
997 2883 1124 2948 quod

107 2964 437 3013 dissimulasset
473 2982 585 3013 verae
618 2965 727 3013 fidei
763 2965 1123 3029 professionem,

108 3061 247 3110 quam
279 3057 430 3110 postea
454 3045 592 3094 rebus
621 3047 874 3093 immutatis
902 3045 1120 3095 deseruit.

111 3124 207 3177 Cfr.
223 3129 400 3193 praefat.
425 3128 582 3177 Maur.
601 3128 767 3178 editor.
788 3145 902 3194 opp.
924 3138 1035 3176 tom.
1051 3145 1086 3175 11
1107 3164 1122 3184 ,

110 3223 215 3271 pag.
230 3206 324 3274 587
341 3220 384 3258 et
398 3227 529 3276 seqq.
546 3209 952 3276 impresS.Veronae
971 3225 988 3256 1
1000 3208 1120 3273 7303

113 3287 165 3336 S.
177 3289 386 3350 Basilius,
399 3295 531 3356 epist.
544 3309 643 3341 xm.
655 3283 768 3342 edit.
785 3292 942 3340 Maur.
957 3291 1019 3340 al.
1036 3289 1104 3358 69
1115 3329 1129 3353 ,

112 3372 224 3418 item
255 3373 388 3435 epist.
411 3389 570 3422 ccum
591 3411 606 3435 ‚
630 3374 694 3423 al.
724 3390 809 3440 70,
825 3374 1031 3438 deplorat
1051 3391 1126 3422 ca-

114 3451 338 3500 lamitates
351 3452 654 3504 Ecclesiarum
669 3456 963 3506 orientalium
985 3493 998 3515 ,
1025 3472 1128 3522 quae

115 3533 403 3582 vexabantur
418 3559 421 3562 ·
439 3533 517 3582 ab'
546 3536 771 3586 haereticis
810 3536 1127 3586 tolerantibus

115 3616 239 3664 illius
252 3616 413 3675 aetatis,
425 3613 643 3665 describit
654 3619 945 3669 vaferrimam
960 3618 1129 3685 agendi

115 3699 341 3748 rationem
389 3696 720 3764 Episcoporum
755 3703 1015 3752 arianorum
1032 3737 1047 3763 ,
1085 3710 1129 3749 et

277 3779 343 3836 T.
390 3778 546 3837 VIII.

1194 1983 1419 2032 auxilium
1456 1985 1673 2050 implorat
1713 1985 2049 2054 Episcoporum
2086 1990 2211 2037 occi-

1194 2065 1483 2129 dentalium,
1517 2067 1738 2115 italorum
1772 2080 1818 2117 et
1845 2070 2212 2136 gallorum‚qui

1194 2156 1306 2195 tunc
1334 2165 1447 2213 pace
1490 2148 1779 2198 fruebantur.
1816 2150 2071 2200 Homiliam
2107 2168 2214 2201 xux

1194 2230 1244 2276 in
1279 2228 1449 2279 Matth.
1492 2231 1580 2278 sub
1619 2228 1671 2280 S.
1709 2231 1853 2282 Joan.
1891 2233 2212 2299 Chrysostomi

1195 2313 1386 2358 nomine
1403 2311 1632 2377 objectam
1651 2348 1664 2373 ,
1690 2315 1786 2378 jam
1805 2316 2076 2363 monuimus
2101 2333 2213 2380 spu-

1195 2392 1311 2438 riam
1337 2408 1452 2439 esse.

1265 2471 1333 2537 (2)
1368 2472 1523 2522 Tract.
1557 2470 1630 2521 De
1653 2488 1767 2521 vera
1799 2472 1937 2539 reliq.
1980 2486 2095 2540 part.
2137 2492 2208 2538 11,

1200 2571 1330 2620 prop.
1368 2572 1447 2615 iv,
1486 2572 1537 2603 n.
1567 2556 1654 2622 93.

1270 2635 1336 2700 (3)
1373 2636 1474 2686 Cfr.
1502 2637 1723 2688 Bellarm.
1751 2640 1842 2688 loc.
1873 2642 1955 2690 cit.
1977 2639 2212 2690 Harduin.

1200 2716 1330 2766 Acta
1358 2717 1546 2767 Concil.
1576 2729 1694 2770 tom.
1723 2735 1841 2782 vm,
1881 2722 1971 2771 col.
2007 2738 2135 2790 1229
2171 2733 2218 2772 et

1202 2817 1335 2866 seqq.
1354 2799 1462 2849 Nat.
1492 2799 1722 2852 Alexand.
1745 2802 1853 2851 diss.
1876 2820 1956 2851 vm
1974 2805 2024 2851 in
2051 2821 2142 2854 sec.
2159 2823 2220 2853 xv

1202 2891 1247 2930 et
1275 2898 1384 2944 xvr,
1407 2893 1493 2932 art.
1516 2881 1547 2931 5
1568 2920 1582 2944 ,
1620 2886 1702 2949 qui
1733 2887 1944 2950 quamvis
1968 2888 2219 2934 acerrimus

1203 2968 1261 3013 sit
1283 2965 1481 3017 Concilii
1505 2967 1776 3016 Basileensis
1792 2979 2130 3034 propugnator,
2152 2979 2220 3018 at-

1204 3058 1360 3097 tamen
1386 3050 1553 3098 fatetur
1571 3086 1585 3110 ‚
1626 3050 1787 3098 saltem
1817 3067 1872 3099 ex
1899 3051 2081 3100 defectu
2106 3068 2221 3099 con-

1204 3147 1362 3179 sensus
1390 3131 1604 3180 Ecclesiae
1623 3166 1639 3193 ‚
1675 3133 1853 3179 irritam
1882 3132 2020 3181 fuisse
2051 3141 2098 3181 et
2139 3134 2221 3182 de·

1203 3214 1476 3276 positionem
1491 3213 1682 3278 Eugenii
1695 3222 1740 3261 et
1750 3214 1844 3262 elec
1851 3215 2024 3263 tionem
2038 3212 2220 3264 Felicis.

1212 3291 1385 3343 Verum
1441 3298 1632 3343 omnino
1696 3295 1904 3362 legendae
1958 3308 2067 3345 sunt
2121 3299 2224 3345 ani⁴

1206 3375 1547 3426 madversiones
1571 3379 1621 3424 in
1645 3376 1906 3427 Concilium
1932 3379 2190 3428 Basileense
2209 3414 2223 3438 ‚

1207 3474 1322 3523 quas
1346 3459 1426 3506 cit.
1457 3458 1766 3506 dissertationi
1787 3463 1999 3525 apposuit
2036 3459 2220 3506 Ronca-

1207 3538 1313 3603 glia.
1359 3539 1429 3589 De
1465 3539 1555 3589 hoc
1594 3538 1803 3591 Concilio
1852 3543 2021 3591 iterum
2058 3538 2223 3589 redibit

1209 3637 1381 3671 sermo-

1908 3782 1981 3840 15
