2514 4218
309 228 387 285 86
905 245 1104 285 'rasc'r-
1153 246 1221 281 »Ε
1267 244 1411 284 Locis
1454 248 1825 287 rnnozoeicm.

1174 383 1425 445 CAPUT
1465 384 1568 446 ΙΙΙ.

1077 544 1148 581 ΒΕ
1185 543 1460 581 ECCLESIAE
1501 543 1686 582 lions.

393 676 528 734 146.
577 676 635 733 Si
669 670 916 733 Ecclesia
954 670 1168 730 Christi
1217 671 1420 732 vivens
1446 680 1533 731 est
1555 672 1615 732 vi
1636 674 1828 733 mutui
1858 674 2010 735 illius
2049 672 2413 755 commercii),

306 770 465 853 quod
495 771 547 830 ei
587 767 1009 829 vindicavimus
1030 811 1045 841 ,
1075 767 1232 826 inter
1262 767 1517 826 animam
1542 776 1601 826 et
1638 787 1846 850 corpus
1866 814 1883 842 ,
1912 769 2119 852 quibus
2143 784 2370 834 constat
2396 818 2413 849 ‚

308 864 483 925 debet
523 862 844 922 necessario
888 861 1166 943 distingui
1203 860 1276 920 ab
1316 862 1381 920 iis
1426 862 1619 921 nothis
1644 881 1730 922 'ac
1758 865 1967 945 spuriis
2008 867 2374 928 societatibus
2397 914 2414 948 ,

307 982 434 1041 quae
465 958 575 1017 sibi
611 958 874 1018 Ecclesiae
904 957 1147 1038 gloriam
1178 956 1480 1018 vindicant
1502 1003 1518 1032 .,
1564 980 1627 1017 ac
1660 980 1878 1018 nomen
1922 959 2159 1042 quidem
2188 961 2412 1023 habent

309 1054 464 1137 quod
488 1055 714 1128 vivant,
731 1065 793 1112 at
819 1055 1005 1137 reipsa
1028 1064 1272 1112 mortuae
1295 1064 1451 1129 sunt.
1475 1053 1849 1136 Deprehendi
1868 1066 2062 1116 autem
2080 1055 2254 1117 debet
2279 1079 2418 1119 vera

309 1151 525 1210 Christi
544 1149 791 1216 Ecclesia
818 1167 924 1232 per
944 1150 1136 1229 signa,
1162 1170 1292 1230 quae
1313 1149 1376 1207 in
1397 1150 1662 1209 omnium
1690 1150 1882 1209 oculos
1907 1150 2074 1212 facile
2092 1152 2415 1225 incurrant,

307 1268 372 1306 ac
405 1246 558 1305 illius
594 1247 673 1305 ita
702 1246 821 1304 sint
863 1246 1098 1328 propria
1121 1289 1138 1319 .‚
1177 1255 1242 1302 ut
1274 1243 1423 1303 nulli
1450 1245 1545 1304 alii
1574 1246 1867 1321 societati,
1902 1266 2029 1328 quae
2053 1245 2267 1306 Christi
2293 1270 2415 1307 non

308 1344 382 1402 sit
402 1389 418 1419 .,
445 1342 758 1404 convenire
788 1341 1035 1423 possint.
1090 1343 1226 1402 Haec
1254 1361 1428 1422 porro
1451 1341 1612 1421 signa
1631 1387 1647 1417 ‚
1676 1341 2038 1406 characteres
2084 1363 2183 1403 seu
2206 1342 2419 1403 indicia

310 1459 376 1498 ea
405 1450 578 1514 sunt,
615 1460 745 1520 quae
777 1436 952 1517 vulgo
977 1448 1145 1496 notas
1177 1458 1587 1518 nuncupamus
1623 1437 1733 1518 (l).

395 1535 533 1594 147.
583 1535 687 1594 Hae
724 1544 909 1608 notae,
941 1553 1067 1614 quae
1105 1543 1389 1614 praestant
1411 1543 1478 1591 ut
1506 1532 1754 1611 cognitio
1781 1530 1949 1591 nobis
1979 1552 2130 1594 verae
2155 1531 2419 1593 Ecclesiae

310 1628 613 1710 affulgeat,
642 1651 764 1687 non
791 1628 1012 1696 debent
1037 1628 1113 1687 ad
1135 1627 1444 1687 arbitrium
1470 1627 1754 1706 confingi3
1781 1619 2036 1708 alioquin
2060 1648 2422 1710 unaquaeque

316 1736 469 1784 secta
493 1726 654 1806 prius
677 1735 868 1795 nota3‚
908 1745 1037 1804 quae
1061 1722 1240 1801 magis
1273 1721 1382 1780 sibi
1404 1720 1722 1795 arriserint,
1745 1723 1998 1803 reperiet
2018 1767 2035 1797 ,
2075 1743 2285 1804 easque
2311 1720 2421 1780 sibi

312 1819 587 1902 deinceps
618 1815 971 1897 adjudicabit
999 1862 1015 1892 a
1053 1828 1121 1875 ut
1152 1838 1216 1878 se
1253 1817 1423 1876 unice
1460 1836 1662 1877 veram
1699 1837 1821 1876 esse
1862 1815 2078 1876 Christi
2110 1816 2419 1877 Ecclesiam

311 1916 555 1990 inferat;
595 1914 907 1996 nullusque
939 1914 1048 1972 erit
1079 1913 1490 1972 controversiae
1523 1913 1713 1972 exitus
1741 1956 1758 1986 ‚
1795 1912 1881 1970 uti
1922 1913 2110 1994 reipsa
2133 1911 2208 1971 ab
2234 1911 2421 1971 haere-

313 2006 438 2069 ticis
480 2032 712 2092 semper
741 2010 961 2068 factum
994 2020 1082 2068 est
1116 2009 1227 2088 (2).
1260 2007 1490 2067 Debent
1523 2006 1770 2088 proinde
1802 2017 1957 2066 notae
2000 2029 2075 2067 ex
2108 2007 2315 2066 intima
2356 2027 2422 2066 ac

309 2105 602 2164 essentiali
645 2106 825 2186 ipsius
871 2102 1132 2163 Ecclesiae
1170 2125 1202 2160 a
1251 2102 1480 2161 Christo
1519 2102 1802 2161 institutae
1852 2101 2266 2162 constitutione
2318 2123 2419 2161 sua

310 2211 518 2281 sponte
556 2200 766 2259 enasci.

312 2367 376 2412 sit
405 2366 650 2428 neqotium
674 2362 775 2411 illis
794 2362 1099 2427 (haereticis),
1117 2378 1213 2410 non
1228 2361 1326 2409 eth-

310 2448 446 2494 nicos
474 2444 810 2504 σοπυενίθηάἱ,
862 2444 946 2492 sed
972 2453 1156 2492 nostros
1192 2461 1323 2491 ever-

311 2528 445 2577 tendi
460 2526 493 2576 ,Ρ
516 2516 666 2576 Hanc
689 2529 848 2592 magis
874 2525 1080 2592 qloriam
1112 2535 1322 2592 captam,

314 2613 361 2659 si
394 2611 635 2659 stantibus
661 2611 861 2658 ruinam
888 2647 901 2669 ‚
934 2625 1034 2657 non
1058 2605 1327 2675 sijacemi-

319 2694 408 2742 hus
437 2692 744 2741 elevationem
791 2697 1106 2756 operentur...
1151 2689 1327 2738 Nostra

321 2775 592 2843 suffodiunt
615 2812 628 2834 ‚
652 2782 705 2822 ut
743 2789 836 2820 saa
858 2773 1107 2836 aedificent.
1138 2771 1239 2820 Cfr.
1277 2774 1326 2819 in

313 2862 443 2908 hunc
465 2869 640 2908 textum
653 2867 773 2905 notae
786 2855 836 2907 P.
868 2854 931 2903 La
951 2853 1098 2903 Cerda
1117 2889 1132 2914 ,
1158 2873 1209 2902 n.
1230 2851 1330 2917 244

300 2952 358 2990 ⁴et
387 2959 521 3008 seqq.

383 3025 450 3087 (l)
487 3021 804 3072 Bellarminus
825 3057 839 3080 ‚
881 3018 962 3067 De
983 3017 1201 3068 Ecclesia
1231 3019 1326 3065 mi—

314 3105 482 3153 litante
508 3141 522 3164 ,
554 3104 638 3153 lib.
661 3122 730 3161 lv,
756 3119 857 3168 cap.
885 3117 914 3148 2
934 3138 947 3161 ,
982 3111 1068 3149 tres
1095 3097 1327 3149 conditio-

321 3205 403 3235 nes
428 3189 625 3251 assignat
652 3223 665 3247 ,
699 3203 800 3252 quae
837 3197 1111 3232 concurrere
1158 3183 1330 3231 debent

314 3269 373 3316 ad
397 3283 523 3315 veras
542 3277 679 3315 notas
710 3264 1056 3314 constituendas
1079 3279 1094 3314 ι
1127 3271 1174 3311 1⁰
1204 3263 1328 3329 quod

316 3350 516 3400 debeant
540 3366 634 3398 esse
660 3351 877 3414 propriae
906 3357 953 3397 et
986 3363 1081 3394 non
1117 3362 1330 3394 commu-

313 3451 432 3495 nes;
466 3441 518 3481 2⁰
563 3430 765 3480 debeant
800 3449 895 3480 esse
932 3431 1137 3478 notiores
1166 3446 1218 3477 ea
1248 3446 1326 3490 re,

314 3519 448 3583 cujus
474 3524 582 3563 sunt
609 3524 730 3562 notae
755 3529 770 3577 3
814 3514 868 3562 3⁰
908 3512 1106 3561 debeant
1130 3527 1228 3559 esse
1256 3512 1332 3558 iw-

316 3595 603 3665 separabiles
628 3614 653 3644 a
675 3613 780 3645 vera
808 3595 1030 3657 Ecclesia,
1050 3595 1182 3661 cujus
1211 3602 1332 3641 notae

316 3691 438 3729 sunt.
470 3678 593 3746 Quas
623 3678 815 3745 quidem
834 3678 1126 3727 conditiones
1155 3675 1331 3725 ibidem

320 3762 418 3811 fuse
443 3761 626 3812 evolvit.

1476 2361 1541 2425 (2)
1579 2361 1679 2410 Cfr.
1726 2360 1948 2410 Bellarm.
1991 2361 2080 2416 loc,
2121 2363 2201 2409 cit.
2235 2359 2446 2409 ubire-1

1409 2453 1563 2491 censet
1599 2451 1734 2491 notas
1767 2442 1827 2491 ab
1855 2443 2076 2491 haereticis
2103 2444 2377 2508 excogitatas
2400 2477 2415 2499 ‚

1410 2525 1757 2592 ostendititque,
1780 2542 1855 2573 eas
1870 2523 2194 2572 insufficientes
2209 2540 2264 2571 ac
2287 2526 2421 2588 inep-

1410 2617 1478 2655 tas
1511 2625 1608 2656 esse
1637 2607 1695 2655 ad
1723 2608 2003 2671 propositam
2029 2607 2419 2671 inquisitionem3

1410 2698 1519 2735 sunt
1549 2697 1702 2735 autem
1729 2695 1777 2734 1⁰
1805 2703 1909 2735 vera
1935 2696 1980 2735 et
2009 2687 2275 2753 incorrupta
2306 2704 2420 2752 pras-

1411 2769 1580 2817 dicatio
1608 2768 1843 2833 Evangelii
1874 2805 1886 2826 ‚
1915 2777 1967 2816 2⁰
1998 2769 2203 2834 legitima
2228 2771 2423 2818 admini-

1411 2854 1564 2900 stratio
1580 2850 1800 2917 Baptismi
1818 2888 1830 2911 ,
1867 2851 1921 2899 30
1949 2852 2177 2917 legitimus
2202 2871 2311 2901 usus
2325 2852 2421 2901 Eu-

1411 2933 1632 2981 charistiae
1651 2967 1667 2992 ‚
1701 2930 1757 2996 40
1788 2932 2015 2996 legitimus
2045 2952 2154 2983 usus
2182 2935 2383 2983 clavium
2404 2971 2418 2993 ‚

1414 3012 1467 3062 50
1510 3012 1714 3079 legitima
1752 3014 1913 3062 electio
1960 3017 2274 3063 ministrorum
2298 3051 2313 3076 ‚
2362 3012 2418 3063 60

1413 3097 1556 3144 oratio
1586 3094 1771 3160 publica
1795 3132 1808 3154 ‚
1846 3095 2099 3160 psalmodia
2132 3105 2176 3144 et
2205 3096 2423 3144 catechis-

1414 3195 1518 3226 mus
1561 3177 1719 3242 lingua
1774 3176 1950 3241 vulgari
1978 3211 1996 3238 ,
2049 3182 2102 3244 7⁰
2150 3179 2423 3242 mysterium

1414 3261 1561 3308 crucis
1587 3296 1600 3319 ‚
1643 3258 1692 3306 id
1728 3267 1795 3306 est
1816 3294 1829 3317 ‚
1867 3257 2182 3306 tribulationes
2211 3260 2339 3307 intus
2380 3267 2427 3308 et

1414 3351 1544 3390 extra
1559 3379 1573 3403 ,
1590 3340 1783 3406 aliaeque
1804 3340 2027 3405 ejusmodi
2047 3349 2203 3404 postea
2219 3343 2423 3390 invectat.

1414 3423 1567 3472 Etiam
1584 3421 1867 3471 Guillelmus
1898 3422 2079 3471 Palmer
2101 3459 2114 3484 ,
2148 3425 2198 3471 in
2230 3441 2307 3490 op.
2340 3425 2421 3472 cit.

1414 3504 1487 3556 De
1515 3504 1736 3554 Ecclesia
1763 3503 1947 3553 Christi
1963 3542 1976 3565 ,
2011 3516 2133 3570 part.
2166 3523 2184 3554 1
2203 3544 2217 3567 ‚
2249 3524 2352 3572 cap.
2369 3520 2423 3568 2,

1415 3589 1617 3638 excludit
1643 3588 1725 3636 has
1755 3588 1951 3637 diversas
1972 3599 2103 3637 notas
2119 3626 2133 3650 ‚
2166 3591 2419 3655 praesertim

1416 3691 1538 3736 eam,
1557 3690 1658 3740 quae
1667 3675 1880 3722 statuitur
1895 3675 1944 3721 in
1960 3675 2158 3723 veritate
2177 3673 2420 3734 doctrinm,

1418 3775 1525 3807 cum
1566 3756 1764 3807 maxima
1810 3757 2053 3807 hominum
2103 3774 2204 3822 pars
2250 3755 2420 3806 idonea
