2514 4218
373 233 534 272 PART.
578 235 618 270 1.
664 231 818 271 SEGT.
861 233 926 270 11.
974 230 1098 271 CAP.
1138 231 1176 268 l.
1226 233 1294 269 DE
1339 232 1499 268 PETRI
1545 233 1813 272 PRIMATU.

2025 214 2146 273 355

30 376 124 434 hic
166 375 491 457 specialiter
531 374 706 432 fuisse
761 374 1040 448 Petrum,
1095 394 1228 431 cum
1270 371 1458 430 dixit:
1505 374 1580 431 Si
1615 379 1954 451 peccaverit
1980 380 2049 434 in
2097 387 2148 435 te

22 475 224 550 frater
252 482 390 529 tuus
413 515 428 543 .,
463 480 601 542 etc.;
633 468 735 528 sed
763 469 977 527 Christi
1009 467 1185 528 verba
1213 467 1503 547 generalia
1529 480 1669 527 sunt
1689 514 1706 544 7
1737 480 1913 551 atque
1946 470 2022 529 ad
2048 493 2144 531 eos

30 587 233 624 omnes
259 575 561 646 spectant„
599 564 698 644 qui
745 565 809 623 in
840 563 1124 641 ejusmodi
1159 583 1292 621 casu
1335 575 1641 624 versantur
1681 565 1795 644 (l).
1832 567 2103 624 Ceterum
2127 613 2142 638 .,

27 683 160 720 cum
199 659 460 717 Christus
491 659 702 718 dixerit
737 681 751 716 ι
780 662 851 717 Si
868 659 1204 731 Ecclesiam
1237 680 1358 717 non
1387 660 1685 731 audierit,
1729 665 1810 718 sit
1835 661 1951 717 tibi
1985 666 2146 719 sieut

24 756 292 812 ethnicus
303 765 357 811 et
364 756 651 832 publicari.
661 775 749 826 us,
765 763 951 834 patet,
969 751 1205 810 eumhis
1226 752 1418 811 verbis
1433 754 1782 833 significasse
1800 776 2149 814 excommu-

25 849 376 908 nicationem
396 894 411 923 ,
429 870 494 908 ac
510 858 819 930 propterea
849 835 1133 906 Ecclesiae
1149 847 1386 906 nomine
1410 869 1506 907 eos
1521 848 1849 928 designasse
1870 895 1885 923 ,
1918 852 2021 932 qui
2044 851 2146 909 tali

26 955 311 1024 potestate
363 943 679 1017 fruuntur,
725 964 821 1001 eos
879 939 1131 1016 scilicet,
1170 942 1269 1022 qui
1304 941 1378 999 ab
1422 942 1630 1002 eodem
1673 943 1902 1003 Christo
1953 945 2144 1006 claves

24 1051 372 1121 acceperunt
391 1084 407 1112 ,
440 1041 677 1097 Petrum
711 1036 993 1095 nimirum
1019 1047 1079 1094 et
1105 1036 1409 1117 Apostolos
1434 1083 1450 1112 7
1473 1044 1476 1046 ’
1504 1036 1716 1119 quibus
1758 1039 2006 1120 proinde
2028 1041 2146 1100 im-

23 1134 275 1193 mediate
297 1133 557 1192 subdidit
580 1135 808 1193 :Amen
832 1132 964 1189 dico
980 1133 1166 1199 vohis,
1182 1153 1570 1212 quoecumque
1591 1129 2142 1215 allzjqaveritissetc.

105 1228 241 1288 523.
288 1229 377 1288 Ad
419 1229 502 1288 3¹¹¹
533 1275 549 1303 .,
596 1233 747 1288 Dist.
790 1226 1056 1308 Episcopi
1112 1248 1173 1286 se
1218 1248 1422 1288 vocare
1467 1243 1901 1291 consueverunt
1960 1237 2146 1292 mini·

23 1437 121 1468 cem
139 1422 416 1484 superiores,
436 1418 565 1467 nulla
581 1419 854 1466 auctoritate
871 1418 1039 1465 fruun-

22 1512 101 1549 tur
129 1504 176 1549 in
198 1503 310 1550 alios
325 1501 412 1549 sibi
443 1501 656 1566 aequaleS.
694 1499 825 1564 Quod
854 1500 973 1547 vidit
997 1510 1041 1548 et

20 1586 115 1648 ipse
144 1583 397 1641 Calvinus,
437 1585 518 1647 qui
547 1593 646 1630 tum
678 1584 728 1629 in
758 1581 1041 1629 Harmonia

19 1665 231 1730 evanqel.
254 1667 302 1711 in
320 1663 445 1712 hunc
470 1664 564 1712 loc.
585 1679 690 1728 pag.
716 1664 813 1711 213
835 1675 878 1710 et
904 1665 1036 1728 seqq'.

18 1747 129 1795 edit.
160 1745 407 1794 Amstelod.
436 1743 559 1812 1667
580 1782 594 1803 ,
624 1756 725 1793 tum
744 1748 793 1792 in
810 1745 1035 1793 Imtitut.

18 1828 100 1876 lib.
146 1843 220 1887 iv,
258 1845 358 1891 cap.
392 1824 460 1886 8,
493 1824 521 1891 §
562 1826 654 1885 15,
690 1826 827 1875 verba
878 1844 892 1875 ε
935 1826 1038 1874 Dic

17 1907 250 1957 Ecclesiae
268 1945 283 1968 ,
326 1911 513 1973 exponit
542 1909 600 1956 de
628 1908 842 1957 Ecclesiae
878 1919 1037 1973 pasto·

18 1989 143 2037 ribus
165 2026 179 2052 ,
221 1992 301 2056 qui
342 1990 597 2038 senioribus
641 2006 883 2057 synagogae
925 2007 1034 2039 suc-

18 2072 178 2120 cedere
213 2072 478 2131 debebant,
514 2072 686 2137 quibus
717 2070 790 2136 jus
826 2083 921 2121 erat
955 2091 1034 2121 ex-

18 2156 477 2212 communicationis,
511 2165 556 2201 et
593 2155 652 2201 ad
687 2172 803 2220 quos
828 2154 1033 2203 Christus

18 2236 333 2281 accommodat
345 2252 603 2282 sermonem
618 2253 775 2284 suum.
795 2236 1033 2284 Immerito

19 2315 213 2378 proinde
229 2315 424 2363 Castalio
444 2353 458 2375 ‚
489 2315 710 2364 Vatablus
738 2317 906 2383 aliique
930 2336 1034 2382 pro-

18 2407 234 2446 testantes
259 2408 496 2462 exponunt
520 2399 686 2445 Christi
714 2398 854 2447 verba
885 2417 898 2447 :
931 2399 1034 2447 Dic

16 2478 297 2545 reipublice?
314 2518 327 2539 ‚
350 2489 436 2527 aut
453 2481 603 2527 coetui
624 2479 847 2544 fidelium
874 2519 886 2538 ‚
904 2498 1032 2529 com-

18 2562 276 2620 manituti,
301 2561 609 2609 ntulit-studim
627 2598 641 2623 ,
667 2568 760 2609 etc.
791 2562 889 2611 Cfr.
919 2563 1030 2612 Cri-

13 2644 106 2699 tici
137 2643 267 2693 sacri
291 2646 337 2689 in
370 2644 497 2691 hunc
525 2642 618 2691 loe.
652 2642 870 2708 Quamvis
893 2661 1031 2708 porro

17 2723 240 2772 Vatablus
256 2734 508 2789 protestans
527 2742 622 2772 non
640 2725 781 2772 fuerit
797 2762 809 2782 ‚
827 2735 1028 2774 attamen

16 2808 115 2871 ejus
139 2791 466 2854 commentaria
488 2846 500 2865 ‚
531 2818 687 2871 utpote
722 2826 747 2854 a
783 2807 902 2857 Rob.
928 2805 1026 2857 Ste-

19 2887 172 2950 phano
203 2887 441 2935 calvinista
468 2888 658 2936 collecta
688 2899 730 2935 et
761 2889 909 2946 edita,
935 2891 1030 2936 imo

18 2984 217 3032 respersa
232 2980 364 3016 sectae
377 2970 630 3029 erroribus,
659 2980 881 3035 tanquam
899 2988 1031 3018 com·

21 3053 241 3098 mentaria
300 3055 652 3115 protestantium
711 3062 975 3116 spectantur
1012 3091 1026 3113 ‚

22 3131 243 3193 quamdiu
266 3143 515 3199 expurgata
542 3151 639 3182 non
660 3143 786 3182 sunt.

89 3210 159 3271 (l)
197 3210 366 3262 Mirum
394 3225 477 3276 est,
496 3215 780 3265 adversarios
799 3215 1029 3264 affirmare

22 3290 191 3338 Christi
217 3294 356 3343 verba
383 3312 399 3344 ε
423 3295 760 3363 &peccaverit
775 3299 829 3344 in
849 3304 911 3358 te,
936 3308 1027 3347 etc.

2 3373 77 3419 ad
105 3372 290 3424 Petrum
310 3380 492 3441 speciali
522 3381 700 3430 ratione
725 3381 895 3428 directa
911 3398 1027 3441 esse,

24 3472 132 3502 cum
151 3455 241 3504 hoc
262 3459 312 3505 in
340 3459 439 3508 loco
453 3462 580 3513 nulla
599 3462 717 3512 Petri
731 3465 907 3512 mentio
930 3464 1028 3513 fiat.

28 3534 97 3583 Ex
127 3555 220 3603 quo
237 3539 498 3607 colligimus
519 3576 536 3602 ,
565 3561 639 3592 eos
663 3546 910 3596 voluntatis
924 3563 1030 3612 per-

28 3622 238 3670 versitate
258 3625 407 3686 potius
423 3638 569 3688 quam
595 3627 855 3678 intellectus
883 3645 1034 3678 errore

22 3702 296 3769 impugnare
324 3706 597 3756 catholicam
630 3713 885 3761 veritatem.
915 3711 1034 3761 Saue

1123 1419 1212 1481 ipsi
1230 1417 1307 1466 hic
1325 1418 1481 1466 vident
1503 1409 1689 1467 Petrum
1712 1457 1725 1478 ‚
1747 1420 1932 1469 etiamsi
1957 1438 2145 1480 nec-no-

1124 1501 1326 1547 minetur
1352 1499 1512 1548 Petrus
1531 1537 1544 1559 ‚
1575 1501 1874 1564 utinferant,
1890 1501 2143 1553 Ecclesiam

1120 1597 1204 1628 seu
1234 1592 1405 1630 coetum
1442 1582 1651 1629 fidelium
1677 1582 1827 1631 claves
1876 1585 2143 1646 immediate

1119 1662 1490 1710 habere.Contra
1525 1681 1631 1711 vero
1662 1663 1792 1712 Matt.
1836 1682 1912 1713 xv!
1954 1664 2140 1715 Petrum

1121 1762 1215 1793 non
1238 1745 1414 1805 vident,
1439 1748 1617 1794 etiamsi
1641 1746 1708 1794 ibi
1731 1746 1938 1795 Christus
1959 1758 2022 1796 tot
2045 1766 2141 1798 mo-

1118 1830 1187 1877 dis
1219 1828 1336 1876 Petri
1372 1816 1618 1894 personam
1645 1829 1931 1895 designavit,
1960 1841 2012 1880 ut
2037 1849 2135 1881 non

1117 1909 1328 1974 pluribus
1375 1897 1734 1958 circumstantiis
1753 1948 1765 1971 ‚
1818 1914 1886 1959 uti
1934 1915 2138 1977 apposite
2195 1932 2201 1936 ·

1115 1990 1328 2039 observat
1357 1991 1602 2057 Cajetanus
1625 2029 1638 2050 ‚
1672 1993 1932 2041 describere
1959 1995 2139 2044 soleant

1114 2072 1317 2136 aliquem
1345 2083 1521 2121 certum
1550 2074 1788 2121 hominem
1823 2078 1991 2122 notarii
2016 2077 2096 2124 'illi
2119 2115 2132 2136 ‚

1114 2159 1194 2220 qui
1249 2158 1556 2204 instrumenta
1612 2155 1799 2220 publica
1860 2158 2134 2208 conficiunt.

1114 2235 1295 2284 Etenim
1321 2239 1371 2284 in
1409 2240 1566 2301 primis
1591 2237 1897 2286 substantiam
1927 2257 2134 2304 personae

1112 2319 1353 2382 singularis
1379 2336 1458 2380 per
1492 2334 1751 2383 pronomen
1792 2320 1921 2383 tibi;
1962 2322 2133 2370 deinde

1111 2400 1290 2447 addidit
1320 2417 1494 2448 nomen
1533 2401 1735 2448 inditum
1776 2403 1827 2448 in
1857 2405 2093 2451 nativitate
2116 2441 2131 2464 ,

1111 2498 1218 2528 cum
1233 2485 1294 2530 ait
1315 2499 1328 2529 :
1346 2481 1529 2530 Beatus
1546 2499 1612 2543 es,
1631 2481 1821 2532 Simon.
1840 2481 2028 2550 Adjecit
2046 2503 2132 2534 no-

1110 2582 1219 2613 men
1242 2568 1380 2631 patris
1400 2602 1411 2623 ,
1437 2583 1544 2614 cum
1567 2569 1662 2614 ait:
1680 2566 1820 2630 filius
1845 2565 2022 2627 Jonoe,·
2043 2586 2132 2618 nec

1110 2651 1317 2697 omittere
1353 2650 1499 2696 voluit
1532 2667 1701 2698 nomen
1735 2669 1761 2698 a
1788 2668 1836 2700 se
1866 2667 2025 2700 recens
2041 2654 2132 2701 im-

1111 2734 1316 2795 positum
1347 2747 1360 2781 :
1397 2730 1503 2796 qu
1539 2731 1649 2780 dico
1679 2732 1802 2793 tibi,
1849 2735 1966 2798 quia
1999 2742 2053 2782 tu
2079 2752 2138 2792 es

1107 2810 1301 2861 Petrus,
1338 2814 1574 2874 Quorsum
1610 2832 1717 2862 vero
1744 2814 1842 2863 baec
1871 2826 1962 2863 tam
1997 2806 2128 2865 accu-

1109 2907 1204 2943 rata
1236 2897 1478 2960 descriptio
1499 2933 1512 2953 ‚
1545 2896 1583 2943 si
1604 2897 1721 2944 nihil
1749 2901 1835 2961 ipsi
1863 2897 1997 2946 Petro
2022 2917 2128 2964 pro-

1111 2981 1206 3042 prie
1225 2977 1537 3042 promittitur?
1552 2978 1650 3028 cfr.
1668 2978 1868 3028 Bellarm
1881 3017 1891 3028 .
1913 2978 1984 3029 De
2001 2999 2123 3032 rom.

1107 3057 1290 3123 Pontis.
1301 3061 1384 3108 lib.
1408 3080 1443 3115 1,
1464 3078 1562 3124 cap.
1576 3059 1943 3122 12.Attamen,si
1961 3063 2124 3114 adver-

1109 3145 1248 3190 sarios
1288 3144 1447 3191 audias
1469 3182 1480 3199 ‚
1524 3142 1604 3191 hic
1636 3134 1847 3192 Christus
1887 3144 2004 3194 Petri
2034 3165 2122 3196 no-

1111 3225 1237 3271 mine
1261 3225 1535 3288 significavit
1556 3224 1835 3288 Ecclesiam3
1862 3230 1943 3292 qui
1970 3217 2129 3279 tamen

1115 3323 1207 3353 uno
1247 3309 1403 3355 animo
1445 3308 1504 3355 de
1537 3307 1669 3356 Petro
1705 3308 1992 3375 intelligunt,
2026 3329 2127 3377 quae

1111 3387 1229 3436 ibid.
1267 3388 1404 3452 paulo
1435 3399 1535 3452 post
1560 3389 1776 3454 leguntur
1810 3405 1824 3439 z
1863 3389 2004 3440 Vade
2018 3401 2130 3457 pose

1113 3486 1206 3530 me,
1245 3478 1460 3519 satanas.
1502 3470 1668 3521 Nonne
1697 3475 1926 3539 ejusmodi
1957 3475 2124 3539 agendi

1114 3552 1230 3601 ratio
1249 3571 1325 3602 eos
1353 3572 1406 3602 ex
1431 3554 1604 3604 malitia
1630 3571 1818 3620 peccare
1847 3558 2129 3622 apertissime

1115 3633 1351 3686 ostendit?

1752 3799 1850 3859 23.
