2514 4218
508 233 664 274 mar.
714 233 755 270 1.
800 230 922 271 cAr.
971 234 1050 275 1v.
1100 235 1169 271 nn
1210 232 1480 273 noctesve
1522 232 1777 271 nonnus.
2076 210 2193 270 221

90 377 155 436 80
192 376 331 451 Quis
368 373 619 456 denique
652 373 881 453 ignorat
924 374 1137 433 Christi
1174 372 1349 435 verba
1371 419 1387 448 ,
1417 376 1552 433 Luc.
1601 373 1820 447 XVIII,
1850 373 1887 433 8
1929 395 1943 432 z
1989 375 2050 434 F
2055 375 2202 435 ilius

90 473 347 531 hominis
371 472 610 527 veniens
623 511 645 540 ,
661 480 880 548 putas,
910 472 1172 526 inveniet
1188 463 1372 546 fidem
1395 472 1462 526 in
1490 466 1688 526 terra?
1713 468 1789 526 Ea
1825 468 1965 527 item
2000 469 2199 543 Pauli,

92 569 144 626 II
174 565 249 625 ad
277 563 473 623 Thess.
512 565 599 637 11,
628 563 663 621 3
701 585 715 621 :
756 563 907 623 Nisi
939 567 1166 622 venerit
1186 565 1455 621 discessio
1481 566 1797 641 primum,
1830 572 1885 620 et
1913 565 2203 624 revelatus

83 664 279 740 fuerit
299 660 470 737 filius
494 657 768 738 peccati?
806 656 1026 731 Quibus
1057 667 1255 737 aperte
1290 657 1620 737 praedicitur
1648 657 1906 716 defectus
1940 657 2204 719 Ecclesiae

91 754 285 814 totalis
321 755 545 812 futurus
568 799 584 829 ,
625 752 832 812 saltem
867 763 1129 831 tempore
1161 750 1515 835 Antichristi.
1555 753 1714 832 ErgO.

177 850 317 908 340.
366 851 538 930 Resp.
575 848 725 927 Ney.
751 857 878 906 ant.
918 845 1005 905 Ad
1041 845 1120 903 1¹¹²
1153 843 1322 924 prob.
1356 847 1510 905 Dist.
1540 848 1674 905 Non
1704 857 2067 929 sequeretur,
2093 848 2206 908 ho-

92 946 282 1004 mines
330 944 490 1002 omni
534 942 770 1001 destitui
814 939 1013 1000 salutis
1065 939 1256 998 medio
1308 940 1768 1000 extraordinario
1794 987 1810 1017 ,
1865 953 2057 1002 tram.
2113 943 2208 1004 vel

94 1061 252 1100 conc.
267 1059 288 1107 ;
325 1038 650 1113 ordinario,
677 1058 806 1116 neq.
833 1036 967 1093 Jam
997 1055 1135 1094 vero
1152 1078 1169 1109 ,
1194 1034 1429 1115 quando
1449 1034 1710 1094 Christus
1737 1024 2000 1097 condidit
2020 1038 2210 1100 Eccle-

97 1139 242 1197 siam
266 1157 430 1194 suam
446 1180 463 1211 ‚
489 1132 743 1206 intendit
757 1129 1017 1213 proebere
1043 1130 1379 1190 hominibus
1402 1131 1663 1191 medium
1697 1132 2057 1194 ordinarium
2074 1181 2090 1212 ,
2108 1158 2213 1197 seu

97 1232 288 1314 potius
314 1229 708 1290 collectionem
733 1224 1082 1299 mediorum,
1123 1225 1333 1307 quibus
1358 1249 1560 1286 omnes
1585 1228 2096 1290 indiscriminatim
2125 1232 2214 1291 uti

99 1327 304 1408 quovis
346 1337 605 1405 tempore
640 1332 878 1403 possent
918 1320 993 1379 ad
1026 1319 1272 1380 salutem
1319 1320 1430 1379 sibi
1471 1323 1945 1402 comparandam.
1974 1327 2032 1384 Si
2058 1328 2213 1386 Deus

99 1421 377 1484 voluisset
433 1439 541 1500 ope
591 1416 936 1475 interiorum
981 1415 1315 1475 mediorum
1372 1425 1635 1474 nostram
1687 1419 1912 1497 operari
1966 1420 2216 1481 salutem

97 1516 258 1576 nulla
288 1514 485 1573 fuisset
512 1511 770 1571 Ecclesiae
806 1511 1182 1571 instituendae
1217 1512 1365 1570 ratio
1412 1510 1520 1593 (l).
1555 1510 1760 1571 Mediis
1799 1513 2045 1573 internis
2087 1525 2216 1574 tum

101 1599 552 1672 extraordinaria
572 1607 797 1667 ratione
818 1605 985 1665 nobis
1006 1606 1284 1689 prospicit
1309 1609 1486 1681 DeuS,
1506 1606 1741 1688 quando
1767 1606 1929 1666 nulla
1957 1608 2065 1668 alia
2084 1631 2219 1692 sup-

100 1706 247 1787 petit
275 1704 366 1764 via
389 1748 406 1775 ,
442 1724 633 1784 neque
660 1712 859 1760 nostra
895 1700 1065 1782 culpa
1105 1701 1324 1760 factum
1354 1712 1478 1776 est,
1519 1712 1584 1760 ut
1624 1701 1815 1761 media
1847 1701 2015 1761 nobis
2055 1703 2222 1763 ordi-

100 1800 262 1858 naria
294 1797 603 1858 defuerint.
645 1799 798 1855 Deus
828 1796 1003 1855 etiam
1041 1795 1377 1877 posset,hoc
1406 1797 1746 1856 universum
1766 1816 1969 1877 regere
1999 1797 2220 1881 absque

101 1894 284 1953 causis
315 1892 619 1967 secundiS,
657 1890 815 1973 quod
850 1901 1050 1961 tamen
1089 1913 1210 1949 non
1250 1900 1521 1972 praestat,
1559 1891 1606 1949 si
1642 1892 1890 1973 excipias
1919 1914 2080 1951 casus
2107 1915 2221 1953 ex-

104 1989 516 2049 traordinarios
538 2033 554 2063 ,
585 2009 720 2047 cum
738 2008 953 2067 nempe
976 1985 1235 2068 prodigia
1264 1998 1556 2067 operatur.
1580 1986 1750 2059 Quod
1774 2008 1910 2048 vero
1940 1987 2221 2066 adJiciunt

104 2084 417 2145 adversarii
453 2083 524 2143 de
566 2083 973 2161 conjunctione
1012 2103 1116 2164 per
1159 2082 1432 2164 spiritum
1469 2103 1603 2141 cum
1638 2103 1772 2144 vera
1815 2082 2101 2159 Ecclesia,
2147 2084 2221 2145 de

104 2199 298 2238 errore
320 2177 714 2252 ineluctabili,
755 2189 854 2236 aut
891 2177 964 2236 de
998 2177 1280 2237 haereticis
1322 2176 1716 2237 materialibus
1736 2223 1753 2252 ,
1785 2177 1978 2238 locum
2006 2180 2225 2261 pariter

105 2270 321 2332 habere
351 2284 584 2331 tantum
611 2283 807 2353 posset
834 2273 896 2330 in
917 2271 1261 2353 hypothesi,
1291 2272 1450 2353 quod
1473 2276 1624 2333 Deus
1654 2272 1884 2331 nullum
1909 2273 2066 2333 aliud
2092 2296 2225 2335 me-

107 2366 272 2426 dium
304 2366 739 2449 suppeditaret5
768 2387 902 2424 cum
932 2388 1071 2428 vero
1094 2378 1318 2425 constet
1336 2370 1548 2442 Deum,
1583 2367 1695 2426 alia
1728 2368 1952 2427 ratione
1978 2368 2226 2430 voluisse

107 2461 415 2519 hominum
449 2461 623 2519 saluti
654 2459 952 2519 consulere
974 2505 990 2534 ,
1030 2481 1136 2542 per
1176 2461 1611 2520 institutionem
1659 2460 1929 2522 videlicet
1966 2462 2228 2522 Ecclesiae

106 2554 345 2613 visibilis
370 2567 544 2636 atque
578 2566 832 2613 externae
853 2600 869 2630 ,
914 2575 1156 2636 quaeque
1188 2554 1261 2614 ab
1290 2556 1451 2614 omni
1476 2567 1630 2615 secta
1656 2556 1819 2615 facile
1843 2577 2076 2638 semper
2107 2557 2229 2616 dis-

112 2650 268 2709 cerni
299 2650 514 2730 possit,
539 2660 722 2731 patet,
748 2648 953 2708 inutile
979 2671 1215 2730 prorsus
1238 2671 1361 2725 esse
1385 2650 1670 2727 ejusmodi
1703 2651 1982 2731 effugium
2010 2651 2084 2710 ab
2106 2673 2231 2711 aca-

115 2744 340 2803 tholicis
362 2745 776 2824 excogitatum,
813 2744 911 2826 qui
936 2744 1149 2803 nolunt
1172 2766 1371 2805 veram
1399 2745 1709 2829 Ecclesiam
1738 2769 2066 2826 agnoscere.
2096 2749 2231 2808 Haec

75 2896 80 2898 ,
115 2841 273 2899 enim
305 2839 530 2922 aliaque
571 2839 632 2898 id
670 2861 849 2920 genus
881 2851 1021 2899 tunc
1057 2839 1246 2900 solum
1277 2840 1575 2916 valerent,
1621 2842 1669 2900 si
1704 2843 1893 2900 omnis
1923 2844 2014 2902 via
2044 2843 2232 2903 inter-

117 2933 273 2993 clusa
313 2945 459 2995 esset
499 2934 574 2992 ad
612 2935 917 2996 veritatem
948 2934 1402 3009 inveniendam3
1435 2935 1537 2996 sed
1577 2935 1624 2994 si
1662 2957 1825 2995 error
1869 2935 2231 2998 voluntarius

121 3039 236 3102 est,
270 3041 329 3090 et
356 3051 426 3089 ex
456 3028 575 3087 sola
604 3029 918 3110 pertinacia
952 3029 1166 3088 nolunt
1191 3030 1415 3089 sectarii
1447 3052 1577 3090 eam
1609 3035 1916 3110 agnoscere
1943 3076 1959 3107 ,
1997 3032 2108 3114 ipsi
2141 3034 2234 3095 vi-

124 3121 354 3200 derint,
386 3125 435 3183 si
463 3124 782 3206 perniciem
818 3123 928 3183 sibi
964 3124 1363 3204 consciscunt3
1409 3128 1561 3186 Deus
1592 3126 1850 3208 profecto
1885 3126 1947 3186 in
1985 3127 2233 3187 istorum

128 3306 205 3345 tur
242 3316 272 3346 a
312 3303 448 3351 nobis
494 3304 749 3368 (haereticis)
807 3302 1137 3363 schismatici,
1224 3319 1410 3363 versus,
1438 3305 1489 3351 in
1519 3320 1595 3366 op.
1629 3301 1927 3369 Rcasomsbr
1942 3303 2235 3369 becominqa

127 3381 214 3443 qui
240 3382 437 3431 scientes
462 3385 664 3433 volentes
700 3386 759 3434 ab
795 3384 1038 3435 haereticis
1063 3402 1140 3434 or-
1223 3401 1395 3433 roman
1422 3382 1624 3433 catholic
1643 3421 1657 3445 ,
1705 3402 1784 3434 seu
1823 3383 2006 3435 Motioa
2036 3386 2101 3434 ad
2126 3385 2236 3433 reli-

130 3461 292 3509 dinati
313 3473 444 3513 sunt.
546 3524 553 3530 .
1218 3469 1408 3534 qionem
1450 3466 1730 3516 catholicam
1774 3485 2018 3518 romanam
2061 3466 2239 3533 ample-

200 3542 266 3605 (1)
301 3541 406 3591 Hoc
433 3557 755 3608 argumentum
781 3547 992 3613 praeclare
1012 3547 1138 3597 evol-
1219 3551 1471 3612 olendum,
1515 3549 1710 3600 London
1751 3547 1877 3618 1839
1909 3586 1927 3614 ,
1977 3559 2087 3600 sect.
2139 3546 2200 3598 15
2219 3541 2241 3610 ,i

132 3626 196 3672 vit
237 3624 364 3673 Frid.
412 3624 585 3686 Lucas,
635 3645 730 3676 non
767 3632 830 3679 ita
873 3631 1051 3694 pridem
1089 3647 1143 3678 ex
1226 3649 1329 3699 pag.
1353 3630 1413 3681 81
1442 3641 1487 3681 et
1510 3648 1641 3697 seqq.

134 3704 350 3770 Quakeris
368 3706 425 3756 ad
445 3706 716 3774 religionem
739 3710 1014 3760 catholicam
1030 3728 1143 3761 con-
