2514 4218
2087 199 2202 259 189

546 218 702 260 PART.
748 218 790 254 1.
839 218 961 256 GAP.
1010 218 1094 255 111.
1144 218 1210 255 m:
1253 217 1522 256 EchESIAE
1562 218 1740 257 NOTIS.

182 364 317 424 300.
364 362 453 423 Ad
509 361 632 436 3¹¹²..,
703 361 862 420 Disc.
922 380 1095 421 sensu
1137 359 1583 442 uniuscujusque
1625 361 1855 442 privato
1894 363 2152 445 exposita
2177 409 2195 439 ,

98 480 292 528 conc.,·
326 480 359 517 a
385 457 638 538 legitima
672 455 1049 530 auctoritate,
1089 476 1219 534 neq.
1258 456 1473 514 Mirum
1512 467 1599 516 est
1637 459 2030 518 protestantes
2071 472 2203 542 post

97 566 186 613 tot
240 552 562 612 seculorum
606 552 1074 632 experimentum
1125 549 1317 609 adhuc
1358 555 1576 628 jactare
1613 553 1965 634 Scripturam
2020 556 2202 616 veluti

97 670 436 731 supremum
476 647 998 708 controversiarum
1035 643 1295 722 judicem
1343 666 1410 705 ac
1457 647 1719 707 tribunal
1760 648 2198 731 inappellabile‚

96 767 231 804 cum
267 745 390 826 ipsa
428 766 499 803 ex
536 744 900 825 privatorum
941 738 1422 820 interpretatione
1458 744 1663 822 quovis
1696 743 1900 815 ‘seculo
1932 746 2202 805 omnium

96 839 548 911 discordiarum,
576 839 695 897 imo
728 849 787 898 et
808 837 1106 920 haereseon
1140 832 1355 914 parens
1380 836 1654 896 extiterit.
1684 838 1829 897 Cum
1864 840 2024 900 enim
2049 841 2201 900 Scri-

95 947 267 1017 ptura
301 933 448 994 liber
474 934 548 993 sit
576 943 838 992 mortuus
858 974 875 1004 ,
915 933 1149 1009 ejusque
1175 927 1369 987 littera
1393 930 1644 1005 occidat,
1675 943 1740 990 ut
1760 932 2021 1016 loquitur
2048 939 2203 1018 Apo-

96 1030 307 1105 stoluS‚
343 1029 584 1089 evidens
620 1039 741 1102 est,
771 1025 924 1084 illius
957 1043 1194 1086 sensum
1229 1024 1384 1082 inter
1418 1026 1807 1086 protestantes
1830 1050 1862 1087 a
1885 1028 2203 1108 subjectiva

96 1126 547 1205 uniuscujusque
573 1120 940 1206 persuasione
963 1117 1237 1199 pendere.
1264 1119 1510 1200 Spiritus
1536 1125 1658 1198 ejus
1681 1132 1822 1181 tunc
1846 1123 2035 1183 solum
2063 1126 2202 1188 vivi-

94 1219 227 1278 ficat
242 1264 259 1295 ‚
289 1241 423 1278 cum
445 1218 754 1299 Scripturae
771 1213 1037 1292 adjicitur
1057 1212 1344 1292 legitimus
1367 1225 1541 1295 atque
1562 1215 1879 1277 infallibilis
1894 1216 2200 1303 interpres·

96 1316 311 1373 Verum
338 1313 412 1373 de
442 1313 552 1374 hoc
588 1319 933 1389 argumento
973 1319 1196 1389 postea.
1227 1307 1389 1367 ldem
1427 1308 1520 1368 dic
1545 1310 1620 1369 de
1651 1311 1925 1391 symbolis
1951 1315 2059 1396 (in
2088 1316 2203 1398 hy-

94 1409 321 1490 pothesi
336 1407 491 1490 quod
505 1428 570 1465 ea
585 1404 972 1464 admittantur
987 1428 1004 1477 ς
1034 1402 1317 1485 siquidem
1338 1402 1602 1485 plerique
1618 1426 1684 1464 ea
1699 1427 1859 1465 nunc
1874 1411 2139 1486 rejiciunt
2155 1413 2200 1491 )‚

96 1525 224 1585 quae
261 1525 393 1563 cum
430 1500 664 1560 nonnisi
697 1499 982 1581 implicite
1024 1493 1220 1579 plures
1246 1498 1516 1558 articulos
1558 1500 1935 1576 contineant,
1970 1503 2044 1562 de
2078 1505 2202 1564 aliis

96 1621 233 1661 vero
283 1596 456 1679 plane
503 1595 711 1654 sileant
756 1594 879 1676 (l),
925 1595 993 1653 fit
1033 1605 1100 1652 ut
1135 1595 1543 1655 controversiis
1594 1595 1918 1656 innumeris
1960 1619 2202 1682 campus

93 1707 322 1776 semper
344 1692 625 1752 latissime
651 1701 868 1773 pateat.
1565 1699 1577 1712 '
1830 1751 1835 1756 ,

173 1790 312 1849 301.
362 1786 451 1848 Ad
477 1786 594 1863 lim,
626 1789 783 1846 Dist.
821 1787 961 1859 Quae
997 1796 1198 1845 tamen
1235 1785 1467 1845 comitia
1508 1784 1671 1845 nulla
1720 1787 2036 1849 intrinseca
2096 1812 2202 1850 au·
2270 1794 2272 1797 ’

91 1885 354 1944 ctoritate
375 1881 603 1965 pollent
624 1925 640 1955 ‚
671 1879 775 1941 sed
800 1880 989 1940 solum
1022 1880 1345 1941 extrinseca
1371 1891 1431 1940 et
1458 1880 1747 1940 directiva
1760 1926 1783 1955 ,
1819 1893 2007 1943 trans.
2020 1904 2042 1952 ;
2071 1906 2201 1967 quae

1182 2128 1293 2177 ralia
1319 2127 1567 2194 Pittsburgi
1594 2146 1719 2178 anno
1750 2127 1878 2181 1836
1905 2149 2013 2181 eum
2050 2130 2205 2182 absol-

1183 2222 1381 2273 verunt3
1421 2230 1545 2260 anno
1581 2229 1687 2261 vero
1718 2214 1984 2279 insequenti
2018 2216 2204 2264 comitia

94 2134 285 2182 tulimus
314 2133 372 2183 de
403 2130 499 2182 hoc
525 2140 812 2197 argumento.
845 2129 1103 2179 Dissensio-

97 2233 231 2275 num,
250 2233 349 2281 quae
365 2218 488 2264 inter
507 2216 869 2281 presbyterianos
886 2212 1104 2262 Americae

96 2296 464 2362 septentrionalis
523 2298 823 2344 exardescunt
864 2330 878 2353 ‚
948 2312 1106 2342 recens

98 2379 362 2442 exemplum
380 2379 519 2426 refert
538 2376 612 2425 Cl.
645 2375 845 2423 Kenrick
866 2410 884 2435 ,
911 2372 1107 2439 coadju-

30 2479 33 2482 ·
98 2471 168 2508 tor
195 2461 404 2525 Episcopi
427 2457 759 2523 philadelphiae
778 2491 794 2518 ,
829 2460 880 2505 in
903 2469 986 2522 op.
1025 2459 1107 2506 cit.

109 2543 157 2590 T
156 2541 375 2606 heoloqioe
439 2542 715 2606 doqmaticoe
750 2577 763 2600 ,
820 2539 1107 2603 Philadelph.

107 2622 233 2690 1839
250 2633 420 2685 ,.tract.
439 2640 472 2672 ιι
488 2661 501 2683 ,
538 2622 616 2670 De
642 2621 862 2672 Ecclesia
885 2658 899 2682 ‚
919 2639 1021 2686 cap.
1040 2619 1071 2669 8
1091 2658 1106 2681 ,

101 2710 180 2756 De
193 2707 399 2755 unitatis
412 2705 594 2771 defectu
619 2709 669 2754 in
687 2707 840 2763 sectis,
859 2722 964 2769 pag.
993 2701 1105 2766 184,

102 2790 184 2837 ubi
194 2791 352 2852 refert,
370 2791 419 2837 in
432 2788 808 2837 Calvinianorum
823 2787 1018 2835 comitiis
1030 2802 1109 2849 ge-

101 2872 337 2920 neralibus
355 2908 368 2930 ‚
392 2871 582 2936 singulis
615 2871 715 2919 fere
741 2871 895 2929 annis,
923 2875 1109 2917 senten-

92 2955 188 3001 ·tias
207 2953 459 3002 obtinuisse
485 2963 528 3001 et
544 2952 749 3000 obtinere
768 2987 782 3011 ,
812 2967 912 3016 quae
937 2949 1109 2998 alterna

106 3039 202 3086 vice
232 3037 355 3085 illius
398 3034 567 3084 scholoe
610 3050 773 3093 novoe,
807 3048 909 3099 quae
941 3050 967 3080 a
998 3048 1111 3080 con-

107 3118 313 3168 sessionis
355 3118 427 3168 vel
461 3118 695 3182 principiis
729 3116 991 3181 longissime
1025 3115 1110 3162 ab·

108 3199 248 3247 scedit
279 3237 293 3260 ,
335 3201 409 3250 vel
449 3197 615 3248 scholoe
656 3199 803 3246 veteri
841 3197 1111 3246 calvinianae

110 3280 278 3328 favent.
304 3280 456 3345 Quum
470 3292 620 3330 autem
637 3281 1044 3329 commentationes
1059 3279 1109 3324 in

108 3360 356 3425 Epistolam
377 3364 433 3410 ad
450 3363 681 3412 Romanos
697 3400 710 3422 ,
731 3381 757 3412 a
779 3362 978 3429 quodam
996 3360 1108 3408 Bar-

107 3444 233 3489 nesio
277 3441 582 3508 philadephiae
613 3454 718 3493 ante
753 3461 922 3509 paucos
962 3459 1107 3491 annos

107 3523 240 3572 editae
255 3558 272 3584 ‚
311 3523 528 3573 haereseos
572 3526 767 3575 fuissent
794 3525 1101 3584 insimulatae,

105 3607 292 3670 ipseque
313 3622 364 3653 ex
387 3605 548 3669 synodi
567 3609 843 3656 auctoritate
863 3623 889 3655 a
916 3609 1108 3655 munere

103 3687 379 3750 praedicandi
417 3702 661 3752 suspensus
689 3723 703 3749 ,
751 3690 935 3738 comitia
964 3705 1104 3752 gene-

1186 2293 1431 2357 generalia,
1459 2293 1787 2358 philadelphiae
1813 2295 1969 2344 habita
1989 2333 2003 2355 ‚
2042 2314 2205 2346 omnes

1188 2382 1322 2423 novoe
1348 2376 1516 2424 scholae
1554 2376 1756 2424 fautores
1795 2387 1840 2425 et
1875 2378 2122 2439 ecclesias»,
2152 2382 2204 2428 in

1190 2456 1361 2522 quibus
1380 2474 1440 2505 eae
1467 2456 1910 2506 circumferebantur
1939 2461 2199 2524 opinioneS,

1190 2555 1217 2586 a
1241 2540 1467 2586 consortio
1504 2556 1587 2587 suo
1630 2538 1954 2602 absciderunt3
1999 2559 2090 2608 qua
2129 2560 2202 2591 ra-

1191 2620 1316 2668 tione
1360 2621 1563 2668 sexcenti
1603 2621 1699 2669 sere
1733 2621 1997 2685 evauqelici
2035 2640 2204 2689 praeco-

1190 2721 1272 2752 nes
1313 2704 1452 2751 simul
1477 2703 1664 2753 abscissi
1699 2704 1932 2757 dicuntur.
1973 2707 2098 2757 Talis
2135 2721 2204 2760 est

1190 2801 1276 2848 pax
1290 2793 1335 2832 et
1350 2786 1609 2846 concordia,
1633 2803 1736 2853 quae
1757 2789 1876 2836 inter
1897 2792 2105 2840 sectarios
2133 2792 2202 2841 ef-

1190 2867 1410 2916 florescit.

1261 2948 1333 3012 (1)
1366 2947 1498 2997 Nihil
1526 2966 1635 2998 sane
1660 2951 1711 2998 in
1748 2947 1967 3016 symbolis
1996 2970 2203 3019 expresse

1192 3029 1360 3078 dicitur
1375 3030 1432 3080 de
1443 3032 1785 3097 justificatione,
1802 3033 1859 3080 de
1874 3032 2199 3097 Sacramenfis,

1192 3112 1249 3160 de
1277 3113 1386 3161 reali
1427 3113 1595 3161 Christi
1636 3117 1876 3178 praesentia
1918 3117 1970 3163 in
2018 3115 2202 3167 Eucha-

1191 3196 1317 3244 ristia
1349 3195 1541 3263 aliisque
1572 3197 1798 3262 ejusmodi
1835 3199 2073 3263 permultis
2096 3237 2112 3261 ‚
2143 3201 2202 3250 de

1191 3278 1362 3344 quibus
1374 3283 1489 3328 acris
1512 3282 1632 3349 inter
1656 3279 1941 3341 Catholicos,
1969 3292 2109 3349 atque
2122 3285 2199 3332 in-

1191 3369 1258 3408 ter
1302 3365 1513 3412 sectarios
1553 3361 1612 3410 ad
1659 3362 1858 3411 invicem
1900 3367 2216 3427 controversia·

1191 3451 1276 3491 est.
1301 3433 1534 3495 Sociniani
1557 3442 1812 3492 abutuntur
1844 3446 2053 3511 symbolo
2092 3462 2204 3509 apo-

1189 3525 1346 3574 stolico
1376 3527 1435 3576 ad
1465 3543 1545 3576 sua
1581 3541 1788 3591 perversa
1812 3525 2026 3593 dogmata
2052 3525 2206 3576 vindi·

1190 3606 1358 3655 canda.
