2514 4218
289 134 410 194 452
915 148 1114 185 macr.
1164 148 1229 181 nn
1277 146 1427 184 meis
1476 138 1853 184 Tnnoioeicis.

290 306 371 360 sit
408 296 834 357 celebrandum
861 341 876 362 ‚
905 294 1017 350 tali
1041 311 1175 349 vero
1203 291 1488 367 Pontifex
1509 301 1745 363 careat,
1777 312 1883 349 nec
1895 296 2048 368 jure
2066 300 2435 357 convocandi

296 394 555 455 Concilii
583 391 847 471 yaudcrc
889 389 1075 471 possit
1106 386 1215 462 (l).
1252 384 1319 443 30
1349 385 1519 458 Quod
1557 386 1603 442 si
1639 407 1943 465 progressu
1969 390 2249 469 temporis
2275 413 2424 452 rom.

291 488 559 550 Pontifex
624 484 927 544 consuevit
990 502 1312 541 convocare
1368 479 1622 539 Concilia
1671 480 1960 559 generalia
1991 527 2007 555 ‚
2071 505 2206 543 cum
2256 489 2430 547 nulla

290 589 383 645 leoe
418 586 629 643 divina
680 591 794 639 aut
828 580 1218 637 ecclesiastica
1258 587 1409 636 eoetct
1426 621 1445 647 ,
1488 599 1622 655 quae
1661 581 2135 636 convocationem
2170 603 2427 659 yenera-

285 684 441 740 lium
489 678 896 738 Conciliarum
933 694 1082 731 rom.
1112 674 1399 752 Pontifici
1424 682 1711 741 reservet,
1763 677 1941 730 tacito
1979 673 2346 753 Principum
2375 689 2431 738 ct

289 776 708 837 Ecclesiarum
757 774 1167 846 consensujus
1191 770 1297 827 lioc
1334 790 1485 827 rom.
1518 758 1805 846 Pontifici
1847 769 2170 827 dimissum
2197 774 2425 848 fuisse,

294 868 611 931 dicendum
637 878 726 926 est
763 866 874 948 (2).
912 866 979 923 40
1004 865 1152 936 Aut,
1180 866 1226 923 si
1256 864 1450 946 placet
1477 910 1493 939 7
1536 862 1921 923 tribuendum
1950 862 2060 922 hoc
2098 866 2208 923 erit
2247 889 2429 928 usur-

279 968 531 1047 pationi
554 985 702 1022 rom.
734 962 1080 1020 Pontificum
1103 1007 1118 1035 7
1161 961 1261 1043 qui
1299 960 1494 1020 medio
1528 982 1654 1020 aevo
1691 964 1755 1018 in
1796 971 1960 1018 tanta
1997 962 2302 1041 potestatis
2336 984 2429 1021 sa·-

289 1082 399 1121 crae
439 1070 497 1120 et
526 1058 784 1141 profanae
809 1060 1191 1136 confusione,
1209 1063 1307 1135 jus
1331 1057 1581 1139 Imperio
1614 1056 1762 1117 adeo
1786 1055 2110 1137 pretiosum
2139 1077 2204 1116 ac
2227 1078 2430 1118 neces-

287 1158 504 1216 sarium
546 1155 891 1236 eripuerunt
939 1153 1050 1235 (3).
1104 1152 1170 1211 50
1214 1154 1367 1213 Sane
1420 1154 1609 1235 prima
1671 1152 1927 1211 Ecclesiae
1979 1163 2150 1213 astate
2200 1175 2428 1215 summe

289 1251 645 1313 conveniens
688 1260 849 1322 erat,
887 1260 954 1308 ut
998 1270 1308 1329 supremus
1352 1250 1650 1330 imperans
1690 1248 2015 1307 Concilium
2047 1262 2427 1326 convocaret,

293 1345 773 1430 quandoquidem
810 1345 1057 1404 Ecclesia
1095 1360 1205 1404 ne‘c
1239 1345 1506 1421 sciverit,
1542 1344 1836 1426 quomodo
1861 1343 2031 1403 aliter
2055 1345 2180 1405 haec
2215 1368 2428 1408 convo—

291 1449 443 1504 catio
497 1442 727 1501 institui
772 1440 1045 1514 deberet,
1090 1443 1347 1499 romanis
1403 1461 1542 1499 vero
1593 1440 1889 1521 Episcopis
1935 1461 2013 1499 ne
2062 1441 2125 1498 in
2168 1453 2427 1502 mentem

296 1539 535 1623 quidem
553 1538 780 1598 venerit
803 1582 821 1614 ‚
853 1542 949 1615 jus
967 1536 1080 1597 hoc
1105 1559 1213 1619 pro
1244 1558 1305 1596 se
1335 1535 1638 1613 adserere3
1675 1557 1988 1596 erroneum
2014 1549 2213 1597 autem
2238 1537 2385 1598 foret
2411 1585 2426 1613 ,

294 1636 370 1696 ad
404 1637 638 1695 tacitam
681 1635 828 1713 juris
863 1633 1035 1711 hujus
1081 1632 1154 1691 ab
1189 1630 1436 1692 Ecclesia
1492 1633 1809 1714 imperanti
1846 1633 2057 1692 factam
2113 1635 2428 1695 cessionem

291 1752 607 1814 provocare
634 1730 743 1810 (4).
775 1732 940 1810 Ergo,

375 1828 517 1886 661.
565 1828 737 1908 Resp.
770 1828 873 1900 ΙΨ,
910 1827 1065 1885 Disc.
1097 1827 1176 1884 Ex
1207 1847 1502 1886 consensu
1533 1848 1682 1886 rom.
1718 1827 2011 1887 Pontificis
2040 1874 2056 1903 ,
2096 1849 2258 1888 conc.
2269 1853 2288 1895 ,-
2319 1850 2427 1887 au-

292 1924 557 1984 ctoritate
591 1922 826 2004 propria
849 1967 865 1998 ‚
907 1945 1037 2002 neq.
1081 1922 1313 1981 Etenim
1352 1923 1399 1980 si
1445 1921 1649 1983 divino
1687 1928 1859 2001 jure,
1905 1926 1990 1983 uti
2029 1923 2426 1999 ostendimus,

292 2041 447 2078 unus
487 2039 634 2077 rom.
676 2017 948 2076 Pontifex
996 2019 1341 2077 auctoritate
1395 2017 1579 2100 pollet
1612 2019 1685 2090 ,in
1739 2040 1944 2079 omnes
2001 2020 2352 2102 Episcop053
2386 2021 2434 2078 si

291 2116 395 2173 uni
422 2135 569 2174 rom.
604 2114 867 2174 Pontifici
895 2135 1042 2172 onus
1065 2113 1357 2174 incumbit
1379 2113 1658 2197 pascendi
1693 2117 2037 2176 universum
2073 2115 2435 2176 dominicum

292 2232 555 2291 gregem‚
603 2210 727 2292 ipse
763 2210 1021 2291 profecto
1061 2210 1219 2268 solus
1245 2211 1618 2293 vipprimatus
1648 2213 1736 2271 sui
1762 2224 1958 2294 potest
1992 2213 2280 2294 generalia
2306 2234 2435 2272 con-

292 2306 420 2366 cilia
440 2327 784 2368 convocare.
807 2309 962 2365 Dum
985 2306 1161 2386 igitur
1181 2306 1419 2366 historia
1443 2307 1676 2367 videtur
1701 2308 2159 2390 Imperatoribus
2180 2308 2437 2369 tribuere

294 2401 779 2463 convocationem
814 2401 1241 2477 Conciliorum‚
1277 2402 1522 2483 intelligi
1566 2404 1630 2463 id
1660 2403 1838 2464 debet
1881 2404 1954 2464 de
1996 2405 2433 2475 convocatione,

292 2507 360 2556 ut
395 2498 474 2556 ita
507 2497 717 2579 loquar
741 2542 757 2571 ,
781 2488 1132 2571 mamistiali5
1164 2519 1288 2557 non
1326 2510 1526 2558 autem
1565 2499 1640 2558 de
1667 2502 2083 2561 convocatione
2098 2503 2359 2580 formali
2379 2512 2438 2560 et

293 2596 599 2674 legitima,
641 2615 773 2675 quae
807 2593 972 2652 nullo
1023 2594 1199 2653 modo
1241 2606 1575 2677 competere
1621 2607 1816 2678 potest
1855 2596 2098 2678 politicae
2139 2597 2431 2679 potestati.

293 2689 442 2750 Sane
474 2711 596 2748 non
619 2690 840 2749 desunt
870 2688 1244 2763 documenta,
1280 2711 1409 2772 quae
1434 2691 1772 2766 ostendant,
1800 2693 1992 2773 priora
2025 2691 2278 2752 Concilia
2332 2714 2439 2751 au-

294 2786 596 2862 ctoritate,
622 2786 885 2845 suasione
909 2830 927 2862 ‚
957 2806 1241 2845 consensu
1280 2805 1434 2845 rom.
1477 2787 1827 2846 Pontificum
1855 2788 2028 2848 fuisse
2064 2788 2137 2847 ab
2183 2790 2437 2870 Impera-

294 2882 516 2942 toribus
547 2882 782 2943 indicta.
819 2885 904 2942 De
934 2882 1193 2942 Concilio
1222 2884 1457 2944 Nicaeno
1506 2886 1529 2943 Ι
1589 2897 1815 2945 constat
1858 2908 1928 2946 ex
1977 2885 2256 2954 Patribus⁴
2281 2887 2437 2945 Con-

295 2975 408 3034 cilii
451 2977 1087 3060 Constantinopolitani
1136 2980 1215 3038 ΙΙΙ
1256 3026 1271 3053 .,
1323 3002 1479 3039 anno
1519 2981 1639 3040 680
1696 2981 2014 3056 celebrati,
2070 2982 2207 3064 qui,
2265 2981 2428 3041 nullo

295 3084 694 3151 repugnante,
730 3075 792 3132 in
843 3073 1355 3134 acclamationibus
1404 3076 1681 3136 dixerunt
1716 3101 1729 3135 :
1783 3081 1979 3138 Arius
2012 3080 2240 3137 divisor
2284 3079 2428 3138 Tri-

366 3263 429 3327 (1)
458 3262 595 3311 ,Idem
616 3267 665 3312 in
689 3265 1092 3316 Tractatiuncula
1108 3269 1313 3316 Jesuitoe
1470 3271 1542 3334 (Ii)
1578 3269 1645 3318 Ita
1664 3269 1937 3329 Planckius‚
1971 3274 2021 3318 in
2048 3288 2124 3335 op.
2148 3269 2428 3319 Geschichte

298 3343 694 3410 Heidelberqemi
722 3348 924 3410 (Anton.
953 3347 1203 3414 Schmidt)
1233 3367 1315 3416 op·
1399 3351 1483 3399 der
1570 3351 1820 3401 christlich
1843 3352 2177 3401 -kirchlichen
2244 3351 2426 3401 Gesell-

288 3429 480 3492 posita,
510 3445 618 3492 opp.
653 3438 763 3476 tom.
796 3435 868 3479 m.
1398 3433 1858 3499 schaflsverfassunq
1878 3473 1890 3495 ‚
1930 3453 2009 3485 seu
2048 3434 2275 3484 Historia
2312 3451 2426 3483 con-

360 3509 431 3571 (2)
468 3508 597 3557 Idem
624 3509 712 3557 loc.
738 3513 816 3560 cit.
846 3529 898 3560 ex
923 3531 1059 3578 opere
1085 3514 1156 3564 De
1188 3523 1317 3563 statu
1399 3517 1668 3564 stitutionis
1704 3516 1899 3565 socialis
1935 3518 2217 3566 christiana?
2254 3514 2423 3568 Eccle-

299 3589 559 3651 Ecclesioe‚
594 3601 686 3640 etc.
1403 3600 1490 3647 sioe
1507 3635 1520 3660 ,
1547 3607 1667 3663 part.
1710 3616 1728 3647 1
1758 3637 1769 3661 ‚
1807 3617 1909 3666 pag.
1938 3597 2058 3650 680.

360 3671 424 3735 (8)
463 3673 532 3722 Ita
559 3672 759 3739 Pehem,
788 3674 877 3725 loc.
914 3678 992 3727 cit.
