2514 4218
396 209 553 249 mar.
602 208 642 246 1.
685 207 835 246 snc'r.
881 209 946 247 11.
990 208 1112 246 car.
1161 209 1203 246 1.
1252 209 1318 244 nn
1362 208 1521 246 remu
1565 208 1835 245 PRIMATU.
2050 183 2168 244 349

60 356 217 433 tiali3
254 352 410 436 quod
437 363 713 435 praeterea
748 354 919 411 Petro
973 374 1227 412 seorsum
1272 351 1546 411 collatum
1600 361 1723 422 est,
1765 371 1885 407 non
1926 361 2013 408 est
2056 350 2173 408 nisi
2209 380 2215 384 ·

60 449 496 534 superadditum
557 459 616 507 et
672 447 1040 507 accidentale.
1113 449 1258 527 Ergo
1319 468 1522 506 omnes
1577 444 1835 526 Apostoli
1888 466 2054 525 pares
2103 445 2169 503 in

60 543 406 603 auctoritate*
433 543 691 601 fuerunt.
739 542 973 621 Rigidus
1001 562 1177 623 porro
1212 540 1426 619 logicus
1464 542 1544 599 ita
1584 538 1954 598 concluderet
1990 564 2005 597 ε
2034 562 2169 619 ergo

61 659 262 698 omnes
279 636 534 719 Apostoli
561 658 728 719 pares
754 636 990 718 quidem
1019 635 1256 694 fuerunt
1280 636 1341 693 in
1360 645 1638 714 potestate
1664 639 1784 693 sive
1818 638 2173 692 auctoritate

58 734 375 811 apostolica
414 735 744 791 intrinseca
775 743 830 789 et
862 731 1201 800 essentiali,
1254 730 1496 788 minime
1530 751 1667 792 vero
1693 728 1884 811 quoad
1909 740 2172 810 potesta-

61 838 183 887 tem
218 828 340 888 sive
378 829 778 886 auctoritatem
816 825 1197 884 extrinsecam
1227 868 1243 897 ,
1289 824 1702 884 accidentalem
1729 847 1794 884 ac
1824 823 2171 906 superaddi—

59 935 182 982 tam
215 968 231 998 .,
281 944 394 1003 qua
432 925 633 982 Petrus
676 918 1135 980 constituebatur
1181 920 1442 1000 superior
1472 920 1708 1001 reliquis
1753 921 2074 1003 ApostoliS,
2111 930 2173 979 et

61 1041 175 1100 qua
238 1018 458 1100 aliquid
504 1015 877 1096 adjiciebatur
908 1035 1082 1095 super
1123 1014 1314 1096 ipsum
1353 1015 1753 1095 Apostolatum
1775 1037 1874 1075 seu
1918 1017 2174 1076 auctori-

56 1126 240 1173 tatem
283 1113 674 1196 apostolicam.
713 1112 1078 1191 Quapropter
1106 1109 1311 1168 Petrus
1339 1111 1426 1168 uti
1468 1132 1662 1170 merus
1690 1111 1998 1192 Apostolus
2028 1111 2167 1170 nul-

56 1208 180 1268 lum
208 1214 305 1288 jus
332 1255 348 1284 ‚
395 1207 625 1267 nullum
661 1206 959 1283 officialem
987 1205 1304 1285 primatum
1342 1227 1607 1265 exercere
1655 1207 1939 1288 potuisset
1991 1228 2167 1289 super

57 1316 278 1364 ceteros
309 1301 608 1385 Apostolos
629 1346 644 1375 .,
684 1320 875 1381 neque
909 1299 1168 1380 Apostoli
1196 1320 1462 1359 exercere
1494 1300 1697 1359 itidem
1720 1302 2046 1382 potuissent
2067 1324 2170 1361 su—

57 1421 164 1481 per
204 1402 440 1458 Petrum
473 1407 532 1457 et
561 1395 707 1454 alter
745 1395 808 1452 in
845 1393 1131 1469 alterumt,
1164 1406 1225 1453 at
1260 1414 1398 1454 vere
1442 1397 1645 1454 Petrus
1679 1397 1964 1476 potuisset
1991 1418 2168 1479 super

58 1494 309 1576 reliquos
326 1513 527 1552 omnes
563 1511 829 1551 exercere
870 1491 929 1551 vi
955 1489 1105 1549 illius
1134 1490 1438 1572 potestatis
1469 1500 1530 1548 et
1573 1491 1929 1550 auctoritatis
1959 1513 2169 1573 super-

58 1588 266 1648 additae
296 1633 313 1663 ,
382 1607 558 1668 quam
607 1608 713 1644 nos
790 1585 1109 1666 primatum
1158 1606 1454 1647 vocamuS.
1517 1584 1748 1644 Falsum
1811 1608 1985 1667 porro
2034 1598 2122 1646 est
2150 1632 2167 1661 ‚

57 1685 102 1743 si
145 1687 347 1743 Petrus
379 1683 441 1742 vi
474 1681 757 1762 primatus
794 1680 1079 1762 potuisset
1111 1691 1461 1762 potestatem
1497 1701 1669 1762 super
1696 1680 1836 1739 alios
1865 1681 2169 1762 Apostolos

55 1798 320 1838 exercere
347 1820 363 1852 7
404 1775 771 1836 essentialem
797 1775 1010 1835 exinde
1038 1786 1214 1857 atque
1250 1777 1623 1835 intrinsecam
1650 1775 2044 1835 differentiam
2080 1778 2169 1835 in-

55 1884 145 1933 ter
174 1876 410 1933 Petrum
445 1882 505 1932 et
536 1871 839 1954 Apostolos
873 1871 1124 1952 reliquos
1169 1871 1477 1952 consequi3
1525 1872 1747 1931 etenim
1775 1871 1884 1930 hoc
1928 1872 2171 1953 quidem

56 1969 303 2028 oriretur
325 2013 341 2043 ,
389 1968 435 2026 si
478 1968 792 2027 intrinseca
822 1965 947 2026 haec
974 1966 1177 2026 fuisset
1222 1978 1476 2047 potestas
1513 1968 1890 2044 Apostolatui
1921 1969 2172 2046 speciali

56 2064 243 2136 Petri,
274 2064 406 2144 quia
444 2064 633 2144 reipsa
668 2073 810 2120 tunc
826 2062 889 2119 in
923 2060 1254 2145 apostolatu
1283 2083 1490 2121 omnes
1526 2084 1648 2120 non
1689 2062 1930 2122 fuissent
1959 2084 2126 2144 pares
2147 2109 2166 2137 ‚

57 2158 160 2217 sed
198 2160 401 2216 Petrus
434 2158 494 2218 vi
516 2157 869 2237 apostolatus
903 2157 990 2216 sui
1019 2158 1237 2217 caeteris
1273 2158 1574 2217 emineret.
1612 2158 1759 2217 Cum
1790 2179 1928 2219 vero
1953 2180 2074 2217 non
2109 2160 2172 2219 vi

58 2252 413 2335 apostolatus
444 2297 460 2327 ,
510 2251 615 2310 sed
649 2252 707 2312 vi
757 2253 1040 2333 primatus
1086 2252 1444 2334 superadditi
1482 2252 1827 2334 apostolatui
1865 2252 2174 2335 eidemque

59 2348 365 2407 extrinseci
401 2350 603 2407 Petrus
643 2347 844 2406 ceteris
880 2347 1186 2428 praefectus
1210 2347 1419 2420 fuerit,
1462 2346 1682 2427 liquet,
1723 2347 1933 2406 exinde
1969 2349 2172 2407 inferri

58 2443 218 2501 haud
256 2464 422 2524 posse
447 2443 823 2501 intrinsecam
848 2453 908 2502 et
930 2441 1296 2502 essentialem
1326 2443 1481 2501 inter
1506 2445 1770 2518 Petrum,
1801 2454 1976 2524 prout
2013 2445 2175 2524 Apo-

61 2537 245 2598 stolus
277 2549 398 2613 est,
450 2548 508 2597 et
537 2536 838 2619 Apostolos
876 2537 1128 2619 reliquos
1160 2537 1571 2598 differentiam.
1615 2539 1857 2620 Insuper
1893 2560 1964 2598 ex
2005 2537 2172 2596 dictis

60 2632 379 2713 colligimus
400 2678 415 2707 ,
441 2655 558 2714 quo
581 2654 755 2692 sensu
779 2632 1056 2692 Catholici
1082 2645 1292 2694 vocent
1307 2633 1460 2692 hanc
1485 2633 1638 2692 Petri
1668 2633 2172 2714 praeeminentiam

60 2729 443 2789 extrinsecam
471 2739 531 2787 et
552 2729 979 2787 accidentalem
1004 2773 1019 2802 .‚
1038 2740 1325 2810 quatenus
1359 2751 1573 2811 nempe
1589 2739 1796 2788 natura
1814 2751 1915 2787 sua
1940 2730 2020 2788 ita
2044 2751 2170 2788 non

58 2823 309 2882 in'haeret
349 2822 727 2904 apostolatui,
764 2823 953 2882 multo
992 2844 1131 2884 vero
1180 2825 1374 2883 minus
1417 2824 1692 2907 peculiari
1733 2822 2006 2905 Apostolo
2047 2845 2175 2906 prae

60 2919 210 2993 alio,
249 2930 316 2977 ut
350 2918 649 2992 Christus,
705 2918 753 2977 si
799 2917 1037 3000 quidem
1081 2918 1134 2978 ei
1189 2918 1536 3000 placuisset,
1584 2941 1705 2977 non
1753 2919 2038 3002 potuisset
2077 2917 2176 2977 alii

61 3025 450 3097 praeterquam
522 3012 807 3096 Apostolis
867 3013 1184 3095 primatum
1250 3015 1554 3090 conferre,
1615 3034 1865 3095 eumque
1917 3012 2176 3073 tribuere

62 3108 98 3166 J
102 3110 273 3167 oanni
292 3154 309 3184 .,
335 3111 371 3168 J
375 3107 552 3168 acobo
570 3154 586 3183 ‚
630 3108 726 3170 vel
742 3110 794 3167 M
803 3107 1017 3167 atthaeo
1039 3109 1230 3190 potius
1251 3131 1427 3191 quam
1445 3112 1633 3169 Petr0.
1655 3109 1926 3169 Ceterum
1950 3153 1968 3184 ,
1994 3106 2176 3168 semel

62 3223 95 3260 a
131 3203 355 3263 Christo
389 3205 656 3263 instituto
683 3204 941 3285 primatu
964 3204 1027 3262 in
1050 3203 1296 3264 Ecclesia
1328 3226 1428 3263 sua
1460 3204 1532 3263 ad
1555 3208 1676 3281 ejus
1706 3204 1995 3263 unitatem
2021 3217 2186 3263 con-'

64 3295 415 3356 stituendam
442 3311 501 3359 et
536 3298 1034 3370 conservandam,
1063 3298 1157 3357 hic
1182 3300 1466 3381 primatus
1484 3303 1609 3376 jam
1625 3298 1943 3358 essentialis
1961 3310 2049 3358 est
2063 3298 2172 3379 ipsi

65 3388 323 3450 Ecclesiae
355 3395 787 3470 constitutioni,
828 3415 1012 3476 eoque
1054 3393 1314 3469 sublato,
1345 3395 1536 3453 unitas
1576 3414 1639 3453 ac
1664 3416 1770 3474 per
1811 3413 2167 3474 consequens

64 3483 337 3559 Ecclesia,
375 3500 550 3568 prout
576 3510 608 3548 a
633 3490 863 3549 Christo
903 3489 1171 3549 instituta
1194 3501 1314 3564 est,
1355 3487 1530 3571 plane
1583 3487 1969 3550 delaberetur.
2024 3486 2176 3546 Adeo

56 3576 173 3636 sibi
203 3577 458 3641 illudunt
486 3578 918 3667 impugnatores
951 3583 1247 3645 catholicae
1276 3583 1570 3645 Ecclesiae!
