2514 4218
266 179 385 241 192
851 194 1054 236 macr.
1103 192 1173 229 nn
1214 188 1368 229 iocis
1410 191 1794 233 rnssoioeicrs.

262 361 480 425 nempe
521 335 1199 419 constantinopolitan03
1244 336 1639 414 graeco-russa‘
1667 360 1809 399 vero
1847 340 1912 399 in
1942 349 2140 399 sancta
2170 342 2392 422 synodo

262 436 693 523 petropolitana
717 441 1123 517 permanente.
1157 429 1224 489 40
1248 432 1376 504 Quo
1403 432 1761 509 factumest,
1791 448 1859 496 ut
1885 437 1996 496 hoc
2033 437 2394 496 auctoritatis

263 533 556 618 principio
588 555 708 592 non
734 529 923 588 solum
957 527 1154 586 unitas
1192 527 1489 607 regiminis
1514 572 1529 601 .,
1568 548 1776 588 verum
1809 533 1986 591 etiam
2032 534 2225 592 unitas
2260 533 2398 592 fidei

264 642 419 690 sarta
469 640 736 708 tectaque
779 623 843 682 in
885 633 1133 705 utraque
1182 622 1427 683 Ecclesia
1475 636 1817 686 conservata
1866 627 2060 688 fuerit.
2115 630 2182 688 50
2229 628 2398 703 Quod

266 727 426 787 enim
462 724 673 783 attinet
698 719 774 778 ad
803 719 1114 778 articulum
1150 720 1226 780 de
1261 722 1643 803 processione
1664 721 1910 803 Spiritus
1953 724 2149 784 Sancti
2172 747 2205 785 a
2230 729 2401 785 Patre

266 834 327 883 et
353 821 491 881 Filio
511 861 533 892 ‚-
553 827 941 898 praeterquam
960 816 1118 899 quod
1141 837 1302 876 mera
1318 829 1408 878 est
1424 817 1621 899 opinio
1639 863 1654 892 ,
1688 840 1819 900 quae
1845 839 1951 900 per
1974 818 2090 879 duo
2116 820 2192 878 ad
2208 826 2400 881 minus

265 916 452 978 secula
482 923 620 973 ante
645 912 1380 1002 Michaeletherularium
1404 912 1649 974 tolerata
1675 925 1795 991 est,
1824 916 2042 998 quippe
2072 914 2404 976 differentia

266 1015 496 1073 Graecos
520 1011 677 1070 inter
696 1021 755 1070 et
774 1010 1010 1070 Latinos
1036 1003 1296 1069 verbalis
1316 1010 1707 1092 potiusfuerit
1728 1032 1907 1092 quam
1934 1011 2130 1086 realiS‚
2159 1022 2227 1070 ut
2254 1031 2407 1094 prae-

265 1107 576 1167 stantiores
614 1105 782 1165 latini
810 1104 1072 1185 theologi
1100 1106 1234 1165 fassi
1268 1117 1407 1164 sunt
1439 1107 1566 1188 (l),
1603 1108 1651 1165 si
1688 1128 1802 1189 qua
1830 1107 2060 1166 novitas
2089 1108 2151 1166 in
2179 1129 2247 1167 eo
2276 1118 2364 1167 est
2386 1152 2403 1184 ‚

266 1204 389 1265 haec
411 1225 482 1263 ex
518 1202 862 1262 Latinorum
889 1202 1081 1284 potius
1103 1213 1271 1284 parte
1297 1223 1358 1262 se
1384 1213 1548 1263 tenet
1574 1225 1751 1285 quam
1780 1225 1851 1262 ex
1872 1214 2041 1286 parte
2076 1206 2407 1263 Graecorum

268 1312 443 1382 atque
485 1298 700 1359 idcirco
749 1296 928 1358 etiam
974 1300 1311 1358 Russorum.
1360 1300 1427 1358 6ο
1458 1301 1680 1359 Neutra
1723 1311 2004 1382 praeterea
2056 1299 2303 1359 Ecclesia
2347 1321 2409 1360 se

267 1397 562 1480 separavit
597 1395 671 1454 ab
712 1393 962 1455 Ecclesia
998 1395 1244 1454 romana
1272 1420 1288 1469 ς
1328 1396 1431 1455 sed
1466 1395 1591 1455 haec
1626 1408 1939 1478 utramque
1981 1419 2012 1455 a
2047 1419 2149 1456 sua
2187 1395 2406 1478 repulit

269 1492 704 1554 communione.
749 1492 899 1551 Cum
937 1491 1059 1551 haec
1105 1504 1309 1551 tamen
1355 1493 1643 1573 separatio
1696 1491 1943 1575 probata
1994 1516 2117 1552 non
2162 1494 2338 1553 fuerit
2373 1514 2405 1552 a

273 1590 482 1668 majori
514 1587 778 1648 Ecclesiae
813 1586 1113 1648 catholicae
1154 1598 1358 1670 parte,
1396 1589 1464 1648 7ο
1503 1587 1627 1648 dici.
1653 1600 1965 1672 propterea
1994 1601 2189 1671 potest
2225 1589 2407 1672 parti-

271 1685 494 1745 culares
529 1683 840 1760 Ecclesia3‚
878 1705 1189 1743 romanam
1225 1683 1442 1744 scilicet
1467 1695 1527 1744 et
1554 1684 2254 1768 constantinopolitanam
2276 1733 2291 1762 ,
2331 1683 2406 1746 ab

271 1782 525 1843 invicem
563 1781 737 1840 fuisse
771 1781 1026 1855 divisaS,
1064 1780 1226 1840 salva
1270 1782 1533 1843 Ecclesiae
1565 1783 1862 1843 catholicae
1899 1783 2144 1843 unitate.
2189 1783 2256 1842 80
2299 1786 2408 1843 Ac-

272 1877 462 1952 cedit,
501 1877 816 1937 Ecclesiam
850 1897 1131 1957 graecam‚
1172 1898 1236 1937 ac
1268 1878 1517 1960 proinde
1550 1881 1864 1956 russicam,
1903 1879 2051 1938 nihil
2095 1881 2409 1939 innovasse

272 1975 419 2034 circa
439 1979 828 2054 primatum,·
862 1995 995 2033 cum
1018 1995 1137 2032 non
1161 1974 1488 2050 inficietur,
1514 1997 1684 2058 posse
1710 1977 2042 2034 Romanum
2067 1975 2409 2034 Pontificem

272 2068 459 2130 veluti
505 2070 769 2151 primum
799 2071 1149 2153 Episcopum
1184 2074 1355 2150 juxta
1394 2071 1849 2132 consuetudines
1895 2092 1961 2131 ac
2004 2069 2257 2152 synodos
2299 2071 2410 2129 Ec·-

274 2165 459 2226 clesiae
486 2166 775 2248 spectari3
813 2166 918 2225 sed
949 2165 1138 2226 solum
1175 2189 1483 2249 nunquam
1513 2168 1750 2227 admisit
1786 2167 1946 2232 hunc
1978 2167 2304 2249 primatum
2341 2167 2411 2225 de

254 2267 412 2342 jure
447 2263 675 2321 divim.
721 2262 787 2321 90
813 2263 954 2335 Quae
991 2284 1122 2322 cum
1149 2263 1229 2322 ita
1259 2285 1321 2323 se
1348 2263 1606 2323 habeant
1628 2308 1645 2340 ‚
1671 2264 1882 2323 merito
1910 2264 2177 2345 Episcopi
2206 2283 2415 2342 graeco-

274 2359 426 2418 uniti
458 2359 522 2417 in
556 2358 779 2419 ditione
814 2360 1030 2438 russiea
1066 2359 1176 2418 sub
1220 2361 1401 2420 finem
1434 2362 1578 2420 anni
1625 2360 1808 2443 elapsi
1850 2359 2090 2441 (1839)
2145 2358 2413 2419 libellum

274 2453 599 2538 supplicem
633 2453 928 2514 dederunt
964 2456 1279 2531 autocrati‚
1323 2479 1437 2539 quo
1467 2456 1798 2516 humillime
1825 2478 1961 2515 eum
1985 2466 2267 2535 rogarunt
2288 2499 2305 2527 ,
2345 2464 2412 2512 ut

281 2551 622 2631 dignaretur
658 2550 788 2610 illos
819 2552 881 2609 in
915 2554 1207 2612 unitatem
1239 2552 1553 2613 admittere
1590 2564 1802 2613 sanctie
1844 2551 2172 2631 apostolicae
2204 2549 2414 2609 ortho-

277 2645 441 2706 doxae
469 2658 527 2707 et
562 2646 908 2707 universalis
935 2646 1194 2733 Ecclesiae
1217 2691 1233 2720 ‚
1272 2669 1305 2706 a
1341 2670 1454 2730 qua
1479 2669 1587 2730 per
1619 2649 1742 2707 vim
1777 2651 2025 2725 majores
2062 2647 2148 2704 sui
2179 2646 2413 2705 fuerant

277 2741 517 2806 divulsi.
580 2742 907 2826 Imperator
948 2763 1089 2803 vero
1130 2741 1385 2826 benigne
1423 2744 1633 2804 annuit
1674 2744 1784 2823 (2).
1824 2742 2056 2804 Eaedem
2093 2765 2271 2827 porro
2316 2766 2413 2803 ra-

346 2967 416 3030 (1)
452 2968 523 3017 Ita
541 2967 740 3027 Palmer,
759 2983 837 3032 op.
859 2976 905 3016 et
922 2966 1013 3015 loc.
1031 2967 1107 3016 cit.
1126 2983 1300 3033 cap.9‚
1388 2966 1462 3015 En
1500 2969 1641 3033 igitur
1676 2968 1941 3034 cujusmodi
1979 2969 2037 3015 sit
2067 2975 2199 3015 actus
2231 2975 2412 3029 aposta-

281 3052 364 3115 qui
395 3068 477 3115 pro
516 3052 606 3099 hac
654 3051 882 3100 sententia
917 3049 1107 3098 adducit
1150 3049 1305 3114 Magi-
1390 3054 1471 3099 siae
1506 3050 1842 3116 Episcoporum
1862 3051 2273 3116 graeco-unitorum
2305 3065 2319 3096 ε
2349 3049 2415 3095 In

282 3142 434 3180 strum
452 3136 807 3193 sententiarum,
825 3132 877 3181 S.
896 3131 1126 3179 Thomam
1142 3169 1155 3191 ‚
1176 3131 1303 3180 Ban-
1390 3134 1584 3182 nomine
1615 3133 1790 3181 Patris
1840 3140 1886 3179 et
1929 3129 2061 3178 Filii
2111 3138 2155 3178 et
2201 3129 2416 3196 Spiritus

282 3215 450 3263 dinum
471 3253 484 3274 ,
512 3213 560 3264 S.
579 3216 950 3264 Bonaventuram
973 3249 987 3273 ‚
1016 3212 1206 3262 Scotum
1232 3216 1306 3262 in·
1390 3217 1446 3265 S.
1501 3214 1676 3263 Nostra
1709 3212 1935 3262 Ecclesia
1965 3230 1996 3260 a
2034 3228 2119 3261 suo
2157 3214 2302 3261 initio
2336 3230 2417 3261 ea-

282 3309 351 3347 ter
380 3297 704 3359 scholasticos3
729 3302 849 3347 inter
879 3298 1161 3346 recentiores
1190 3314 1299 3345 vero
1385 3299 1492 3346 dem
1522 3305 1654 3357 erat,
1684 3312 1791 3361 quoe
1816 3303 1858 3343 et
1882 3305 2051 3342 cancta
2073 3331 2090 3358 ,
2127 3294 2387 3361 apostolica
2404 3332 2418 3357 ‚

284 3381 618 3430 Bellarmiuum
641 3418 654 3439 ,
674 3380 911 3439 Toletum,
933 3378 1154 3430 Azorium
1171 3413 1185 3439 ,
1203 3389 1297 3428 etc.
1385 3379 1645 3429 orthodoxa
1677 3377 1911 3437 catholica
1936 3375 2158 3427 Ecclesia
2178 3415 2190 3436 ‚
2220 3394 2328 3443 quoe
2351 3376 2413 3425 ab

354 3464 418 3528 (2)
456 3462 525 3512 Ne
545 3463 642 3511 haec
665 3475 852 3522 pereant
885 3464 1195 3533 documenta,
1225 3463 1302 3528 ju·
1384 3465 1489 3530 ipso
1515 3463 1733 3512 Domino
1766 3468 1812 3508 et
1835 3457 2082 3511 salvatore
2105 3470 2266 3509 nostro
2288 3458 2412 3507 Jesu

284 3549 404 3597 verit
435 3546 513 3595 hic
542 3562 594 3594 ea
629 3545 880 3595 transferre
925 3564 979 3596 ex
1013 3544 1304 3611 ephemeride
1393 3543 1587 3594 Christo
1618 3545 1676 3590 in
1710 3540 1916 3590 Oriente
1932 3544 2159 3590 instituta
2184 3550 2270 3601 est,
2302 3539 2416 3588 inde

286 3630 473 3679 officiali
516 3629 852 3695 petropolitana
875 3666 889 3688 ‚
935 3628 1067 3694 Apis
1115 3635 1306 3693 septen·
1392 3642 1452 3674 ezr
1492 3624 1691 3673 Oriente
1715 3633 1864 3673 totum
1895 3625 2135 3674 mundum
2156 3622 2411 3671 illumina·-

284 3712 505 3763 trionalis
524 3722 789 3777 nuncupata
811 3748 824 3771 ‚
845 3728 992 3760 mens.
1011 3710 1133 3759 Nov.
1162 3706 1305 3775 1839.
1393 3709 1491 3770 vit,
1522 3716 1567 3755 et
1592 3707 1836 3773 hucusque
1853 3707 2054 3757 divinae
2083 3705 2414 3757 institutiones
