2514 4218
238 197 359 258 234
855 219 1046 258 macr.
1094 220 1161 255 nn
1205 220 1355 258 tocts
1397 222 1777 263 meotocmffi.

239 362 540 442 conjugi03
574 362 655 421 sic
676 362 835 447 enim
859 360 1120 442 loquitur
1148 360 1451 442 Apostolus
1474 384 1487 419 t
1518 364 1733 442 Ipsum
1763 368 1930 426 dedit
1951 368 2160 447 (Deus)
2190 380 2381 447 caput

239 479 428 538 super
461 479 694 517 omnem
738 458 1106 526 Ecclesiam,
1143 477 1279 536 quoe
1310 468 1392 515 est
1431 479 1650 537 corpus
1682 465 1810 538 ejus
1850 463 1960 542 (l).
2003 465 2071 522 Et
2106 463 2323 522 iterum
2357 485 2374 522 t

247 555 454 614 Unum
498 575 716 633 corpus
752 562 808 609 et
854 573 1015 610 unus
1060 557 1318 631 spiritus
1368 554 1481 632 (2).
1541 555 1651 615 Vir
1694 568 1880 634 caput
1925 570 2011 618 est
2058 562 2378 630 mulieris,

238 656 400 711 sicut
425 651 700 711 Christus
731 648 1016 706 Ecclesiae
1030 692 1052 721 ,
1077 651 1496 728 ipsesalvator
1521 653 1790 736 corporis
1811 657 1938 728 ejus
1960 654 2072 734 (3).
2112 657 2380 736 Loquens

239 747 483 808 demum
521 746 594 804 de
630 744 771 804 Adae
818 755 878 804 et
916 746 1092 806 Hevae
1127 748 1393 827 conjugio
1430 759 1496 805 ut
1533 759 1675 829 typo
1704 749 2134 827 conjunctionis
2164 751 2379 810 Christi

239 865 374 903 cum
406 840 688 900 Ecclesia:
723 842 1196 902 Sacramentum
1237 843 1373 918 hoc,
1414 843 1638 924 inquit,
1677 865 1969 924 magnum
2003 856 2116 915 est,
2145 867 2242 926 eqo
2268 869 2382 906 au-

240 950 353 997 tem
390 938 524 995 dico
545 982 561 1011 ,
599 939 670 996 in
707 938 942 997 Chr-isto
981 948 1037 997 et
1071 943 1141 996 in
1176 940 1450 999 Ecclesia
1479 938 1587 1019 (4).
1625 941 1801 998 Porro
1831 940 1879 998 si
1905 941 2154 1022 Spiritus
2174 986 2191 1016 ‚
2224 941 2385 1001 velut

160 1060 163 1062 ·
235 1034 484 1092 interior
514 1032 779 1093 Ecclesiae
799 1033 1003 1093 doctor
1021 1079 1037 1108 ,
1065 1055 1131 1093 ac
1159 1034 1341 1096 veluti
1365 1035 1624 1094 Ecclesiae
1646 1036 1839 1094 anima
1860 1082 1875 1110 7
1904 1058 2040 1095 curn
2063 1036 2187 1118 ipsa
2220 1058 2385 1096 man·

235 1152 408 1189 surus
438 1141 527 1189 est
552 1129 627 1189 ad
650 1129 977 1190 docendam
1004 1149 1244 1192 omnem
1269 1132 1582 1191 veritatem
1598 1132 1661 1189 in
1693 1144 2016 1206 aeternum3
2046 1133 2093 1191 si
2117 1132 2387 1191 Christus

238 1228 300 1287 in
323 1239 681 1310 perpetuum
708 1239 798 1288 est
826 1227 1088 1288 Ecclesiae
1110 1241 1285 1311 caput
1304 1275 1320 1302 ⁷
1353 1241 1420 1288 ut
1445 1250 1573 1288 eam
1601 1229 1811 1309 dirigat
1830 1276 1845 1303 v
1889 1241 1949 1289 et
1987 1228 2177 1289 fidelis
2208 1251 2390 1311 spon-

241 1346 336 1383 sus
356 1323 745 1383 indissolubili
763 1346 918 1383 nexu
937 1345 1071 1383 cum
1088 1346 1154 1384 ea
1178 1326 1539 1384 consociatus
1562 1372 1576 1400 7
1606 1337 1671 1383 ut
1690 1347 1817 1385 eam
1842 1337 2067 1385 tutetur
2090 1347 2155 1384 ac
2173 1325 2389 1399 foveat,

240 1422 343 1502 qui
374 1421 498 1480 fieri
531 1431 763 1503 potest,
803 1432 871 1479 ut
903 1433 1038 1503 post
1067 1442 1248 1504 pauca
1285 1421 1476 1481 secula
1529 1421 1777 1482 Ecclesia
1809 1422 2115 1482 deseratur
2135 1467 2151 1496 ,
2195 1422 2276 1479 sic
2325 1431 2392 1479 ut

241 1538 311 1577 ex
346 1518 595 1578 veritate
626 1518 691 1576 in
721 1539 981 1578 errorem
1022 1519 1231 1578 misere
1262 1518 1605 1602 prolabatur
1624 1564 1640 1594 ,
1670 1530 1726 1578 et
1755 1519 1903 1578 filios
1932 1541 2064 1577 suos
2092 1516 2175 1577 ad'
2205 1540 2388 1601 prava

239 1611 517 1695 dogmata
556 1612 846 1673 credenda
888 1613 1171 1690 inducat,
1204 1626 1306 1673 aut
1334 1614 1614 1674 inducere
1644 1615 1870 1694 possit?
1906 1617 2044 1675 Haec
2076 1614 2250 1696 plane
2287 1636 2384 1674 re·

241 1722 528 1791 pugnant.
561 1712 930 1793 Quapropter
959 1711 1270 1793 Apostolus
1295 1710 1562 1770 absolute
1595 1723 1766 1771 vocat
1801 1711 2114 1772 Ecclesiam
2141 1712 2250 1771 Dei
2276 1711 2392 1771 vivi

239 1809 588 1866 columnam
616 1819 672 1866 et
690 1809 1156 1886 firmamentum
1192 1811 1463 1868 veritatis
1491 1809 1611 1888 (5),
1641 1808 1933 1886 ejusmodi
1978 1829 2195 1889 nempe
2218 1852 2232 1881 ,
2261 1828 2393 1887 quae

248 1925 561 1985 nunquam
583 1905 769 1986 possit
789 1926 819 1963 a
840 1905 1089 1965 veritate
1113 1904 1405 1977 excidere,
1430 1904 1512 1962 ita
1550 1916 1615 1962 ut
1640 1904 1684 1962 si
1711 1906 1833 1986 ipsa
1861 1914 2178 1982 corrueret,
2200 1914 2393 1961 toturn

241 1998 696 2060 labefactaretur
718 2000 1014 2081 religionis
1043 1999 1373 2059 christianae
1400 1999 1733 2058 aedificium.

324 2095 465 2154 357.
519 2097 631 2155 Nec
671 2091 848 2154 alium
886 2096 1063 2155 fuisse
1089 2096 1267 2154 totius
1297 2096 1406 2178 piae
1446 2095 1816 2176 antiquitatis
1847 2116 2089 2153 sensum
2121 2103 2299 2151 testes
2332 2092 2393 2150 in

242 2191 448 2272 primis
489 2202 629 2250 sunt
678 2192 1073 2274 antiquissimi
1116 2194 1317 2252 Patres
1366 2194 1534 2272 graeci
1576 2203 1752 2272 atque
1793 2190 1999 2263 latini3
2042 2190 2198 2248 inter
2249 2210 2393 2270 quos

243 2289 301 2346 S.
326 2288 575 2347 Irenaeus
598 2310 610 2347 :
643 2288 788 2347 Non
803 2299 1030 2368 oportet
1050 2290 1255 2348 adhuc
1271 2310 1537 2367 quoerere
1556 2333 1579 2360 ,
1611 2286 1846 2360 scribit,
1868 2287 2043 2367 apud
2066 2287 2217 2345 alios
2245 2290 2394 2344 veri-

241 2394 456 2455 tatem,
490 2406 674 2463 quam
694 2386 881 2463 facile
901 2396 986 2443 est
1008 2386 1088 2443 ab
1109 2385 1396 2467 Ecclesia
1421 2406 1660 2443 sumere
1673 2405 1693 2453 ,·
1722 2405 1863 2442 cum
1892 2383 2193 2463 Apostoli,
2215 2384 2399 2461 quasi

241 2486 311 2539 iu
331 2481 754 2560 depositorium
770 2482 933 2540 dives
949 2526 965 2556 a
982 2482 1337 2561 plenissime
1358 2483 1427 2540 iu
1452 2503 1585 2540 eam
1611 2482 1982 2540 contulerint
2006 2483 2238 2550 omnia,
2260 2497 2396 2555 quoe

241 2580 367 2637 siut
407 2581 678 2637 veritatis
707 2623 722 2652 ,
751 2583 848 2636 uti
878 2583 1076 2638 omnis
1113 2583 1483 2657 quicumque
1516 2578 1692 2646 velit,
1731 2585 1939 2634 sumat
1976 2595 2048 2631 ea·
2078 2594 2148 2630 ea
2177 2583 2394 2651 potum

242 2678 377 2733 vitoe
396 2673 507 2755 (6).
542 2677 598 2731 S.
623 2673 954 2732 Alexander
981 2673 1301 2755 Episcopus
1333 2670 1761 2731 Alexandrinus
1793 2691 1808 2727 τ
1853 2669 2051 2729 Unam
2079 2691 2151 2727 ac
2179 2670 2391 2739 solam,

241 2770 467 2852 inquit,
493 2770 848 2829 catholicam
876 2780 930 2827 et
954 2771 1346 2849 apostolicam
1377 2768 1715 2827 Ecclesiam
1746 2766 1770 2847 (
1799 2766 2150 2825 confitemur
2176 2766 2234 2845 )‚
2261 2786 2392 2844 quae

242 2888 474 2947 semper
520 2868 766 2947 quidem
817 2867 1319 2946 i'neapuynahilis
1355 2876 1469 2941 est,
1511 2865 1649 2924 licet
1686 2868 2010 2922 universus
2052 2863 2216 2927 orbis
2260 2882 2395 2919 eam

245 2974 550 3045 oppuyuet
572 2985 592 3034 ,·
627 2968 846 3024 vict-rix
875 2975 1071 3023 autem
1096 2974 1150 3021 et
1174 2967 1372 3022 omnis
1404 2965 1614 3042 impioe
1629 2962 1924 3042 factionis
1942 2960 2394 3023 hoereticorum,

244 3065 359 3138 qui
389 3062 676 3122 adversus
713 3067 914 3142 ipsam
942 3070 1323 3141 consmyuut
1351 3059 1465 3140 (7).
1511 3059 1570 3117 S.
1611 3056 1957 3117 Athanasius
1996 3076 2010 3112 ε
2051 3053 2285 3132 Sufficit
2304 3052 2398 3111 his

315 3254 384 3320 (l)
424 3255 597 3321 Ephesi.
631 3273 645 3303 ι
666 3293 682 3318 ,
714 3272 797 3304 22.
1421 3251 1487 3315 (7)
1526 3249 1584 3297 In
1614 3247 1785 3314 Epist.
1804 3245 1862 3294 de
1889 3246 2090 3293 Ariana
2113 3243 2314 3306 hoeresi,
2340 3245 2397 3293 ad

318 3338 385 3403 (ἢ)
425 3337 549 3386 Ibid.
575 3355 620 3385 iv
640 3377 653 3398 .,
679 3337 728 3403 4.
1352 3332 1580 3382 Alexand.
1605 3328 2176 3394 Constantinopolitanum
2194 3361 2210 3388 ,
2241 3345 2273 3374 n
2298 3341 2353 3375 ια
2377 3339 2392 3370 :

317 3421 385 3488 (3)
424 3421 549 3471 lbid.
585 3440 632 3479 v,
658 3422 742 3471 23.
970 3412 977 3420 .
1351 3413 1473 3466 Mla»
1502 3416 1580 3464 καὶ
1598 3411 1728 3478 poium
1746 3451 1760 3475 ‚
1788 3409 2028 3468 καθολικῆν
2046 3451 2060 3475 ,
2090 3407 2167 3467 τῆν
2194 3412 2396 3459 aimo-ro-

319 3508 387 3574 (Ῑι)
426 3507 551 3556 Ibid.
579 3526 625 3563 V,
662 3523 738 3555 12.
1354 3497 1482 3557 ληιῆν
1524 3495 1789 3554 ἐκκλησίαν·
1837 3494 2122 3563 οἶκοιθοιῖρετον
2154 3491 2235 3558 μὲν
2286 3491 2357 3542 αἰεὶ
2381 3530 2395 3551 ,

319 3590 384 3656 (ὅ)
423 3589 673 3638 [Timoth.
699 3606 782 3646 ιιι,
816 3587 895 3636 15.
1351 3580 1433 3650 κξέι
1474 3588 1568 3637 πᾶς
1610 3583 1631 3631 ὅ
1669 3578 1839 3645 κᾶν-μσς
1878 3583 1994 3638 αὖα-ἧ
2027 3578 2241 3639 πολεμεῖν
2287 3587 2394 3635 βου-

317 3674 381 3741 (6)
423 3673 606 3723 Contra
622 3671 792 3722 hoereS.
826 3672 909 3719 lib.
945 3688 1028 3731 ln,
1066 3687 1170 3735 cap.
1206 3667 1266 3733 4,
1355 3665 1563 3723 minz-ae·
1614 3663 1836 3731 νικηφὸρον
1885 3663 1940 3714 δὲ
1987 3661 2142 3718 παίω-ης
2185 3664 2267 3716 τῆς
2311 3663 2391 3708 τῶν

251 3774 302 3806 ¹¹·
350 3774 399 3818 ι’
426 3775 471 3823 Ρ·
507 3754 633 3824 Ῑ78,
676 3755 789 3804 edit·
826 3752 962 3802 Μὸδὸ·
1352 3748 1619 3819 ι’τεροδῖξων
1656 3746 1977 3809 οἶσεβεστοῖτης
2028 3738 2391 3796 ἐπαναστάσεως.
