2514 4218
329 258 482 296 PART.
529 258 568 292 1.
617 255 738 292 CAP.
788 255 827 290 1.
873 255 941 289 DE
985 253 1199 290 CHRISTI
1244 253 1394 290 8001..
1441 253 1716 291 ms'rrrU'r.
1767 255 1829 290 ET
1872 254 2022 291 oum.
2149 233 2221 290 15

207 398 306 457 28.
359 396 445 454 Ad
479 395 593 471 5¹¹¹,
641 396 812 475 Resp.
843 393 1105 475 quinimo
1132 394 1352 475 optimo
1377 397 1511 470 jure
1536 413 1608 451 ex
1635 392 1803 451 dictis
1833 393 2033 453 inferri
2052 384 2223 451 iden-

131 495 356 552 titatem
394 489 695 572 praesentis
731 487 991 548 Ecclesiae
1020 510 1153 548 cum
1190 488 1435 547 Ecclesia
1468 509 1499 546 a
1536 486 1766 546 Christo
1799 488 2083 546 instituta.
2119 488 2224 545 Ec·

128 586 296 646 clesia
337 586 494 644 enim
543 583 922 665 sequentibus
973 582 1236 641 aetatibus
1282 584 1460 662 magis
1501 604 1565 642 ac
1611 582 1791 662 magis
1833 583 2115 664 principia
2160 603 2226 641 ac

129 680 386 760 germina
406 701 439 738 a
456 679 685 738 Christo
709 680 772 736 in
795 683 914 756 ejus
936 675 1278 735 fundatione
1299 677 1535 737 inducta
1551 722 1568 754 ‚
1595 677 1679 736 uti
1693 681 1818 756 jam
1840 678 2228 758 praestiterant

130 774 388 856 Apostoli
406 819 421 848 .,
460 773 701 834 evolvit.
735 775 807 832 Et
829 771 1102 853 quoniam
1133 771 1361 833 invecta
1396 772 1469 830 ab
1493 772 1776 853 Apostolis
1804 771 2106 854 explicatio
2137 770 2230 830 di-

131 890 360 930 versam
403 867 711 927 Ecclesiam
748 888 865 925 non
903 864 1138 929 intulit.
1180 865 1282 923 sed
1317 865 1390 924 ad
1433 887 1729 926 summum
1768 890 1982 928 novam
2027 865 2231 927 evolu-

132 965 304 1022 tionis
340 964 675 1044 periodum3
705 962 785 1020 ita
816 959 1043 1019 eductio
1075 960 1390 1019 successiva
1427 961 1767 1021 eorumdem
1804 965 2133 1042 germinum
2166 982 2231 1020 ac

132 1058 585 1140 principiorum‘,
624 1074 748 1137 quae
781 1054 1189 1134 progrediente
1225 1066 1394 1114 aetate
1423 1054 1573 1113 facta
1609 1067 1731 1130 est,
1771 1078 1892 1115 non
1918 1056 2116 1117 intulit
2140 1055 2233 1115 di-

133 1153 465 1212 versitatem
487 1143 743 1210 Ecclesiae
776 1147 1064 1208 distinctae
1080 1147 1156 1207 ab
1174 1148 1420 1208 Ecclesia
1445 1150 1791 1231 primigenia
1816 1172 1915 1210 seu
1939 1149 2199 1229 originali
2214 1195 2230 1224 .,

131 1246 232 1306 sed
256 1246 443 1305 solum
460 1291 476 1316 ‚
504 1255 569 1302 ut
591 1242 847 1301 diximus
871 1288 888 1318 ‚
924 1242 1325 1304 diversitatem
1350 1243 1723 1325 periodorum
1759 1243 2014 1322 ejusdem
2035 1243 2235 1306 evolu-

133 1343 325 1402 tioniS.
361 1341 570 1400 Efficax
603 1350 910 1421 propterea
951 1361 1017 1399 ac
1050 1341 1287 1398 firmum
1316 1340 1577 1399 consistit
1605 1331 2014 1420 argumentum
2035 1384 2051 1413 .,
2084 1339 2237 1421 quod

134 1459 204 1496 ex
241 1434 446 1494 actuali
488 1433 734 1494 Ecclesia
782 1433 1013 1493 ducitur
1044 1480 1060 1508 ,
1109 1457 1216 1516 pro
1253 1434 1565 1495 identitate
1598 1435 1767 1514 hujus
1806 1434 2069 1495 Ecclesiae
2105 1455 2239 1494 cum

133 1531 424 1613 primaeva.

907 1722 1312 1776 PROPOSITIO
1351 1725 1420 1778 II.

213 1846 479 1921 Ecclesia
508 1884 547 1921 a
579 1862 810 1922 Christo
845 1868 1124 1927 instituta
1158 1873 1429 1925 anterior
1454 1879 1538 1926 est
1568 1873 1782 1947 quavis
1814 1869 2156 1955 Scriptura.

208 2049 313 2108 29.
362 2051 458 2108 Uti
493 2071 564 2109 ex
596 2048 903 2110 ‘substrata
940 2052 1184 2111 materia
1219 2052 1404 2134 liquet
1440 2066 1499 2114 et
1543 2077 1613 2114 ex
1656 2056 1783 2137 ipsa
1828 2059 2243 2140 propositionis

135 2145 577 2221 enunciatione,
618 2143 711 2203 hic
748 2146 969 2226 agimus
1003 2146 1076 2206 de
1102 2151 1512 2208 anterioritate
1551 2150 1807 2211 Ecclesiae
1834 2154 1897 2211 in
1934 2152 2138 2214 ordine
2165 2154 2240 2214 ad

135 2239 489 2319 Scripturam
514 2240 666 2300 Novi
688 2242 1041 2301 Testamenti
1060 2288 1077 2317 .,
1117 2242 1192 2302 ad
1219 2264 1395 2325 quam
1421 2244 1603 2305 solam
1626 2257 1940 2307 tractatum
1967 2260 2234 2309 nostrum

138 2334 575 2392 coarctavimus.

219 2425 317 2483 30.
373 2427 745 2485 Existentiam
797 2451 971 2515 porro
1028 2431 1352 2491 christiana),
1410 2434 1668 2494 Ecclesiae
1723 2436 2023 2517 quibusvis
2077 2437 2243 2498 libris

137 2522 487 2580 anteriorem
519 2544 677 2597 esse7
718 2545 807 2584 res
852 2525 1069 2606 pariter
1092 2530 1254 2604 facti
1301 2540 1425 2602 est,
1466 2550 1627 2610 quae,
1663 2532 1784 2592 sive
1825 2544 2081 2614 spectata
2123 2539 2244 2613 ejus

137 2615 355 2693 origine
389 2637 454 2673 ac
491 2627 731 2691 natura,
765 2619 887 2679 sive
924 2619 1287 2681 documentis
1319 2623 1493 2704 ipsiS‚
1524 2646 1556 2684 a
1581 2627 1817 2686 nemine
1854 2648 2007 2688 sanae
2033 2631 2247 2690 mentis

138 2710 198 2768 in
239 2708 669 2771 dubitationem
704 2715 961 2773 revocari
992 2726 1185 2796 potest
1214 2718 1323 2796 (l).

139 2915 242 2947 mus
255 2900 305 2947 iu
337 2901 430 2947 suis
466 2899 841 2950 Commentariis
868 2903 926 2951 in
958 2902 1057 2970 Ep.
1085 2905 1151 2952 ad
1230 2905 1382 2954 solum
1425 2907 1547 2957 Jesu
1595 2909 1784 2959 Christi
1820 2911 2022 2963 historia
2058 2921 2250 2982 coquita

144 2978 344 3028 Galatas
350 2990 538 3041 3auctor
552 2982 756 3031 chronici
775 2981 1075 3034 Alexandrini
1092 2987 1151 3035 ad
1231 2997 1334 3036 erat
1353 3027 1367 3049 ‚
1398 2992 1689 3056 priusquam
1703 2991 1979 3057 vulqaretm·
2000 2997 2057 3045 in
2073 2997 2243 3048 Evan-

141 3078 217 3109 an.
247 3061 418 3110 Christi
446 3081 531 3111 xxx
550 3101 564 3120 ,
591 3082 690 3130 pag.
710 3062 774 3124 6,
805 3066 991 3132 aliique.
1019 3067 1152 3117 Hanc
1229 3070 1370 3134 qeliis
1386 3088 1405 3132 ‚⁸
1423 3072 1505 3119 sed
1524 3074 1750 3122 universa
1778 3074 2045 3136 christiana
2076 3080 2246 3146 reliqio

142 3146 412 3191 sententiam
438 3145 669 3194 mordicus
698 3157 851 3195 tuetur
878 3147 1012 3197 Joan.
1037 3149 1153 3198 Har·
1218 3154 1331 3218 jam
1376 3154 1623 3202 tenebatur·
1664 3164 1708 3203 et
1751 3158 2057 3208 exercebatur
2077 3198 2091 3221 ‚
2135 3177 2247 3211 cum

143 3224 313 3273 duinus
337 3228 386 3273 in
414 3227 638 3291 peculiari
671 3227 729 3276 de
760 3229 850 3277 hoc
879 3242 1150 3294 argumento
1235 3234 1428 3282 nullum
1461 3236 1619 3284 adhuc
1651 3234 1977 3303 Evanqslium
2008 3244 2243 3309 scriptum

145 3302 483 3366 dissertatione,
507 3324 611 3372 quae
641 3310 759 3357 inter
786 3326 919 3375 opera
946 3313 1153 3378 ejusdem
1228 3315 1407 3379 fuerat.
1444 3317 1751 3367 Recitabatur
1778 3320 1970 3386 Pater(
2002 3326 2143 3374 oratio
2161 3325 2248 3374 do·

152 3383 312 3435 selecta
341 3425 355 3448 ,
383 3387 637 3440 Amstelod.
671 3407 798 3458 ¹709
820 3427 836 3456 ,
880 3393 1022 3443 relata
1061 3406 1154 3455 est,
1237 3398 1452 3462 minim),
1476 3401 1597 3463 quin
1621 3399 1717 3465 leqi
1734 3411 1892 3466 posset
1908 3403 1966 3452 in
1982 3401 2246 3471 Evanqelio

154 3482 260 3530 pag.
289 3482 386 3532 9²0
412 3481 457 3519 et
475 3489 606 3538 seqq.
631 3473 841 3523 eamdem
858 3485 1012 3524 tuetur
1041 3476 1154 3526 Zac·
1236 3475 1294 3527 S.
1337 3480 1578 3529 Matehoei.
1607 3481 1981 3534 Adhibebamur
2005 3489 2063 3535 in
2104 3487 2246 3535 colla-

153 3548 274 3595 caria
295 3584 309 3607 ‚
343 3548 513 3618 aliique
535 3556 704 3618 passim
727 3572 835 3604 cum
862 3555 982 3622 ipso.
1237 3561 1364 3608 tione
1399 3562 1650 3627 Baptismi
1674 3565 1815 3614 verba
1844 3583 1876 3616 a
1907 3567 2098 3617 Christo
2127 3567 2249 3618 Jesu

223 3628 289 3691 (Ι)
328 3628 447 3680 Sane
477 3632 664 3701 Lessing
689 3638 739 3685 in
758 3654 865 3703 opp·
892 3637 1156 3704 posthumis
1232 3644 1514 3708 praecripta
1530 3680 1543 3704 ,
1566 3654 1820 3712 antequam
1847 3664 1903 3696 ea
1927 3648 2100 3697 litteris
2129 3666 2246 3717 apo-

152 3708 417 3774 theologicis
455 3713 646 3766 scribere
673 3735 768 3767 non
800 3718 981 3770 dubitat
1001 3738 1017 3770 ε
1055 3720 1161 3790 Noa
1243 3723 1916 3790 stoliconsiqnassont.Possem
1928 3731 2122 3782 aliorum
2135 3732 2247 3783 Pro-
