2514 4218
2069 215 2181 274 179

512 239 668 276 PART.
717 239 759 274 1.
809 237 934 275 GAP.
979 238 1063 276 111.
1108 237 1178 276 DE
1219 237 1490 277 EGCLESIAE
1533 237 1709 275 NOsz.

79 393 390 466 usurpetur
413 378 488 441 ad
513 377 911 459 significandas
942 379 1218 440 Ecclesias
1259 400 1461 440 omnes
1486 381 1546 438 in
1582 389 1705 438 toto
1732 376 1871 440 orbe
1911 378 2146 440 diffusas
2166 425 2182 454 ‚

80 501 209 563 quae
223 481 483 538 Romano
505 473 755 534 subsunt
783 475 1047 535 Pontifici
1068 518 1085 548 ‚
1114 495 1181 533 ac
1205 484 1444 536 servant
1466 495 1599 533 cum
1616 494 1684 533 eo
1711 474 2185 534 communionem

81 575 214 634 fidei
245 582 304 633 et
338 570 633 631 charitatis
655 616 671 644 ,
709 592 835 651 neq.
874 568 1193 650 Responsio
1219 580 1385 650 patet
1417 592 1486 631 ex
1523 569 1724 647 dictis;
1762 566 1991 629 sublata
2029 570 2187 629 enim

77 667 530 751 aequivocatione
555 665 709 727 vocis
732 710 750 741 ‚
788 664 906 724 ruit
933 661 1238 723 difficultas
1267 664 1376 743 (1).

158 761 299 823 285.
345 762 435 822 Ad
473 763 592 836 211²,
634 760 784 840 Neq.
819 757 1066 819 Ecclesia
1103 757 1582 835 enimlcatholica
1614 769 1880 819 constare
1922 756 2191 817 omnibus

77 857 191 918 illis
212 870 272 917 et
292 857 424 917 solis
449 856 663 916 Christi
683 853 951 914 fidelibus
973 850 1152 911 debet
1168 898 1184 928 ,
1209 851 1311 934 qui
1330 853 1615 913 unitatem
1637 852 2033 913 omnimodam
2058 853 2193 912 fidei

82 967 141 1016 et
176 954 472 1014 charitatis
498 962 734 1014 servant
767 970 900 1010 cum
923 947 1184 1027 ejusdem
1217 948 1479 1012 Ecclesiae
1514 950 1725 1010 visibili
1757 952 1946 1034 capite
1972 996 1988 1026 7
2036 951 2193 1033 quod

81 1060 281 1131 postea
309 1048 681 1108 ostendemus
705 1044 883 1104 alium
911 1065 1034 1102 non
1052 1064 1176 1102 esse
1205 1044 1318 1102 nisi
1340 1046 1509 1103 Rom.
1537 1045 1903 1105 Pontificem.
1924 1046 2194 1120 Quicum-

83 1167 198 1229 que
224 1156 535 1228 propterea
560 1142 633 1202 ab
661 1140 939 1200 alterutra
962 1185 978 1214 ,
1014 1138 1205 1198 multo
1232 1161 1370 1201 vero
1406 1142 1588 1223 magis
1624 1142 1699 1201 ab
1730 1154 1981 1225 utraque
2004 1141 2197 1201 absce-

83 1240 236 1300 dunt
260 1285 277 1316 ,
313 1241 434 1302 sive
483 1239 547 1297 in
584 1235 779 1317 paucis
820 1235 945 1294 sive
991 1234 1055 1292 in
1098 1234 1299 1293 multis
1324 1279 1340 1310 ,
1391 1236 1513 1299 sive
1557 1237 1621 1295 in
1663 1236 2198 1297 fundamentalibus

84 1336 340 1397 articulis
367 1335 489 1396 sive
511 1333 573 1391 in
594 1344 716 1390 non
744 1329 1287 1390 fundamentalibus
1308 1377 1325 1406 ,
1368 1343 1470 1391 aut
1497 1331 1755 1392 haeretici
1788 1343 1889 1392 aut
1923 1333 2200 1392 schisma·

85 1432 182 1490 tici
199 1477 215 1506 .,
241 1442 309 1490 ut
338 1425 658 1510 plurimum
687 1446 827 1485 vero
854 1435 912 1484 et
939 1424 1197 1484 haeretici
1218 1436 1279 1485 et
1300 1426 1648 1486 schismatici
1683 1438 1842 1486 sunt.
1876 1428 1960 1485 Ita
1982 1448 2044 1486 se
2065 1448 2202 1506 ges-

86 1535 289 1586 serunt
319 1520 573 1605 Apostoli
595 1531 866 1602 respectu
883 1520 972 1579 sui
993 1521 1274 1601 temporis
1296 1532 1686 1596 novatorumt,
1714 1521 1795 1580 ita
1816 1542 1878 1581 se
1903 1521 2200 1600 primitiva

88 1621 258 1701 gessit
281 1617 554 1690 Ecclesia,
593 1637 720 1698 quae
745 1636 1052 1697 nunquam
1079 1616 1433 1675 Novatianos
1453 1662 1469 1691 .,
1514 1616 1845 1676 Donatistas
1879 1636 1944 1674 ac
1979 1615 2204 1674 Lucife-

88 1717 278 1775 rianos
301 1726 366 1773 ut
394 1710 705 1772 catholicos
740 1709 981 1788 habuit3
1010 1711 1090 1769 ita
1117 1731 1347 1793 semper
1383 1710 1637 1793 denique
1662 1721 2113 1793 constanterque
2142 1732 2202 1770 se

88 1811 260 1891 gessit
296 1809 542 1883 Ecclesia
572 1808 848 1869 universa
874 1805 1317 1888 insequentibus
1353 1806 1559 1866 seculis
1593 1806 1670 1867 ad
1707 1829 1813 1866 nos
1850 1828 2033 1889 usque
2055 1852 2072 1882 .‚
2113 1806 2203 1865 his

89 1904 360 1966 omnibus
396 1915 687 1987 perpetuo
729 1901 878 1961 illud
931 1901 1296 1981 ingeminans
1337 1923 1351 1961 z
1395 1902 1610 1962 Nescio
1649 1923 1787 1971 vos;
1833 1913 1961 1960 tum
1997 1900 2144 1960 illud
2185 1924 2197 1958 :

95 2002 218 2082 Qui
250 2021 371 2060 non
409 2010 496 2059 est
518 2020 788 2068 mecum,
817 2008 1027 2056 contra
1050 2018 1142 2055 mc
1168 2007 1267 2056 est.
1298 1996 1646 2056 Ridiculum·
1667 2018 1842 2078 porro
1869 2006 1985 2071 est7
2024 2018 2094 2056 ex
2135 2017 2204 2056 eo

92 2094 249 2176 quod
269 2093 538 2153 nonnulli
563 2093 786 2154 factiosi
818 2091 1104 2173 superbiae
1130 2091 1232 2150 filii
1269 2090 1595 2151 identidem
1612 2091 1904 2153 'vexillum
1930 2090 2205 2173 perduel-

92 2188 262 2248 lionis
286 2188 580 2248 erexerint
605 2196 806 2247 contra
832 2187 1001 2246 unice
1026 2207 1225 2248 veram
1262 2185 1574 2246 Ecclesiam
1603 2186 1854 2262 Christi,
1887 2186 2200 2269 pluresque

166 2394 233 2458 (1)
266 2393 379 2443 Jure
417 2392 573 2460 quoad
610 2392 734 2441 hanc
775 2393 1116 2441 denominatio-

96 2493 207 2525 nem
221 2474 454 2524 Ecclesioe
474 2491 704 2532 romanoe,
734 2493 826 2542 qua
853 2475 1118 2540 designatur

97 2556 321 2612 Ecclesia
359 2557 591 2607 catholica
622 2594 635 2617 ,
690 2568 850 2624 aptare
896 2559 1117 2607 dehemus

101 2642 448 2706 responsionem
469 2676 485 2700 ,
528 2658 669 2707 quam
711 2640 840 2689 dedit
872 2638 924 2688 S.
962 2639 1117 2689 Pacia-

98 2739 188 2771 nus
220 2722 482 2771 difficultati
516 2739 569 2771 ex
599 2722 973 2771 denominatione
1011 2720 1115 2769 Ec·

87 2797 255 2853 'clesiae
285 2803 525 2854 catholicas
554 2803 748 2872 objectae
771 2802 1116 2872 aschismaticis

102 2887 378 2934 novatianis.
396 2884 559 2952 Itaque
583 2882 630 2933 S.
646 2884 871 2934 Pacianus
884 2920 901 2946 ‚
919 2883 1083 2952 Epist.
1098 2901 1117 2932 1

105 2965 169 3014 ad
197 2965 613 3033 Sympronianum
631 3004 645 3028 ‚
680 2984 788 3016 cum
824 2966 913 3015 sibi
936 2984 991 3015 ex
1014 2984 1116 3032 per-

106 3063 213 3096 sona
229 3047 591 3098 Novatianorum
612 3049 856 3116 objecisset
879 3065 892 3096 :
918 3047 1013 3095 Sed
1028 3048 1116 3096 snb

113 3126 348 3194 Apostolis
369 3168 382 3192 ‚
422 3133 634 3197 inquies,
678 3147 817 3179 nemo
859 3128 1117 3178 catholicus

111 3209 383 3261 vocabatur.
407 3210 554 3274 Esto,
573 3213 835 3278 respondet,
859 3211 1114 3277 sicfuerit,

112 3287 191 3336 vel
217 3287 337 3338 illud
368 3293 579 3360 indulge.
624 3293 750 3342 Cum
772 3301 884 3361 post
914 3292 1118 3381 Aposto-

111 3369 180 3418 los
232 3369 427 3421 hoereses
475 3377 777 3439 extitissent,
825 3355 1118 3439 diverszsque

106 3453 386 3502 nominihus
407 3455 675 3523 columbam
703 3457 794 3507 Dei
825 3466 965 3523 atque
996 3459 1119 3522 reqi-

108 3551 222 3583 nam
262 3534 467 3584 lacerare
490 3554 580 3602 per
603 3547 769 3605 partes
815 3551 861 3588 et
902 3538 1117 3588 scindere

108 3619 376 3665 niterentur
410 3655 423 3679 ,
475 3634 634 3668 nonne
677 3638 932 3687 coqnomen
975 3638 1116 3670 sunm

106 3699 240 3762 plebs
282 3699 538 3766 apostolica
578 3701 879 3767 postulabat,
912 3721 1002 3768 quo
1042 3705 1121 3752 in-

1197 2394 1415 2457 corrupti
1433 2390 1609 2459 popnli
1625 2390 1936 2455 distinqneret
1949 2392 2204 2454 unitatem,

1196 2492 1258 2523 ne
1302 2475 1634 2523 intemeratam
1670 2471 1767 2522 Dei
1800 2475 2040 2539 virqinem
2078 2490 2210 2523 error

1197 2555 1470 2621 aliquorum
1512 2573 1604 2623 per
1656 2555 1870 2604 membra
1914 2555 2143 2604 laceraret
2177 2557 2208 2603 P

1196 2637 1374 2692 Nonne
1432 2636 1746 2703 appellatione
1779 2637 1986 2703 propria
2049 2636 2211 2686 decuit

1195 2728 1343 2786 caput
1369 2718 1648 2786 principale
1690 2720 1922 2784 siynare?
1961 2719 2105 2783 Igitur
2148 2720 2206 2768 ad

1195 2818 1304 2851 eum
1322 2802 1536 2863 modum,
1557 2819 1650 2868 quo
1680 2804 1805 2867 prius
1836 2801 2040 2849 Ecclesia
2058 2837 2073 2860 ,
2099 2818 2207 2868 quae

1196 2883 1446 2941 christiana
1469 2884 1708 2933 dicebatur
1730 2918 1746 2947 ,
1780 2882 1840 2930 ob
1872 2883 2099 2935 vafritiem
2119 2883 2209 2931 hae-

1197 2967 1446 3026 reticorum
1473 2976 1519 3023 et
1545 2965 1936 3014 schismaticorum
1964 3002 1978 3026 ‚
2005 2967 2086 3031 qui
2117 2966 2207 3014 sibi

1197 3048 1321 3097 hanc
1365 3046 1719 3113 appellationem
1746 3063 2044 3095 communem
2090 3048 2210 3098 fece-

1198 3139 1308 3178 runt
1331 3167 1344 3191 ‚
1372 3129 1536 3178 debuit
1563 3129 1712 3178 vocari
1735 3125 1966 3176 catholica
1984 3166 1997 3189 ,
2026 3139 2120 3186 uta
2140 3148 2208 3180 se-

1198 3214 1283 3261 ctis
1306 3212 1675 3278 distingueretur,
1691 3212 1759 3258 sic
1771 3226 1878 3258 cum
1892 3221 2045 3276 postea
2065 3213 2206 3261 iidem

1197 3295 1396 3344 haeretici
1449 3304 1493 3342 et
1533 3292 1806 3341 schismatici
1845 3292 2062 3342 factiones
2102 3310 2207 3343 suas

1198 3378 1418 3442 coeperint
1446 3392 1604 3424 vocare
1622 3374 1871 3424 Ecclesiam
1902 3374 2207 3424 orthodoxam

1200 3469 1243 3508 et
1274 3457 1588 3518 catholicam,
1624 3457 1784 3506 debuit
1820 3464 2035 3523 praeterea
2067 3458 2209 3506 deno-

1200 3543 1364 3590 minari
1394 3555 1596 3589 romana
1624 3539 1683 3588 ab
1714 3542 1812 3607 ejus
1836 3542 1981 3605 capite
2016 3555 2208 3586 romano

1201 3622 1424 3673 Pontifice
1443 3660 1456 3685 ‚
1494 3631 1546 3671 ut
1574 3618 1962 3671 internosceretur
1988 3639 2013 3668 a
2047 3620 2207 3668 sactio-

1201 3705 1339 3755 nibus
1369 3701 1487 3754 illud
1518 3704 1605 3753 sibi
1634 3722 1806 3754 nomen
1833 3702 2175 3766 usurpantibus.

1873 3783 1965 3840 12.
