2514 4218
2096 219 2214 278 419

390 230 547 271 PAnr.
599 233 640 268 1.
688 231 839 269 sssc'r.
888 233 950 269 11.
1000 231 1123 270 CAP.
1167 233 1228 270 11.
1278 233 1350 270 DE
1392 232 1619 271 PRIMAT.
1669 233 1894 274 PERPET.

66 398 132 435 ac
188 375 427 434 titulum
474 373 585 432 alio
639 375 977 435 transferre.
1018 378 1117 435 ·De
1159 380 1291 453 jure
1342 375 1632 458 siquidem
1685 378 1889 440 divino
1938 394 2061 457 est,
2117 386 2204 444 uti

68 470 352 541 diximus,
404 469 465 526 in
514 469 673 527 Petri
729 490 1083 529 successores
1126 492 1428 530 summum
1485 471 1751 532 Ecclesiae
1802 475 2124 556 primatum
2170 503 2201 540 a

66 564 294 624 Christo
330 564 668 622 institutum
701 564 970 624 transire.
1017 567 1208 638 Quare
1241 567 1303 624 in
1350 565 1542 626 nullos
1576 567 1718 628 alios
1755 591 1934 651 quam
1969 573 2032 631 in
2058 574 2202 655 legi-

64 659 238 717 timos
265 659 421 717 Petri
461 680 812 718 successores
840 680 911 718 ex
936 658 1136 720 divina
1174 660 1544 721 institutione
1583 664 1869 744 primatus
1899 664 2202 730 dimanare

62 765 276 836 potest.
322 753 492 813 Aliud
510 776 684 836 porro
711 765 800 813 est
821 753 893 814 de
917 756 1251 814 residentia
1277 755 1562 817 disserere
1581 803 1597 831 .,
1635 758 1793 820 aliud
1811 782 1949 821 vero
1979 761 2053 822 de
2075 767 2204 824 sede

62 870 126 907 ac
156 850 329 907 sedis*
352 852 541 910 titulo.
587 848 917 909 Residentia
963 850 1125 909 enim
1167 866 1288 908 non
1326 851 1405 909 ita
1439 853 1543 910 uni
1581 853 1753 913 affixa
1792 854 1919 914 loco
1958 869 2047 917 est
2070 904 2086 933 ,
2135 871 2202 919 ut

54 945 228 1022 justis
259 943 756 1004 intercedentibus
791 936 973 1003 causis
996 989 1012 1015 a
1051 966 1174 1002 non
1199 949 1381 1025 possit
1411 945 1524 1028 alio
1547 950 1885 1026 transferri,
1926 953 2011 1011 uti
2043 974 2201 1037 saepe

62 1040 340 1118 contigit,
389 1050 478 1099 tot
512 1038 841 1121 praesertim
888 1039 1060 1097 annis
1102 1039 1315 1120 quibus
1356 1062 1505 1100 rom.
1551 1044 1859 1105 Pontifices
1900 1047 2202 1111 Avenione

62 1135 403 1192 commorati
440 1147 611 1209 sunt3
652 1145 826 1214 atque
860 1132 924 1191 in
960 1133 1274 1216 hypothesi
1308 1136 1468 1218 quod
1513 1139 1697 1198 Roma
1732 1140 2059 1220 deleretur,
2099 1157 2201 1205 aut

61 1251 128 1289 ea
152 1228 452 1289 christiani
477 1240 536 1288 et
568 1227 833 1288 catholici
863 1229 1122 1288 nominis
1157 1229 1354 1290 hostes
1379 1233 1745 1313 potirentur,
1769 1236 1928 1297 idem
1956 1242 2200 1302 omnino

62 1326 247 1385 fieret.
272 1324 450 1385 Sedes
476 1344 647 1396 vere,
680 1334 855 1405 prout
883 1324 1039 1383 Petri
1066 1335 1155 1383 est
1171 1369 1187 1399 .,
1214 1346 1279 1383 ac
1297 1326 1448 1385 sedis
1471 1326 1676 1388 titulus
1697 1351 1731 1389 a
1758 1330 1922 1392 nulla
1940 1332 2199 1396 humana

61 1421 402 1480 auctoritate
463 1419 767 1478 immutari
829 1429 1025 1500 potest
1094 1430 1196 1479 aut
1252 1422 1316 1479 in
1380 1421 1555 1482 aliam
1617 1423 1819 1485 sedem
1883 1429 2200 1492 titulumve

62 1515 384 1576 transferri.
411 1512 808 1588 Quamobrem
838 1515 966 1575 fieri
991 1515 1234 1597 quidem
1267 1527 1498 1597 potest,
1535 1528 1603 1577 ut
1624 1539 1890 1580 summus
1927 1524 2198 1586 Pontifex

60 1611 311 1671 resideat
353 1609 619 1682 Viennae,
669 1609 1019 1683 Mediolani,
1070 1610 1321 1670 Berolini
1370 1623 1472 1670 aut
1507 1613 1838 1696 Petropoli3
1891 1639 2199 1701 nunquam

62 1727 201 1768 vero
236 1715 426 1786 potest
451 1705 576 1763 fieri
597 1749 614 1780 ‚
653 1716 720 1763 ut
755 1704 1008 1786 simplex
1032 1705 1347 1788 Episcopus
1385 1706 1731 1769 Viennensis
1770 1722 1870 1769 aut
1907 1714 2197 1796 Petropo-

60 1801 275 1860 litanus
309 1801 385 1859 sit
411 1821 675 1859 summus
696 1801 997 1874 Pontifex3
1025 1799 1379 1884 ubicumque
1396 1800 1610 1863 idcirco
1639 1804 1924 1883 resideat,
1962 1830 2198 1892 semper

60 1897 172 1957 erit
208 1896 474 1956 Pontifex
509 1918 785 1956 romanus
804 1941 821 1970 ,
845 1906 912 1955 ut
940 1897 1124 1978 p'ossit
1153 1896 1266 1957 dici
1302 1918 1369 1957 ac
1398 1918 1537 1960 vere
1564 1899 1640 1959 sit
1670 1900 1733 1960 in
1760 1901 2018 1984 primatu
2042 1907 2200 1966 Petri

60 2012 347 2052 successor
377 1993 487 2072 (1).

131 2212 147 2275 (
158 2212 198 2275 l)
224 2211 324 2260 Hoc
334 2214 505 2276 optime
519 2214 627 2260 novi
642 2211 945 2262 Pontifexille
962 2212 1078 2262 Ave-

61 2296 204 2343 nione
228 2294 458 2351 residens,
477 2294 535 2343 de
561 2312 655 2360 quo
683 2295 891 2361 loquitur
909 2294 1077 2344 Franc.

63 2375 308 2424 Patrarcha
327 2413 340 2435 ,
388 2377 439 2423 in
475 2375 557 2424 lib.
598 2375 650 2424 E
645 2375 934 2441 pistolarum
970 2378 1078 2425 sine

60 2457 201 2506 titulo
216 2495 230 2519 ‚
255 2476 331 2523 ep.
362 2476 439 2512 xv,
472 2460 522 2506 in
537 2476 625 2524 qua
645 2458 970 2507 calamitatem
991 2476 1074 2507 ur-

61 2539 138 2587 bis
161 2539 324 2588 Romoe
353 2538 583 2605 deplorat.
613 2539 732 2588 Cum
767 2542 892 2588 enim
922 2541 1079 2589 Ponti-

62 2621 136 2669 fex
164 2621 289 2670 Italis
305 2631 420 2670 esset
432 2622 641 2671 infensus
654 2659 667 2681 ,
687 2624 876 2689 quidam
895 2641 948 2672 ex
971 2626 1072 2689 ejus

63 2705 238 2751 intimis
270 2702 578 2752 familiaribus
610 2704 678 2752 illi
720 2705 988 2766 consuluit,
1020 2715 1073 2753 ut

62 2786 286 2851 Papatum
318 2786 474 2835 Romae
490 2790 683 2852 eriperet
700 2826 714 2848 ‚
739 2798 785 2837 et
810 2789 1079 2838 transferret

64 2868 350 2917 Cathurcum
366 2871 415 2917 in
429 2867 713 2918 Vasconiam
728 2908 741 2930 ‚
761 2881 815 2919 ut
835 2871 926 2919 hoc
939 2871 1078 2920 modo

67 2949 124 2999 de
157 2949 287 2998 Italis
322 2951 636 3001 ulcisceretur.
666 2950 801 3017 Quod
831 2953 1079 3002 consilium

67 3030 275 3082 Pontifex
298 3034 392 3080 risu
417 3035 630 3098 excepit‚‘
650 3034 929 3098 respondens
955 3035 1038 3084 :F
1034 3051 1083 3083 e-

63 3110 231 3174 fellisti
253 3129 328 3161 me
340 3133 359 3175 ;
385 3114 614 3163 hactenus
645 3123 690 3162 te
716 3115 935 3164 nondam
961 3115 1080 3165 deli-

70 3208 177 3239 rare
197 3209 520 3258 eoqnoveram.
536 3196 623 3245 An
642 3199 834 3262 iqnoras
851 3235 866 3259 ‚
901 3199 1081 3259 inscie,

69 3271 158 3320 Ιιαο
172 3275 269 3331 via,
286 3292 428 3340 quam
448 3280 670 3327 statuisse
689 3278 929 3330 subtiliter
947 3281 1083 3328 visus

1163 2230 1212 2261 es
1239 2214 1355 2273 tibi,
1391 2219 1438 2262 et
1466 2232 1570 2274 me,
1611 2223 1656 2262 et
1687 2215 1776 2280 qui
1807 2216 1934 2264 mihi
1954 2234 2192 2267 successe-

1162 2297 1268 2344 rint
1282 2333 1296 2356 ‚
1323 2297 1566 2362 episcopos
1593 2296 1940 2347 Cathurcenses
1949 2300 2118 2363 fieri...
2134 2300 2194 2349 il-

1162 2376 1262 2425 lum
1278 2394 1405 2439 vero,
1420 2380 1509 2443 qui
1516 2381 1691 2427 Romoe
1700 2380 1977 2444 proficerit,
1995 2381 2193 2448 Papam

1154 2461 1301 2524 fore?
1331 2459 1419 2508 Sic
1438 2459 1612 2510 italum
1640 2476 1815 2508 nomen
1843 2460 1960 2509 dum
1988 2471 2192 2511 evertere

1151 2552 1301 2608 putas
1314 2580 1327 2603 ,
1350 2541 1528 2590 attollis
1541 2578 1556 2602 ‚
1574 2550 1618 2590 et
1632 2543 1688 2589 in
1700 2545 1952 2608 antiquam
1975 2546 2193 2593 restituis

1160 2624 1505 2688 day-nitatem...
1530 2622 1610 2671 De
1627 2612 1783 2671 titulis
1802 2640 1903 2672 non
1928 2633 2191 2685 eertemus;

1162 2705 1363 2754 velimus
1399 2704 1610 2756 nolimus
1639 2706 1772 2753 enim
1792 2743 1806 2766 ,
1849 2723 2008 2754 rerum
2044 2716 2193 2774 eaput

1162 2787 1316 2836 Roma
1336 2789 1450 2837 erit.
1474 2787 1598 2854 Opp.
1628 2787 1863 2836 Francisci
1891 2788 2149 2839 Petramhae
2173 2828 2187 2851 ,

1162 2869 1273 2918 edit.
1292 2869 1477 2918 Basileae
1501 2868 1618 2920 1581
1631 2905 1647 2930 ‚
1665 2879 1778 2918 tom.
1794 2886 1829 2916 ιι
1845 2906 1858 2929 ,
1875 2887 1925 2934 p.
1938 2870 2188 2936 727728·

1163 2952 1361 3018 Noverat
1374 2971 1544 3018 nempe
1562 2952 1772 3002 Pontifex
1785 2989 1799 3012 ‚
1818 2955 2054 3002 neminem
2070 2991 2084 3017 ‚
2106 2957 2189 3021 qui

1164 3052 1261 3083 non
1297 3035 1438 3084 fuerit
1464 3034 1599 3084 Petro
1633 3036 1683 3083 in
1723 3031 1943 3084 cathedra
1975 3034 2188 3086 Romana

1165 3134 1419 3178 successor,
1452 3134 1584 3182 posse
1608 3134 1847 3166 summum
1864 3117 2189 3168 Pontificatum

1167 3199 1378 3248 obtinere
1398 3237 1411 3259 ,
1435 3198 1531 3266 *qui
1556 3200 1668 3248 huic
1700 3202 1977 3250 successioni
2004 3200 2189 3267 insepa-

1167 3281 1372 3331 rabiliter
1397 3299 1634 3332 connexus
1664 3293 1750 3332 est.

1742 3795 1845 3854 27.
