2514 4218
264 163 306 222 2
1150 177 1487 216 mocianum.

269 325 511 385 inferior
537 322 824 383 videatur.
845 324 975 382 Huc
1004 319 1224 381 accedit
1247 362 1262 391 ‚
1294 317 1643 390 methodum
1669 342 1700 379 a
1725 321 1887 380 Cano
1910 322 2245 404 adoptatam
2269 368 2284 396 ‚
2316 347 2380 384 ac

270 419 540 500 deinceps
579 439 611 477 a
650 416 886 498 reliquis
929 417 1048 475 fere
1095 424 1228 494 post
1269 414 1496 493 ipsum,
1543 414 1736 473 minus
1772 419 2133 496 geneticam,
2179 430 2246 476 ut
2290 417 2382 477 lo-

269 524 559 596 quuntur,
583 512 706 572 sive
728 511 1098 570 scientificam
1122 505 1307 566 videri
1328 528 1509 587 posse.
1539 508 1621 566 Ex
1643 529 1708 568 ea
1738 511 2025 592 siquidem
2049 512 2207 572 haud
2230 513 2383 574 levia

271 610 581 670 dimanant
613 602 1019 677 incommoda,
1059 623 1190 685 quae
1230 602 1507 663 declinari
1547 603 1643 662 vix
1693 615 1794 662 aut
1831 606 2167 666 nullatenus
2205 609 2381 668 etiam

273 715 516 788 queunt.

355 799 414 859 3.
459 798 684 857 Etenim
713 794 907 853 Canus
935 793 1126 875 primo
1159 792 1284 851 loco
1311 793 1383 852 de
1409 793 1718 875 Scripturis
1742 792 1955 855 divinis
1981 798 2096 877 agit
2115 842 2131 872 .,
2170 797 2384 858 deinde

272 916 411 957 vero
439 893 510 952 de
539 888 871 950 Traditione
891 933 907 962 ,
940 886 1080 978 hinc
1105 887 1178 948 de
1205 887 1455 947 Ecclesia
1483 899 1542 947 et
1573 889 1647 948 de
1675 889 1943 950 Conciliis
1961 937 1977 963 ,
2011 892 2219 973 quibus
2251 892 2383 952 sub·

270 990 451 1051 nectit
475 1004 599 1067 quae
622 983 698 1043 ad
719 1004 1031 1042 romanum
1053 984 1398 1042 Pontificem
1417 1029 1434 1059 ,
1471 984 1710 1042 Sanctos
1736 995 1961 1045 veteres
1984 1032 1999 1060 ,
2029 1008 2174 1068 quos
2209 988 2383 1069 vulgo

267 1087 480 1146 Patres
530 1100 939 1161 nuncupamus
962 1122 980 1152 ‚
1033 1099 1098 1137 ac
1147 1077 1464 1160 Theologos
1515 1078 1884 1139 scholasticos
1930 1081 2263 1162 pertinent3
2320 1094 2386 1141 ut

269 1180 504 1238 demum
531 1186 651 1235 tres
691 1174 833 1233 alios
870 1174 1092 1256 aperiat
1128 1174 1349 1248 fontes,
1394 1173 1552 1234 unde
1592 1174 1915 1256 Theologus
1948 1177 2175 1237 hauriat
2223 1199 2383 1259 argu·

268 1283 469 1334 menta
496 1270 590 1330 illa
610 1315 627 1347 ,
663 1290 793 1351 quae
819 1270 943 1351 ipse
982 1281 1148 1331 vocat
1170 1269 1527 1351 adscriptitia
1562 1290 1627 1329 ac
1660 1270 1825 1330 velut
1865 1293 1934 1330 ex
1973 1272 2161 1331 alieno
2192 1293 2387 1332 emen·

271 1369 496 1439 dicata,
533 1366 822 1425 rationem
859 1364 1077 1424 scilicet
1123 1364 1453 1424 naturalem
1477 1411 1492 1439 ,
1546 1366 1956 1426 auctoritatem
2004 1367 2386 1449 philosopho-

270 1485 401 1523 rum
480 1472 540 1521 et
594 1459 1141 1540 jurisconsultorum
1176 1505 1193 1534 ‚
1264 1472 1564 1542 postremo
1621 1462 2032 1522 auctoritatem
2110 1462 2384 1523 humanae

269 1558 522 1618 historiae
555 1556 668 1638 (1).

354 1654 411 1713 4.
441 1654 654 1713 Verum
679 1653 978 1712 enimvero
1002 1652 1128 1734 quis
1153 1673 1415 1734 unquam
1431 1673 1552 1711 non
1571 1653 1802 1729 viderit,
1823 1675 2194 1736 nequaquam
2216 1676 2385 1737 posse

273 1769 629 1833 quemquam
663 1747 736 1807 de
770 1747 1081 1829 Scripturis
1107 1749 1314 1821 sacriS‚
1363 1758 1540 1830 prout
1566 1749 1794 1807 divz'noe
1830 1761 2199 1832 spectantur,
2251 1762 2386 1831 apte

273 1845 552 1927 disserere
572 1889 587 1917 ,
627 1842 700 1902 de
722 1844 981 1924 ipsarum
1002 1888 1017 1915 .,
1048 1853 1112 1901 ut
1136 1842 1301 1901 aiunt
1327 1888 1342 1916 a
1373 1842 1757 1924 inspiratione
1788 1857 1847 1904 et
1878 1867 2099 1905 canone
2119 1890 2135 1918 ,
2164 1857 2231 1904 ut
2258 1845 2387 1906 reli·

273 1961 387 2023 qua
432 1939 608 1998 missa
645 1938 885 2012 faciam,
937 1938 1080 2019 quin
1127 1938 1289 2019 prius
1333 1939 1644 1997 auctoritas
1689 1939 1788 1999 illa
1821 1943 2134 2000 constituta
2167 1942 2273 2014 sit,
2316 1963 2389 2001 ex

271 2057 384 2118 qua
418 2034 607 2094 solum
645 2054 726 2092 eae
761 2044 913 2093 notae
941 2044 1070 2091 tuto
1105 2031 1274 2091 nobis
1307 2044 1589 2114 poterunt
1631 2035 1942 2095 constare?
1982 2035 2145 2096 Idem
2185 2035 2279 2096 dic
2317 2034 2389 2096 de

273 2132 487 2193 divinis
524 2129 932 2189 traditionibus
960 2141 1019 2188 et
1046 2151 1246 2188 earum
1281 2130 1652 2207 auctoritate,
1691 2153 1757 2191 ac
1793 2133 1864 2192 de
1892 2132 2128 2214 reliquis
2159 2154 2291 2215 quae
2315 2131 2389 2192 ab

276 2226 540 2288 Ecclesiae
581 2226 925 2287 auctoritate
961 2247 1027 2284 ac
1049 2226 1412 2299 testimonio,
1442 2226 1525 2284 uti
1552 2238 1751 2307 postea
1780 2228 2155 2288 ostendemus
2175 2273 2191 2302 .‚
2220 2232 2388 2286 unice

268 2323 556 2406 pendent.

358 2419 414 2478 5.
460 2415 857 2490 Quamobrem
900 2415 1012 2473 iter
1053 2414 1407 2490 insistendO‚
1446 2417 1603 2498 quod
1639 2429 1698 2476 et
1735 2417 1872 2476 alias
1903 2418 2145 2496 ingressi
2184 2438 2384 2475 sumus

275 2515 340 2574 in
375 2512 682 2596 posteriori
714 2509 1075 2570 tractationis
1103 2520 1316 2568 nostrae
1347 2523 1516 2592 parte
1536 2558 1551 2587 7
1585 2535 1762 2592 quam
1793 2512 1866 2571 de
1909 2514 2062 2572 Vera
2105 2514 2389 2592 relzyiona

273 2611 556 2669 adversus
596 2607 964 2666 heterodoxos
998 2604 1429 2684 inscripsimus,
1475 2608 1655 2686 magis
1698 2605 1773 2664 ad
1808 2628 1934 2665 rem
1967 2607 2386 2666 conficiendam

274 2714 674 2787 opportunum
701 2699 869 2760 nobis
897 2699 1088 2761 visum
1118 2708 1206 2756 est
1225 2699 1476 2759 exordiri
1500 2699 1573 2759 ab
1598 2700 1874 2773 Ecclesia,
1907 2706 2065 2779 cujus
2088 2703 2385 2785 praescrip-

274 2802 497 2859 tionem
516 2841 540 2871 ,
581 2798 703 2857 sive
735 2797 1208 2855 anterioritatem
1225 2837 1249 2866 ,
1284 2806 1352 2853 ut
1378 2797 1458 2855 ita
1485 2796 1723 2878 loquar,
1765 2818 1898 2855 cum
1926 2802 2052 2875 J'am
2081 2799 2384 2857 constitui-

276 2916 440 2965 muS,
468 2894 548 2953 sic
579 2894 760 2973 magis
794 2913 859 2951 ac
893 2889 1072 2969 magis
1107 2888 1171 2946 in
1210 2888 1316 2949 hac
1345 2892 1471 2974 ipsa
1505 2893 1850 2952 tractatione
1885 2892 2379 2952 confirmabimus.

282 2990 365 3048 Ex
391 2988 501 3048 hoc
527 3010 701 3069 porro
733 2987 1024 3070 principio
1074 2982 1235 3044 velut
1273 3007 1342 3044 ex
1394 2987 1686 3047 uberrima
1721 2999 1911 3067 segete
1956 3009 2209 3069 pronum
2275 2991 2385 3047 erit

280 3082 543 3163 colligere
566 3129 582 3157 ,
605 3105 738 3165 quae
759 3083 835 3143 ad
859 3104 1078 3142 sacram
1108 3087 1466 3166 Scripturam
1498 3095 1555 3143 et
1577 3082 1652 3142 ad
1674 3082 2068 3158 traditionem,
2100 3084 2221 3142 sive
2251 3105 2383 3143 ora-

279 3179 396 3239 lem
417 3224 433 3253 .‚
483 3179 604 3240 sive
637 3179 856 3240 litteris
891 3180 1373 3264 documentisque
1408 3175 1680 3262 deinceps
1718 3181 2150 3261 consignatam,
2203 3179 2383 3242 aliave

280 3273 506 3332 ratione
535 3273 609 3333 ad
644 3296 748 3332 nos
780 3274 1088 3336 deductam
1112 3323 1128 3352 ,
1166 3277 1521 3337 referuntur.
1554 3274 1772 3349 Quibus
1803 3274 2076 3334 absolutis
2108 3276 2384 3335 firmiter·-

281 3388 394 3447 que
422 3367 833 3437 constabilitis,
865 3371 1157 3453 pandetur
1186 3374 1282 3434 via
1311 3371 1386 3432 ad
1413 3371 1661 3452 reliquas
1683 3371 2024 3452 quaestiones
2057 3369 2382 3449 agitandas,

283 3461 356 3521 de
390 3461 599 3543 quibus
627 3466 770 3523 acris
809 3459 1204 3530 controversia
1234 3513 1250 3543 ,
1288 3478 1455 3528 aetate
1491 3467 1856 3550 potissimum
1894 3466 2001 3524 hac
2037 3476 2272 3539 nostra,
2322 3473 2381 3523 et

283 3556 577 3615 contentio
615 3558 859 3617 excitata
892 3573 979 3621 est
1000 3606 1022 3635 ,
1057 3562 1131 3624 de
1168 3562 1429 3643 analogia
1475 3561 1743 3624 videlicet
1777 3561 2015 3622 rationis
2045 3582 2109 3621 ac
2139 3559 2293 3621 fidei.

350 3707 411 3769 (1)
451 3707 553 3758 Lib.
585 3724 633 3769 ι,
668 3726 769 3774 cap.
807 3709 855 3759 3.
