2514 4218
541 234 697 274 unr-
726 207 788 272 ὓ1.
830 232 953 273 cAr.
1002 235 1089 272 11¹.
1140 234 1208 272 DE
1251 234 1518 274 ncctnsmt
1561 235 1740 274 NO'HS.
2105 218 2220 283 197

112 379 202 439 nis
222 424 239 454 .‚
276 378 532 458 adeoque
565 375 839 457 temporis
883 386 1070 435 tractu
1103 374 1409 437 descivisse
1442 374 1515 436 ab
1554 379 1675 454 ejus
1710 377 2123 441 communione
2155 394 2215 443 et

112 471 532 534 schismaticam
584 472 863 544 evasisse3
923 470 1180 529 inaudita
1229 471 1479 554 proinde
1532 472 1858 551 arrogantia
1914 485 2000 531 est
2043 475 2215 555 hujus

111 566 456 627 schismatici
494 576 676 625 coetus
717 565 1026 626 nationalis
1085 564 1235 624 velle
1276 565 1387 625 sibi
1419 569 1670 627 eeclesiae
1708 567 2010 626 catholicoe
2042 581 2216 653 atque

110 665 439 723 orthodoxae
474 684 691 721 nomen
730 663 1060 721 adsciscere·-

190 758 327 834 306.
374 758 462 817 Ad
509 758 630 831 3¹¹¹,
674 759 827 817 Disc.
870 758 1126 840 Utraque
1167 754 1409 835 Ecclesia
1452 767 1718 816 centrum
1761 756 1941 817 habet
1975 759 2216 819 unitatis

100 854 387 930 fictitium
405 895 424 922 ,
462 873 663 918 conc.,·
701 850 975 922 formale,
1015 848 1183 930 quale
1229 849 1491 910 Christus
1527 851 1816 925 instituit,
1870 875 2001 932 neq.
2061 856 2211 914 Nam

111 947 335 1006 etiamsi
388 946 630 1005 Ecclesia
687 965 863 1025 graeca
913 941 1098 1001 subsit
1140 943 1486 1023 patriarchae
1539 947 2209 1029 constantinopolitam,

108 1060 240 1099 cum
271 1039 363 1099 hic
386 1061 447 1100 se
476 1039 831 1122 separaverit
861 1058 924 1096 ac
949 1034 1294 1097 subduxerit
1317 1037 1392 1097 ab
1428 1040 1769 1100 auctoritate
1793 1043 2038 1101 Romani
2069 1046 2217 1103 Pon-

45 1162 47 1164 ’
111 1135 275 1193 tificis
296 1179 311 1209 ‚
340 1147 406 1193 ut
434 1157 494 1195 se
527 1145 794 1194 centrum
821 1143 880 1192 et
907 1132 1298 1215 patriarcham
1339 1136 1766 1195 oecumenicum
1795 1138 2170 1199 constitueret
2196 1185 2212 1216 ,

110 1250 286 1311 quare
322 1230 525 1289 eodem
557 1233 687 1306 jure
738 1249 858 1285 non
900 1238 1182 1308 poterunt
1217 1248 1278 1286 se
1312 1226 1386 1286 ab
1422 1249 1490 1287 eo
1526 1250 1793 1311 separare
1829 1230 1904 1290 ad
1960 1252 2022 1291 se
2071 1253 2214 1292 con-

108 1325 432 1385 stituendos
463 1322 866 1404 autocephalos
893 1325 1158 1407 Episcopi
1181 1323 1438 1404 singuli?
1463 1326 1573 1383 Par
1609 1327 1767 1384 enim
1796 1328 2037 1387 omnino
2068 1329 2215 1389 ratio

109 1432 217 1480 est.
261 1422 338 1480 Ac
378 1420 563 1501 reipsa
595 1418 677 1477 ita
714 1418 927 1478 factum
965 1440 1086 1479 esse
1123 1419 1323 1502 paucis
1365 1417 1439 1478 ab
1485 1418 1618 1490 hinc
1648 1421 1818 1479 annis
1843 1465 1859 1495 ,
1896 1421 2106 1482 saltem
2144 1443 2217 1482 ex

109 1525 274 1596 parte
302 1513 566 1575 videmus
590 1512 698 1594 (l).
733 1513 902 1587 Quod
935 1536 1070 1574 vero
1100 1515 1311 1574 attinet
1334 1513 1410 1572 ad
1439 1515 1728 1594 synodum
1764 1528 2214 1596 permanentem

107 1609 622 1693 petropolitanam,
649 1610 871 1669 tamdiu
891 1609 1063 1689 hujus
1076 1610 1312 1671 durabit
1334 1610 1666 1684 auctoritaS‚
1693 1610 1974 1691 quamdiu
1991 1611 2218 1670 steterit

107 1704 387 1764 russicam
419 1705 588 1768 civile
627 1705 957 1787 imperium.
995 1706 1164 1780 Quod
1192 1706 1242 1764 si
1272 1703 1454 1765 semel
1485 1704 1595 1764 hoc
1632 1704 2084 1780 dissolveretur,
2120 1726 2217 1765 ac·
2291 1776 2296 1784 ἢ

109 1810 235 1858 tum
271 1798 445 1880 plane
478 1799 590 1859 erit
624 1799 697 1859 de
733 1800 933 1859 fictitio
966 1799 1299 1880 hujusmodi
1341 1809 1560 1860 centro.
1607 1800 1807 1881 Itaque
1844 1798 1991 1858 illud
2026 1798 2218 1858 solum

107 1914 243 1955 vere
257 1906 523 1953 centrum
539 1905 648 1970 est,
674 1895 832 1977 quod
846 1905 934 1955 est
952 1895 1231 1956 divinitus
1251 1895 1607 1967 institutum3
1628 1904 1840 1967 cetera,
1866 1914 1995 1975 quae
2017 1904 2219 1953 centra

106 2009 226 2048 non
254 2002 393 2049 sunt
429 1991 540 2049 nisi
567 1991 629 2048 in
656 1990 891 2049 illorum
921 1990 1197 2072 opinione
1216 2036 1232 2066 ,
1269 1990 1368 2071 qui
1402 1989 1524 2050 haec
1561 1988 1670 2047 sibi
1700 1989 2041 2067 confingunt
2063 2033 2081 2062 .,
2118 1999 2220 2047 ut-

109 2097 244 2166 pote
271 2087 636 2146 ''schismatica
669 2098 729 2146 et
761 2086 1069 2156 haeretica,
1102 2087 1164 2145 in
1192 2097 1474 2169 perpetua
1505 2083 1858 2145 oscillatione
1890 2094 2221 2146 versantur.

192 2178 330 2239 307.
375 2181 462 2240 Ad
497 2181 579 2240 [ιω
602 2225 619 2251 .,
649 2187 801 2240 Βίει.
838 2180 1046 2260 Tribus
1081 2182 1288 2241 saltem
1319 2179 1636 2240 haeresibus
1675 2178 1928 2261 demptis
1949 2223 1965 2254 ‚
2009 2188 2220 2244 travam

111 2292 309 2347 secuS‚
364 2295 490 2354 ney.
542 2274 705 2333 Tales
757 2273 1004 2333 haereses
1057 2287 1196 2334 sunt
1241 2275 1471 2354 negatio
1529 2273 1908 2355 processionis
1970 2272 2217 2353 Spiritus

117 2367 308 2426 Sancti
333 2367 507 2427 etiam
541 2389 574 2426 a
610 2367 781 2441 Filio,
814 2369 1138 2428 existentiae
1171 2368 1527 2450 purgatorii,
1563 2378 1623 2425 et
1647 2367 1931 2447 primatus
1962 2370 2095 2443 jure
2129 2363 2225 2423 di.-

114 2462 252 2524 vino
286 2463 512 2521 romani
544 2463 870 2536 pontificis,
922 2464 1021 2545 qui
1064 2462 1292 2522 articuli
1331 2461 1671 2522 solemniter
1710 2460 1935 2520 definiti
1982 2469 2122 2517 sunt
2161 2459 2224 2518 in

110 2557 481 2616 oecumenicis
527 2557 798 2617 Conciliis
841 2558 1212 2637 Lugdunensi
1247 2580 1291 2616 11
1328 2568 1388 2617 et
1430 2556 1800 2629 Florentino,
1845 2565 1914 2613 ut
1947 2575 2051 2612 suo
2099 2552 2226 2613 loco

111 2651 520 2726 ostendemus»,
562 2651 1062 2711 subscribentibus
1096 2653 1291 2732 graecis
1326 2651 1500 2733 ipsiS,
1536 2651 1657 2709 imo
1689 2661 1748 2709 et
1787 2648 2015 2709 russicis
2053 2647 2225 2731 Epis-

112 2746 268 2829 copis
290 2747 402 2828 (2).
432 2747 816 2816 Dixisaltem3
839 2745 1206 2828 exploratum
1236 2747 1394 2806 enim
1418 2757 1529 2821 est,
1556 2744 1727 2825 longe
1747 2744 1979 2826 lateque
2004 2763 2224 2803 errores

113 2842 368 2922 Gregorii
386 2841 629 2902 Palamae
646 2864 711 2902 ac
728 2841 1173 2901 Thaboritarum
1186 2842 1251 2901 in
1271 2841 1516 2903 Ecclesia
1531 2862 1710 2922 graeca
1725 2839 1963 2899 diffusos
1977 2859 2100 2899 esse
2115 2836 2224 2918 (3).

120 3046 292 3094 russica
325 3060 374 3093 se
399 3047 565 3110 pariter
589 3046 816 3111 separavit
836 3062 889 3092 ac
910 3044 1131 3094 subduxit
1214 3054 1269 3094 ut
1300 3063 1560 3111 supremam
1593 3046 1906 3095 auctoritatem
1927 3043 2220 3104 obtinerent,

117 3123 175 3172 ab
210 3127 371 3176 eodem
409 3127 908 3193 constantinopolitano
937 3128 1129 3191 patriar·
1213 3130 1410 3193 turpiter
1443 3126 1735 3179 defecerunt.

119 3203 234 3267 οἰκος
269 3217 404 3273 atque
423 3208 535 3256 hinc
568 3209 742 3257 factum
764 3217 854 3267 est,
875 3217 925 3256 ut
942 3208 1133 3256 diversae
1285 3210 1358 3275 (1)
1396 3209 1519 3259 lbid.

118 3286 215 3332 istae
233 3285 439 3338 Ecclesiae
460 3290 612 3340 ‹livisae
638 3292 810 3339 fuerint
836 3291 893 3338 ab
910 3291 1129 3351 invicem,
1283 3291 1348 3356 (⁴2)
1386 3292 1518 3342 Acta
1576 3286 1900 3338 Consiliorum
1946 3285 2176 3337 Harduini
2209 3321 2232 3346 „

126 3375 169 3414 et
197 3366 369 3416 effectae
393 3373 646 3421 nationales
663 3410 677 3433 ‚
711 3383 848 3438 atque
884 3373 1135 3420 constanti-
1217 3382 1334 3422 tom.
1359 3389 1405 3421 ix
1423 3409 1437 3433 ‚
1466 3371 1556 3421 col.
1586 3386 1701 3438 990.

125 3448 378 3513 nopolitani
407 3455 673 3515 patriarchae
706 3457 949 3504 auctoritas
980 3453 1040 3501 ad
1061 3455 1134 3501 ni·
1285 3454 1352 3519 (3)
1401 3454 1517 3503 Satis
1557 3464 1624 3501 est
1666 3453 1786 3501 inter
1838 3461 2008 3502 ceteros
2049 3450 2224 3514 legere,

125 3529 276 3577 hilum
312 3530 494 3581 redacta
513 3534 668 3586 fuerit.
693 3536 764 3585 Ita
798 3535 924 3585 Deus
952 3536 1135 3602 punivit
1215 3553 1321 3603 qnae
1358 3535 1415 3585 de
1442 3534 1656 3600 Gregorio
1693 3533 1879 3584 Palama
1921 3535 2099 3598 scripsit
2138 3529 2229 3578 Ne-

126 3614 487 3678 patriarcharum
532 3619 1132 3686 constantinopolitanorum
1215 3620 1381 3667 ctarius
1403 3654 1417 3678 ‚
1444 3620 1492 3666 in
1521 3635 1600 3683 op.
1628 3618 1709 3666 cit.
1734 3615 2012 3681 Confutatio
2032 3612 2230 3678 imperii

127 3696 386 3760 superbiam
405 3734 419 3758 ,
456 3700 537 3764 qui
563 3697 621 3748 ab
659 3699 862 3752 Ecclesia
893 3718 1088 3752 romana
1116 3738 1131 3763 ‚
1215 3700 1393 3766 Papoe.
