2514 4218
366 211 520 247 PARr.
575 212 611 246 1.
659 211 806 247 sacr.
859 213 919 246 11.
968 212 1087 246 cn».
1138 211 1199 246 ιι.
1252 212 1316 245 ηε
1362 210 1585 247 rmum.
1638 209 1857 247 PERPET.
2046 189 2162 249 399

49 352 245 432 verbis
288 349 564 432 concepto
613 374 625 409 :
685 354 928 411 Etenim
980 357 1246 431 antiquae
1285 355 1492 412 Romoe
1540 353 1782 426 throno7
1822 355 1980 432 quod
2018 357 2167 414 urbs

50 453 157 509 illa
185 453 540 528 imperaret,
566 453 716 525 jure
742 450 950 507 Patres
971 450 1290 527 privz'leqia
1314 449 1690 518 tribuerunt,
1716 458 1771 504 et
1791 449 1991 506 eadem
2022 472 2169 509 con—

51 545 407 604 sideratione
442 547 591 600 moti
614 555 852 601 centum
874 545 1326 621 quinquaqinta·
1355 545 1475 601 Dei
1494 545 1912 601 amantissimi
1929 544 2169 622 Episco-

47 643 124 718 pi
141 641 516 698 sanctissimo
542 659 702 698 novoe
718 642 914 697 Romoe
933 639 1141 696 throno
1170 640 1431 716 oequalia
1446 640 1767 717 privileqia
1790 627 2137 698 tribuerunt
2143 666 2170 713 ‚-

54 744 111 792 et
162 733 482 814 Cyprianus
529 755 542 789 ε
591 733 919 811 Quoniam,
964 732 1189 812 inquit,
1228 753 1342 809 pro
1397 734 1819 812 mayn-etudine
1859 754 1972 791 sua
2009 735 2177 793 debet

58 829 477 907 Carthayinem
512 829 708 888 Roma
734 828 1066 906 praecedere
1086 826 1196 906 (Ι).
1236 827 1548 908 Episcopus
1574 849 1848 886 romanus
1876 829 2066 888 seculo
2091 832 2171 888 ΙΙΙ

54 923 354 983 fruebatur
372 922 780 1001 jurisdictione
815 943 990 1003 super
1034 941 1242 1000 magna
1283 920 1459 981 ltaliae
1487 933 1651 1003 parte
1680 946 1695 994 ς
1723 944 1854 982 eam
1883 924 1991 1005 ipsi
2028 946 2171 984 con-

54 1019 308 1079 firmavit
362 1017 626 1098 Synodus
659 1018 1071 1085 Nicaena‚can.
1124 1018 1227 1083 VI,
1270 1017 1369 1097 qui
1392 1017 1472 1075 ita
1521 1038 1581 1076 se
1622 1017 1799 1078 habet
1841 1041 1855 1076 ε
1896 1022 2177 1101 Antiqua
2244 1048 2249 1052 s

54 1114 409 1173 consuetudo
450 1124 721 1172 servetur
730 1133 846 1191 per
865 1112 1205 1191 AEyyptum
1224 1155 1246 1183 ,
1290 1113 1536 1194 Libiam
1565 1124 1621 1172 et
1649 1115 2054 1194 Pentapolim,
2086 1128 2173 1176 ita
2235 1154 2239 1160 -

55 1221 125 1269 ut
149 1211 608 1270 Alexandrinus
629 1210 963 1287 Episcopus
998 1209 1214 1266 horum
1237 1213 1520 1266 ‘omnium
1553 1210 1769 1268 habeat
1798 1221 2189 1289 potestatem:

53 1309 202 1384 quia
233 1317 289 1364 et
320 1307 488 1365 urhis
522 1306 731 1366 R‘omoe
774 1304 1070 1381 Episcopo
1099 1305 1325 1381 parilis
1354 1323 1475 1361 mos
1504 1315 1603 1363 est.
1635 1306 1930 1364 Similiter
1969 1317 2172 1365 autem

54 1412 107 1458 et
139 1404 310 1480 apud
347 1400 731 1460 Antiochiam
782 1409 1115 1477 ceterasque
1151 1400 1500 1476 provincias
1538 1403 1665 1456 suis
1704 1403 2027 1481 pri'vi'leqia
2046 1424 2173 1462 ser-

54 1508 270 1556 ventur
289 1498 572 1556 Ecclesiis
598 1495 685 1575 (2)
707 1540 722 1569 .,
750 1516 852 1554 seu
877 1506 942 1552 ut
961 1494 1173 1575 legitur
1199 1494 1260 1550 in
1292 1497 1557 1553 versione
1581 1494 1804 1570 Rufini,
1839 1480 1990 1555 et'ut
2002 1501 2180 1576 apud

55 1593 529 1662 Alexandriam,
584 1601 638 1648 et
676 1594 745 1648 in
793 1591 939 1648 urhe
975 1591 1205 1658 Roma,
1242 1600 1466 1648 vetusta
1487 1591 1841 1648 consuetudo
1875 1603 2174 1667 servetur,

56 1698 126 1744 ut
161 1692 248 1745 vel
269 1688 366 1744 ille
379 1686 641 1765 AEyypti
656 1728 675 1755 ,
705 1687 792 1743 vel
832 1686 927 1743 hic
949 1686 1528 1744 suburbicariarum
1554 1688 1937 1765 ecclesiarum
1962 1690 2180 1748 sollici·

54 1782 326 1840 tudinem
349 1793 524 1860 qerat
556 1781 664 1860 (3).
695 1781 762 1839 30
807 1780 1129 1839 Concilium
1150 1780 1484 1839 Sardicense
1518 1781 1572 1840 ei
1594 1780 1841 1840 contulit
1862 1783 2177 1864 peculiaria

53 1876 351 1957 privilegia
386 1897 496 1935 sec.
542 1878 613 1934 IV
660 1876 769 1955 (4).
825 1875 892 1934 40
934 1879 1326 1958 »Imperatores
1361 1897 1500 1936 vero
1553 1876 1895 1952 GratianuS‚
1947 1878 2177 1938 Valen-
2247 1890 2280 1946 ’,

53 1972 308 2030 tinianus
332 1983 391 2030 et
422 1972 786 2030 Justinianus
801 1970 1012 2052 aliique
1047 1982 1429 2051 agnoverunt.
1458 1973 1607 2029 Rom
1633 1972 1922 2031 pontificis
1954 1974 2176 2055 prima-

57 2077 179 2123 tum
203 2112 218 2138 „
245 2089 309 2124 ac
348 2067 534 2125 varias
572 2069 623 2125 ei
649 2066 1027 2125 contulerunt
1054 2067 1460 2148 praerogativas
1498 2077 1556 2124 et
1594 2065 1915 2147 privilegia.
1963 2070 2005 2126 A
2037 2089 2179 2128 vero

56 2182 231 2243 porro
278 2160 612 2234 abluderet,
655 2164 755 2243 qui
796 2162 1297 2244 praeeminentiam
1357 2161 1617 2221 Ecclesiae
1664 2183 1921 2221 romanae
1971 2184 2003 2221 a
2042 2162 2177 2222 solis

58 2257 486 2337 Imperatorum
511 2256 756 2315 decretis
781 2268 882 2315 aut
905 2256 1295 2316 Conciliorum
1320 2255 1637 2316 canonibus
1666 2257 1907 2318 inferret
1926 2303 1941 2333 .,
1968 2280 2176 2340 quam—-

60 2352 146 2410 vis
172 2351 341 2411 valde
363 2363 525 2410 aucta
551 2364 622 2411 ex
644 2352 927 2430 ejusmodi
949 2353 1129 2410 causis
1151 2352 1341 2411 fuerit.
1369 2350 1743 2410 Fundabatur
1766 2351 1867 2411 illa
1890 2353 2177 2434 siquidem

59 2448 119 2506 in
169 2448 529 2528 possessione
579 2447 1029 2521 attributorum,
1081 2469 1211 2529 quae
1254 2446 1554 2507 collective
1611 2446 1685 2505 ad
1740 2446 1962 2506 nullam
2004 2448 2178 2507 aliam

59 2542 372 2601 Ecclesiam
406 2542 767 2624 spectabant.
813 2543 1031 2602 Exinde
1062 2563 1315 2623 pronum
1345 2554 1431 2601 est
1460 2562 1766 2621 agnoscere
1785 2587 1802 2618 ‚
1827 2564 2005 2624 quare
2041 2544 2179 2626 Epi-

56 2640 214 2719 scopi
259 2640 488 2699 romani
529 2651 878 2700 vocarentur
916 2661 947 2699 a
990 2639 1255 2699 Patribus
1303 2660 1651 2699 successores
1687 2640 1748 2698 S.
1804 2640 1977 2697 Petri
1989 2660 2011 2708 ,·
2066 2641 2179 2722 ipsi

59 2734 218 2793 enim
258 2723 426 2793 erant
480 2737 742 2818 Episcopi
789 2735 1150 2819 particularis
1206 2735 1498 2810 Ecclesiae‚
1523 2746 1525 2748 ’
1553 2735 1644 2794 cui
1689 2735 1746 2793 S.
1796 2737 2000 2794 Petrus
2035 2735 2176 2794 fun-

59 2829 268 2890 dandae
308 2829 784 2905 adlaboraverat‚
835 2832 1041 2913 cuique
1083 2830 1468 2913 praesederat„
1506 2842 1789 2913 erantque
1822 2830 1966 2890 adeo
1994 2831 2180 2894 veluti

60 2927 321 3007 Episcopi
350 2926 609 2992 Ecclesiae
641 2927 979 3009 principalis
1000 2972 1016 3001 ,
1040 2934 1453 2987 eminentiores
1480 2927 1636 2986 inter
1661 2947 2013 2988 successores
2033 2929 2181 3009 Apo-

62 3019 378 3093 stolorum,
419 3021 494 3079 ad
530 3043 664 3081 eum
705 3024 945 3104 praecise
990 3022 1229 3081 modum
1270 3044 1385 3104 quo
1429 3024 1636 3081 Petrus
1675 3022 2181 3104 praeeminentiam

63 3111 343 3176 habuerat
382 3118 538 3177 inter
571 3117 868 3200 Apostolos
917 3119 1071 3199 ipsos
1118 3118 1228 3197 (5).
1274 3120 1439 3200 Ergo,

138 3303 203 3366 (1)
240 3303 387 3369 Epist.
413 3308 883 3365 smmTheodoretus,
919 3308 1077 3374 Epist.
1235 3308 1298 3372 (2)
1338 3308 1474 3373 Apud
1510 3307 1649 3356 Hard.
1678 3319 1792 3357 tom.
1825 3326 1840 3355 1
1862 3346 1876 3369 ‚
1907 3308 1998 3358 col.
2036 3308 2150 3358 326.

65 3386 129 3434 ad
141 3388 372 3448 Leonem,
390 3388 598 3455 loquitur
610 3392 667 3440 de
686 3391 801 3439 urbe
814 3389 959 3439 Roma
978 3400 1081 3439 tan·
1237 3390 1305 3456 (3)
1344 3390 1468 3439 Ibid.
1500 3389 1590 3440 col.
1621 3390 1741 3441 333.

73 3472 215 3533 q'uam
244 3468 299 3514 de
316 3473 531 3519 omnium
552 3475 768 3522 maxima
793 3482 838 3522 ct
866 3469 1081 3521 clarissi-
1235 3473 1301 3537 (A)
1339 3472 1554 3522 Canonn.
1591 3488 1645 3521 111
1661 3511 1675 3534 ,
1699 3490 1747 3522 iv
1763 3513 1777 3533 ‚
1813 3491 1907 3523 vm.
1931 3474 2054 3522 Ibid.
2090 3474 2180 3522 col.

72 3566 151 3596 ma
171 3587 183 3607 ‚
212 3567 321 3613 qum
355 3560 397 3597 et
425 3551 530 3613 orbi
557 3562 790 3602 terrarum
817 3554 1075 3621 praesidet,
1165 3551 1415 3622 639-642.

70 3640 114 3679 ct
143 3630 410 3679 incolarum
446 3649 643 3698 numero
673 3635 939 3702 redundat(
957 3636 1081 3702 apud
1237 3635 1299 3700 (5)
1338 3632 1579 3684 Hactenus
1608 3636 1704 3693 fere
1738 3636 1916 3684 Palmcr
1938 3673 1951 3694 .‚
1981 3651 2064 3699 op.
2098 3637 2179 3683 cit.

73 3711 235 3761 Baller.
260 3730 368 3778 opp.
400 3712 450 3762 S.
477 3714 621 3765 Leon.
657 3727 772 3780 tom.
798 3735 844 3778 1,
872 3736 947 3783 ep.
971 3720 1084 3781 ιη).
1176 3729 1293 3786 part.
1327 3736 1388 3767 vu
1411 3756 1424 3779 ,
1452 3735 1555 3783 cap.
1578 3718 1607 3767 3
1630 3755 1643 3778 ,
1678 3719 1770 3769 vol.
1796 3735 1827 3768 n
1843 3754 1860 3781 ,
1892 3734 1994 3783 pag.
2018 3715 2113 3784 497
2136 3727 2182 3767 et
