2514 4218
493 215 650 253 mur.
700 213 741 248 1.
786 210 938 248 sec-r.
968 208 1030 247 n.
1081 209 1149 245 nn
1179 207 1411 245 nomaso
1438 207 1745 246 Pon‘rmcss.
2082 189 2202 249 295

89 371 297 419 notum
327 378 501 439 porro
538 365 648 424 est,
672 351 814 434 quid
839 349 1131 410 catholicis
1157 352 1223 407 in
1246 349 1465 408 ditione
1499 348 1836 430 Principum
1871 362 2200 432 protestan-

90 457 236 515 tium
269 453 375 512 hac
399 450 472 510 de
498 471 665 511 causa
690 447 952 508 evenerit
970 491 987 520 7
1015 456 1170 526 ‘quot
1195 443 1597 505 vexationibus
1621 443 2001 522 subjiciantur
2017 493 2033 520 7
2061 459 2204 528 quot

92 551 355 611 oriantur
375 544 636 604 dissidia.
665 545 785 601 Hac
809 541 1034 600 ratione
1057 539 1300 598 istorum
1318 540 1651 621 Principum
1672 540 2059 621 patrocinium
2083 565 2203 601 non

89 641 268 702 semel
307 642 556 702 vertitur
587 640 651 697 in
689 648 959 719 apertum
992 654 1167 714 super
1201 634 1510 694 Ecclesiam
1547 634 1950 710 dominatum7
1994 635 2202 696 alicubi

92 759 231 798 vero
271 739 331 796 in
374 738 667 816 vigentem
705 730 1191 815 persecutionem.

172 833 311 891 442.
365 833 451 891 Ad
487 831 570 890 4¹1¹
593 875 609 906 7
649 831 806 889 Bisa,
860 829 944 884 Ita
983 834 1051 882 ut
1081 823 1408 904 possit'alia
1448 824 1701 904 legitima
1740 825 1966 885 ratione
2003 826 2204 908 reipu-

89 927 256 987 blicae
287 927 445 986 bono
473 923 723 1008 prospici
744 967 760 996 7
799 939 1005 987 conc.,·
1036 920 1117 977 ita
1153 930 1220 977 ut
1245 918 1355 977 alia
1378 919 1470 978 via
1497 934 1617 977 non
1647 932 1954 1002 suppetat,
1983 943 2112 1001 neq.
2145 921 2204 980 Si

90 1022 249 1083 enim
294 1043 457 1080 casus
490 1021 584 1079 hic
617 1017 977 1095 contingeret
1001 1060 1016 1088 7
1049 1014 1112 1071 in
1151 1014 1396 1094 negotiis
1428 1017 1754 1097 praesertim
1790 1017 2018 1092 mixtis,
2068 1039 2206 1099 pos-

89 1127 222 1176 sent
259 1116 554 1197 Principes
593 1109 877 1192 ejusmodi
919 1109 1291 1169 incommoda
1328 1112 1498 1169 Rom.
1547 1111 1810 1171 Pontifici
1840 1112 2197 1193 patefacere,

90 1211 189 1293 qui
230 1233 335 1293 pro
370 1232 471 1270 sua
505 1210 569 1269 in
605 1208 828 1267 bonum
879 1204 1208 1265 universale
1242 1205 1671 1280 sollicitudine7
1714 1207 1762 1266 si
1804 1229 1929 1267 rem
1967 1207 2047 1266 ita
2081 1228 2204 1267 esse

91 1308 438 1389 compererit
465 1350 480 1380 7
517 1302 720 1387 procul
753 1301 930 1361 dubio
967 1301 1292 1360 sanctiones
1327 1300 1733 1361 ecclesiasticas
1754 1348 1769 1377 7
1803 1301 1904 1361 ubi
1926 1302 1986 1360 id
2014 1323 2207 1385 posce-

90 1412 226 1462 rent
262 1422 461 1461 rerum
511 1398 822 1478 adjuncta7
873 1408 975 1456 aut
1015 1396 1183 1456 tollet
1244 1407 1345 1454 aut
1390 1395 1719 1476 mitigabit7
1760 1409 1937 1479 prout
1976 1419 2207 1479 semper

91 1497 361 1577 praestitit
388 1497 444 1554 S.
468 1494 644 1553 Sedes
664 1538 680 1568 7
715 1493 858 1574 quin
893 1514 1038 1574 opus
1062 1492 1137 1551 sit
1166 1490 1491 1550 indebitam
1521 1490 1631 1550 sibi
1659 1512 1925 1571 arrogare
1961 1493 2204 1551 auctori-

90 1603 304 1667 tatem,
342 1602 406 1648 ut
446 1589 612 1648 aulici
636 1586 1026 1648 contendunt.

170 1686 309 1745 443.
357 1688 393 1745 J
401 1686 591 1745 uverit
623 1684 1031 1767 gravissimum
1063 1683 1173 1742 hoc
1199 1693 1610 1763 argumentum
1649 1681 1950 1743 absolvere
1982 1681 2208 1759 verbis7

94 1780 303 1862 quibus
341 1779 616 1839 utebatur
655 1782 712 1840 S.
742 1779 993 1838 Hilarius
1028 1779 1402 1838 Pictaviensis
1426 1823 1440 1850 7
1482 1778 1544 1837 in
1581 1777 1683 1837 lib.
1721 1789 1921 1837 contra
1970 1779 2211 1837 Auxen-

94 1872 244 1936 tium
284 1898 298 1933 ε
347 1879 646 1937 Miserari
691 1878 827 1934 licet
866 1885 1084 1933 nostra?
1134 1878 1329 1933 oetatis
1371 1875 1636 1933 lahorem
1653 1916 1674 1945 ,
1719 1883 1774 1931 et
1813 1875 2212 1953 praesentium

92 1983 423 2051 temporum
467 1973 682 2030 stultas
724 1975 1029 2051 opiniones
1076 1973 1494 2050 ingemiscere,
1547 1969 1771 2047 quihus
1816 1970 2215 2047 patrocinari

94 2068 216 2125 Deo
249 2067 521 2124 humana
555 2067 918 2136 creduntur,
944 2076 998 2123 et
1026 2067 1112 2124 ad
1135 2066 1423 2124 tuendam
1458 2064 1688 2124 Christi
1720 2063 2052 2122 Ecclesiam
2079 2084 2216 2121 am—

97 2161 316 2219 bitione
342 2163 630 2220 soeculari
659 2163 977 2220 laboratur
999 2160 1112 2242 (1).

706 2406 1027 2465 SECTIO
1091 2404 1604 2464 POSTERIOR.

819 2583 891 2623 DE
921 2581 1151 2623 ROMANO
1183 2580 1486 2623 PONTIFICE.

183 2771 322 2830 444.
374 2771 528 2829 Licet
564 2791 629 2829 ea
653 2814 669 2844 7
710 2790 839 2851 quae
873 2768 1154 2827 hactenus
1193 2766 1676 2849 pertractavimus
1701 2809 1717 2838 7
1766 2761 2076 2822 Ecclesiam
2126 2763 2221 2822 in-

100 2879 321 2947 tegram
361 2877 536 2947 atque
582 2865 901 2948 perfectam
945 2864 1233 2936 afficiant7
1280 2883 1381 2921 seu
1429 2860 1764 2920 societatem
1808 2858 2143 2917 universam
2186 2880 2218 2917 a

107 2958 334 3021 Christo
381 2961 453 3020 ad
503 2962 686 3019 instar
731 2958 1022 3021 individui
1062 2957 1312 3020 viventis
1352 2956 1762 3029 constitutam,
1800 2974 1865 3012 ac
1890 2963 2222 3035 ¹propterea

111 3058 294 3139 capite
337 3078 401 3116 ac
442 3054 723 3115 membris
759 3064 1164 3131 constantem3
1199 3063 1461 3111 attamen
1492 3056 1662 3129 juxta
1709 3048 2003 3131 praemissa
2052 3068 2221 3128 agere

110 3152 405 3230 speciatim
441 3150 516 3211 de
548 3150 809 3211 Ecclesiae
855 3149 1045 3231 capite
1090 3147 1257 3208 nobis
1295 3145 1701 3230 proposuimus
1725 3189 1741 3220 7
1777 3144 1901 3205 sive
1945 3142 2019 3202 ob
2044 3165 2228 3224 argu·-

115 3382 211 3412 rem
238 3365 530 3430 documenta,
558 3386 663 3435 quae
695 3386 872 3434 possem
892 3368 968 3415 hic
995 3368 1121 3416 exhi·
1202 3385 1256 3416 ac
1280 3370 1331 3416 in
1360 3368 1629 3424 universum
1657 3364 1889 3430 religionis
1917 3364 2146 3420 ministri,
2178 3371 2231 3408 ut

119 3446 230 3494 bere
253 3483 265 3506 ,
289 3445 381 3494 nisi
411 3460 618 3511 ageretur
649 3451 707 3500 de
749 3469 798 3499 re
839 3451 1076 3502 notissima
1104 3465 1118 3511 3
1203 3459 1447 3498 constatex
1465 3444 1666 3512 publicis
1682 3445 2055 3512 ephemeridibus
2073 3479 2085 3502 7
2106 3457 2223 3506 prae-

117 3545 210 3594 quo
241 3527 295 3575 fit
317 3537 370 3575 ut
398 3530 619 3579 catholica
645 3532 845 3581 Ecclesia
877 3532 961 3579 sub
987 3531 1119 3579 Prin·
1204 3534 1359 3581 sertim
1384 3546 1492 3578 vero
1517 3545 1572 3576 ex
1605 3525 1795 3576 L'Ami
1814 3527 1872 3575 de
1898 3526 1944 3574 Ia
1963 3523 2200 3587 Reliqion.

119 3610 299 3674 cipibus
332 3611 690 3674 protestantibus
723 3614 809 3662 hac
827 3615 885 3662 de
915 3631 1050 3662 causa
1072 3622 1123 3660 ut
1272 3612 1338 3675 (l)
1373 3610 1510 3658 Tom.
1528 3626 1598 3670 ιι,
1630 3610 1721 3659 col.
1747 3605 1848 3675 594
1863 3643 1879 3670 ,
1901 3625 1949 3655 ιι.
1973 3606 2002 3653 3
2023 3642 2036 3667 7
2058 3604 2227 3654 Veron·

118 3692 371 3757 plurimum
403 3702 612 3754 vexetur,
653 3706 875 3744 vexentur
906 3696 1120 3761 Episcopi
1211 3695 1359 3760 1730,
1393 3710 1502 3758 opp.
1530 3691 1642 3742 edit.
1673 3690 1827 3740 Maur.
