2514 4218
275 142 399 204 270

861 159 1064 200 TRACT.
1114 160 1183 196 DE
1227 159 1380 200 mors
1424 162 1805 204 THEOLOGICIS.

271 308 538 393 'Ecclesiae
563 318 852 391 spectant.
890 307 1027 367 Haec
1053 313 1228 387 porro
1265 304 1572 389 disciplina
1603 311 2018 394 'complectitur
2053 316 2409 379 exteriorem

280 407 385 467 Dei
429 403 655 466 cultum
684 450 701 480 ,
746 402 1044 482 liturgiam
1064 447 1080 477 .,
1118 423 1310 461 sacros
1347 402 1495 462 ritus
1517 447 1536 480 ‚
1584 404 1972 486 psalmodiam
1992 456 2008 480 ,
2059 413 2406 474 Sacramen-

278 514 475 562 torum
508 498 1084 561 administrationem
1113 497 1274 561 salva
1303 520 1509 560 eorum
1536 499 1895 580 substantia,
1933 507 2186 569 formam
2224 532 2413 572 sacra-

280 622 415 659 rum
455 598 809 659 electionum
837 595 1184 656 canonicam
1216 641 1232 671 ,
1279 608 1453 679 atque
1487 597 1892 659 Ministrorum
1932 603 2365 668 institutionem
2392 654 2410 685 .,

267 696 496 777 jejunia
518 740 533 768 ,
573 703 709 755 vota
729 737 745 766 ,
784 690 962 751 festos
991 691 1115 752 dies
1143 713 1209 752 ac
1237 692 1446 753 similia
1481 693 1599 774 (l).
1640 693 2251 782 -Ecclesiastica'igitur
2291 704 2413 763 dis-

278 792 492 875 ciplina
519 799 615 849 est
650 786 850 868 regula
877 790 1130 871 practica
1164 800 1225 850 et
1253 801 1495 850 externa
1518 836 1533 867 ⁷
1571 792 1909 875 praescripta
1942 792 2017 853 ab
2059 795 2305 858 Ecclesia
2337 799 2414 860 ad

279 884 621 949 retinendos
657 885 721 945 in
752 903 855 946 sua
891 884 1009 946 fide
1045 884 1486 947 christifideles
1511 931 1526 962 ,
1562 908 1774 971 eosque
1802 888 1878 948 ad
1899 901 2187 951 aeternam
2220 891 2414 954 felici4-

281 994 469 1044 tatem
502 982 724 1044 facilius
751 971 1183 1066 perducendos,
1209 984 1293 1043 Ex
1315 1004 1432 1067 quo
1459 996 1649 1067 patet,
1674 1007 1855 1068 quam
1878 986 2112 1049 incaute
2140 989 2417 1051 nonnulli

277 1079 585 1158 dictitent,
610 1079 983 1163 disciplinam
1001 1102 1214 1163 parum
1238 1079 1519 1141 interesse
1547 1081 1684 1141 fidei
1706 1127 1721 1157 7
1748 1103 1815 1142 ac
1841 1084 1979 1144 satis
2003 1107 2157 1162 esse,
2182 1097 2250 1145 ut
2278 1085 2418 1170 dog-

278 1189 434 1239 mata
462 1179 682 1238 intacta
711 1177 1032 1237 consistant
1069 1176 1178 1256 (2).

358 1277 502 1336 412.
548 1275 919 1335 Recentiores
954 1276 1352 1332 protestantes
1380 1319 1395 1348 ‚
1435 1284 1569 1356 post
1595 1273 1865 1335 Pfaffium
1903 1287 1962 1336 et
1990 1276 2415 1356 Boehmerum,

277 1371 687 1448 contendunt,
708 1370 783 1431 ad
807 1367 1132 1452 quemlibet
1166 1368 1551 1429 christianum
1578 1382 1797 1431 coetum
1831 1393 1902 1432 ex
1937 1373 2333 1436 ecclesiasticis
2357 1386 2419 1437 et

283 1471 444 1531 laicis
471 1466 793 1528 conflatum
815 1477 1079 1549 spectare
1102 1468 1458 1548 potestatem
1486 1465 1789 1527 sanciendi
1810 1467 1964 1549 leges
1991 1470 2413 1554 disciplinareS.

282 1567 504 1627 Eadem
549 1564 736 1625 haeret
774 1562 1104 1645 Anglicanis
1142 1562 1471 1637 sententia,
1515 1564 1645 1644 qui,
1684 1575 1751 1623 ut
1791 1563 1985 1647 aliquo
2029 1567 2205 1627 modo
2248 1568 2419 1629 coho-

280 1673 518 1723 nestent
553 1659 792 1720 titulum
838 1659 1100 1741 supremi
1138 1657 1399 1718 Ecclesiae
1437 1656 1755 1739 anglicanae
1802 1662 2037 1744 capitiS‚
2082 1685 2259 1744 quem
2305 1663 2419 1725 sibi

282 1759 568 1819 Heni-icus
613 1757 780 1831 vul,
831 1753 1135 1815 Eduardus
1164 1755 1268 1830 VI,
1315 1753 1686 1832 Elisabetha‚
1731 1756 1944 1840 aliique
1983 1758 2258 1841 deinceps
2307 1760 2417 1819 sibi

280 1863 680 1937 usurparunt,
719 1874 834 1911 una
873 1873 1007 1910 cum
1045 1871 1318 1933 suprema
1353 1862 1645 1933 potestate
1676 1853 1738 1911 in
1779 1876 1871 1914 res
1911 1877 2099 1914 sacras
2138 1868 2199 1916 et
2229 1856 2420 1917 eccle-

278 1951 570 2024 siasticaS‚
607 1948 684 2007 ad
719 1947 1116 2008 exclusionem
1152 1947 1513 2005 auctoritatis
1546 1949 1716 2008 Rom.
1747 1950 2041 2010 Pontificis
2061 1998 2078 2028 ‚
2116 1952 2270 2010 nihil
2293 1975 2417 2011 non

280 2046 632 2119 moliuntur,
671 2055 738 2103 ut
777 2044 1054 2105 evincant
1073 2088 1090 2118 7
1121 2042 1274 2101 hanc
1304 2041 1674 2125 Principibus
1705 2056 2039 2127 competere
2064 2057 2419 2127 potestatem

280 2142 492 2204 saltem
527 2142 591 2200 in
627 2162 721 2202 res
755 2139 1178 2222 disciplinareS.
1221 2133 1509 2221 Quodque
1547 2140 1729 2220 magis
1762 2141 2025 2220 mireriS‚
2064 2140 2418 2205 adnituntur

347 2356 418 2419 (1)
452 2352 555 2406 Cfr.
602 2350 868 2403 Mazzarelli
891 2388 905 2413 ‚
956 2347 1007 2398 ΙΙ
1055 2350 1185 2398 buon
1221 2353 1309 2397 aso'
1389 2353 1470 2399 sia
1507 2350 1761 2403 dissertaz.
1808 2357 1859 2402 m
1877 2331 1902 2413 ,l
1942 2353 2065 2404 della
2113 2355 2258 2421 forza
2295 2356 2417 2406 obli-

276 2437 402 2486 della
433 2437 588 2504 quica
611 2475 625 2495 ,
653 2454 818 2503 opusc.
836 2455 889 2497 v,
926 2432 1216 2501 Disciplina
1239 2449 1307 2481 ec-
1388 2435 1581 2499 yatoria
1608 2434 1714 2483 dell’
1757 2435 2077 2487 ecclesiastica
2120 2436 2387 2505 disciplina
2405 2475 2421 2502 ‚

276 2521 573 2582 clesiastica,
604 2520 719 2571 edit.
754 2520 893 2569 Rom.
932 2515 1055 2584 1807
1078 2556 1093 2580 ‚
1126 2528 1242 2570 tom.
1270 2534 1307 2565 11

279 2623 380 2671 pag.
415 2601 445 2654 5
481 2615 527 2653 et
570 2623 664 2670 seq.
699 2603 781 2651 ubi
818 2603 874 2651 ad
910 2604 1121 2669 quinque
1158 2602 1309 2666 capita

278 2699 458 2739 revocat
503 2689 738 2755 objectum
780 2686 1035 2751 disciplinae
1083 2683 1308 2732 Ecclesia-

278 2775 401 2822 sticae
435 2789 448 2821 ε
479 2788 650 2838 nempe
689 2778 735 2819 ι0
767 2769 826 2819 ad
852 2768 1030 2817 cultum
1057 2766 1306 2824 divinum,

279 2858 361 2921 qui
386 2857 595 2904 consistit
622 2857 674 2903 in
705 2852 1107 2902 administratione
1147 2848 1311 2898 Sacra-

282 2950 577 3000 mentorum‚
610 2940 675 2986 vin
723 2939 865 2986 sacris
909 2935 1075 2984 ritibus
1100 2973 1112 2994 ‚
1161 2933 1311 2983 eccle-

281 3022 471 3069 siasticis
492 3022 815 3083 coeremoniis3
848 3027 904 3068 2⁰
933 3019 993 3068 ad
1024 3018 1234 3084 politiam
1263 3025 1309 3065 et

280 3107 610 3154 correctionem
656 3105 804 3169 cleri3
843 3103 897 3153 3⁰
939 3103 996 3153 ad
1032 3103 1307 3152 divisionem

282 3187 629 3253 particularium
650 3189 939 3252 dioeceseon3
967 3184 1022 3251 4⁰
1040 3186 1100 3236 ad
1127 3191 1306 3236 rectam

280 3270 671 3334 dispensationem
699 3271 933 3321 bonorum
977 3270 1303 3320 ecclesiastico-

280 3370 417 3413 rum;
447 3350 503 3402 5ο
533 3354 592 3401 ad
621 3355 824 3420 regulam
848 3373 1031 3405 morum
1061 3357 1111 3402 in
1140 3353 1305 3402 ordine

280 3436 339 3484 ad
379 3435 532 3484 Deum
556 3473 569 3497 ,
610 3437 668 3485 ad
708 3441 971 3502 proximum
1020 3447 1066 3487 et
1098 3436 1156 3486 ad
1200 3453 1305 3484 nos-

282 3521 517 3584 metipsos.

348 3603 411 3665 (02)
442 3603 542 3654 Cfr.
576 3601 812 3662 Zaccaria,
832 3605 881 3651 in
908 3621 987 3669 op.
1013 3606 1090 3666 eui
1124 3597 1302 3651 tit.Co-

278 3685 449 3733 mandi
470 3684 553 3733 chi
564 3701 668 3751 puo
684 3721 698 3746 ‚
716 3684 967 3734 ubbidisca
982 3683 1212 3746 medeae,
1232 3701 1306 3733 os-

1393 2517 1429 2565 F
1430 2534 1570 2566 senza
1588 2534 1603 2566 ι
1618 2515 1736 2585 788,
1748 2521 1844 2586 qui,
1860 2537 1966 2586 pag.
1984 2518 2069 2583 41,
2085 2520 2237 2586 plures
2253 2538 2417 2570 recen-

1392 2608 1461 2648 set
1487 2599 1746 2648 Catholicos
1773 2603 2028 2650 neotericos
2066 2603 2132 2650 ita
2173 2604 2418 2652 sentientes

1392 2690 1496 2744 post
1521 2679 1850 2731 Protestantes.
1877 2682 1949 2731 Ab
1986 2683 2072 2732 hac
2098 2685 2418 2736 dissertatione

1392 2763 1497 2812 duae
1511 2764 1611 2813 aliae
1624 2765 1681 2814 de
1697 2765 1786 2814 hoc
1799 2768 1898 2831 ipso
1917 2778 2191 2834 argumento
2207 2770 2417 2835 ejusdem

1392 2847 1455 2897 cl.
1489 2849 1687 2896 auctoris
1725 2850 1902 2915 sejungi
1946 2861 2190 2917 nequeunt
2228 2868 2242 2900 ε
2274 2851 2417 2902 altera

1392 2948 1561 2997 nempe
1608 2933 1684 2979 cui
1728 2930 1916 2980 titulum
1965 2933 2078 2983 fecit
2114 2950 2128 2982 ε
2166 2932 2416 2985 lasciamo

1391 3022 1495 3063 star
1535 3013 1578 3062 le
1604 3030 1707 3063 cose
1742 3030 1873 3063 come
1903 3024 2078 3064 stanno
2095 3053 2108 3076 ,
2149 3019 2277 3065 ossia
2310 3014 2415 3066 dis-

1393 3105 1569 3147 sertaz.
1614 3114 1664 3157 1,
1706 3096 1832 3145 sulla
1875 3097 2157 3148 mutabilita
2182 3116 2305 3166 poco
2332 3102 2413 3149 in-

1393 3189 1492 3229 tesa
1522 3179 1600 3228 da’
1618 3177 1714 3247 piic
1739 3178 1862 3228 della
1891 3180 2152 3247 disciplina
2191 3182 2415 3231 ecclesia-

1392 3266 1534 3325 stica,
1555 3264 1729 3315 Faenza
1760 3260 1915 3331 17873
1945 3264 2085 3313 altera
2103 3281 2211 3315 vero
2228 3302 2243 3326 ,
2272 3283 2433 3332 quam*

1386 3349 1618 3413 inscripsit
1648 3363 1663 3395 ε
1696 3346 1904 3395 Rendete
1933 3364 1964 3395 a
1999 3349 2171 3398 Cesare
2213 3350 2291 3399 cic)
2327 3347 2412 3397 che

1386 3432 1411 3478 ὁ
1437 3431 1492 3478 di
1514 3429 1686 3479 Cesare
1702 3447 1721 3485 ;
1755 3446 1836 3478 ma
1851 3435 1893 3477 si
1919 3447 1950 3478 a
1982 3428 2074 3480 Dio
2098 3430 2289 3479 rendete
2305 3430 2415 3496 quel

1386 3511 1471 3561 che
1498 3513 1524 3560 ὲ
1553 3512 1608 3560 di
1637 3510 1745 3560 Dio
1758 3548 1776 3574 ,
1800 3514 1929 3562 ossia
1954 3512 2140 3562 dissert.
2174 3530 2211 3561 11
2234 3551 2246 3573 ‚
2287 3512 2410 3560 sulla

1382 3595 1578 3664 podest&
1612 3593 1888 3661 reqolatrice
1937 3594 2061 3646 della
2107 3594 2369 3662 disciplina
2388 3630 2404 3657 ,

1389 3683 1566 3732 Faenza
1605 3676 1750 3746 1788.
