2514 4218
408 220 566 258 PART.
616 219 655 256 1.
701 217 853 254 sacr.
900 218 963 255 11.
1009 217 1131 253 car.
1183 216 1225 252 1.
1276 217 1342 252 DE
1386 214 1546 252 marm
1593 213 1866 250 ramma.
2080 190 2197 249 297

985 359 1228 419 CAPUT
1257 361 1302 416 1.

849 570 919 606 DE
959 567 1122 606 PETRI
1165 566 1437 605 PRluA'rU.

172 742 308 800 446.
356 741 572 823 Capitis
595 740 832 799 nomine
855 738 918 796 in
947 735 1227 814 subjecta,
1256 735 1330 794 de
1353 756 1464 816 qua
1489 736 1709 816 agimus
1726 782 1743 813 ‚
1765 738 2007 797 materia
2032 738 2208 818 signi-

91 840 296 896 ficatur
327 838 610 917 primatus
646 835 882 893 honoris
915 853 1013 891 seu
1047 831 1502 912 praeeminentiae
1530 844 1588 890 et
1619 834 2059 910 jurisdictionis.
2095 834 2208 907 Qui

91 932 491 1006 contendunt,
537 930 831 991 Christum
871 927 1188 986 instituisse
1232 925 1539 984 Ecclesiam
1575 927 1913 1009 acephalam
1947 951 2047 989 seu
2083 930 2209 989 sine

91 1029 310 1108 capite,
340 1027 690 1100 inficiantur,
723 1027 1089 1084 Servatorem
1114 1033 1380 1081 nostrum
1410 1020 1575 1080 alicui
1598 1023 1873 1104 peculiari
1901 1024 2209 1083 individuo

88 1124 408 1202 primatum
439 1121 606 1179 illum
643 1117 990 1190 contulisse3
1044 1138 1113 1176 ex
1163 1138 1278 1197 quo
1316 1117 1603 1193 inferunt7
1643 1118 1872 1178 nullum
1912 1143 1944 1179 a
1977 1119 2207 1179 Christo

89 1219 264 1296 caput
288 1216 541 1275 Ecclesiae
561 1216 733 1272 fuisse
747 1213 1109 1294 praefectum.
1136 1212 1244 1270 Alii
1271 1233 1410 1273 vero
1437 1214 1796 1291 existimant,
1820 1215 1980 1275 hunc
2001 1215 2210 1274 saltem

87 1314 408 1393 primatum
435 1310 774 1370 immediate
815 1307 984 1366 alicui
1021 1306 1326 1367 individuo
1362 1329 1485 1365 non
1526 1309 1703 1368 fuisse
1738 1332 1770 1369 a
1826 1311 2055 1369 Christo
2085 1309 2210 1369 col-

87 1407 306 1480 latum,
356 1405 456 1465 sed
503 1405 789 1464 universae
828 1402 1126 1478 Ecclesiae,
1172 1423 1302 1484 quae
1354 1402 1834 1485 proindevpotest
1891 1405 2058 1464 illum
2106 1426 2211 1486 per

88 1501 409 1583 quemlibet
437 1521 703 1559 exercere
727 1545 744 1574 ,
773 1521 908 1558 eum
942 1521 1015 1559 ex
1050 1520 1170 1557 uno
1199 1499 1263 1556 in
1290 1497 1470 1557 alium
1506 1499 1917 1558 transferendo
1945 1500 2054 1580 (1).
2088 1502 2211 1558 Nos

87 1618 229 1654 vero
263 1594 540 1654 Catholici
566 1596 872 1655 asserimus
893 1639 909 1669 .,
949 1593 1245 1653 Christum
1287 1604 1416 1652 tum
1453 1595 1912 1677 praeeminentiae
1940 1615 2004 1653 ac
2027 1595 2212 1672 juris·-

88 1690 348 1749 dictionis
371 1691 689 1771 primatum
721 1690 1044 1749 instituisse
1072 1689 1134 1748 in
1159 1689 1402 1749 Ecclesia
1428 1735 1444 1764 .,
1474 1712 1575 1749 seu
1602 1701 1776 1772 caput
1798 1690 1848 1749 ei
1866 1689 2207 1770 praefecisse,

87 1797 145 1870 et
170 1787 403 1867 quidem
431 1788 492 1844 in
517 1786 793 1869 peculiari
818 1785 1154 1855 individuo,
1190 1806 1405 1867 nempe
1432 1788 1603 1844 Petro
1629 1810 1645 1859 ς
1682 1796 1810 1843 tum
1834 1784 1993 1842 hunc
2015 1785 2211 1865 ipsum

86 1882 404 1963 primatum
454 1882 611 1942 haud
660 1881 998 1940 immediate
1031 1880 1327 1955 Ecclesiae‚
1366 1880 1470 1940 sed
1502 1880 1838 1940 immediate
1886 1881 2038 1940 Petri
2071 1902 2210 1962 per-

86 1997 236 2036 sonae
276 1976 603 2037 contulisse.
635 1979 772 2051 Quae
819 1988 887 2036 ut
925 1997 996 2036 ex
1041 1975 1245 2035 ordine
1283 1977 1643 2051 evincamuS‚
1690 1977 1764 2034 sit

911 2183 1322 2237 PROPOSITIO
1361 2184 1405 2237 Ι.
1450 2215 1454 2219 ·

92 2338 370 2397 Christus
419 2343 669 2398 contulit
702 2340 880 2399 Petro
907 2346 1255 2419 primatum
1300 2340 1541 2398 honoris
1567 2350 1634 2403 ,et
1648 2340 2107 2416 jurisdictionis
2144 2344 2213 2397 in

167 2439 519 2495 universam
566 2437 936 2505 Ecclesiam,
976 2440 1080 2496 oui
1109 2447 1422 2516 propterea
1459 2457 1596 2496 eum
1629 2446 1811 2514 caput
1840 2439 2130 2514 praefecit.

168 2623 309 2683 447.
360 2624 621 2684 Christus
652 2628 823 2684 Petro
858 2625 1181 2708 primatum
1215 2625 1461 2685 contulit
1501 2647 1621 2684 non
1647 2624 1837 2684 solum
1867 2625 2089 2684 ordinis
2113 2647 2213 2685 seu

86 2717 322 2777 honoris
365 2740 430 2778 ac
461 2721 947 2801 praeeminentiae,
1000 2721 1103 2781 sed
1139 2742 1292 2782 verae
1327 2720 1745 2799 jurisdictionis
1780 2721 1842 2779 in
1878 2721 2215 2780 universa-m

87 2813 396 2873 Ecclesiam
440 2837 640 2890 suam,
687 2816 946 2899 adeoque
985 2817 1247 2877 Ecclesiae
1294 2838 1411 2877 suae
1458 2828 1632 2898 caput
1673 2815 1843 2874 illum
1878 2816 2213 2891 constituit,

85 2909 132 2966 si
159 2931 334 2991 super
360 2911 558 2992 ipsum
587 2933 750 2970 suam
777 2934 837 2971 se
876 2913 1148 2994 promisit
1178 2911 1599 2972 aedificaturum
1629 2909 1937 2970 Ecclesiam
1958 2956 1973 2984 .,
2010 2922 2068 2970 et
2091 2910 2214 2969 cla-

87 3024 186 3063 ves
215 3007 381 3085 regni
419 3007 699 3067 coelorum
738 3029 797 3067 se
834 3008 886 3066 ei
926 3007 1202 3066 daturum
1248 3007 1537 3090 pollicitus
1584 3018 1672 3066 est
1694 3052 1709 3080 ,
1746 3027 1810 3064 ac
1846 3007 2032 3088 reipsa
2067 3008 2215 3065 utri-

93 3118 204 3178 que
247 3104 534 3182 promisso
571 3105 764 3180 stetit,
804 3104 993 3163 eidem
1025 3104 1132 3162 soli
1176 3105 1419 3164 credens
1452 3103 1810 3186 pascendum
1852 3124 1953 3163 seu
2001 3123 2217 3183 regen-

94 3190 234 3251 dum
289 3198 627 3258 universum
673 3220 899 3279 gregem
950 3221 1143 3258 suum.
1195 3202 1329 3259 Jam
1375 3221 1516 3260 vero
1561 3198 1677 3258 duo
1713 3201 1907 3280 priora
1942 3208 2214 3258 constant

94 3306 166 3344 ex
215 3289 420 3350 Matth.
471 3295 621 3352 XVI.
680 3296 874 3368 Quum
930 3295 1090 3355 enim
1128 3296 1541 3376 interrogasset
1584 3294 1848 3354 Christus
1897 3293 2210 3376 discipulos

95 3402 226 3440 suos
277 3406 292 3440 ε
349 3387 458 3446 Vos
503 3401 703 3450 autem
749 3413 926 3471 quem
978 3413 1072 3450 me
1113 3413 1228 3451 esse
1262 3390 1510 3452 dicitis?
1570 3392 1956 3471 Res-ponderis
2005 3392 2213 3449 Simon

165 3612 229 3674 (l)
270 3613 380 3662 Tale
413 3625 478 3663 est
515 3627 709 3682 systema
737 3621 1070 3671 Richerianum
1097 3661 1110 3682 ,
1171 3625 1336 3690 'paulo
1376 3634 1478 3689 post
1506 3624 1779 3674 videbimus.

96 3691 434 3745 Jansenianum
456 3735 468 3758 ‚
502 3698 845 3752 Febronianum
868 3740 883 3765 ,
914 3715 1002 3754 etc.
1028 3741 1042 3765 ‚
1061 3715 1112 3753 ut
