2514 4218
250 160 370 222 428
842 185 1041 227 mac-r.
1087 188 1155 224 nn
1200 187 1350 226 mois
1394 188 1779 231 Tnnotomms.

339 329 480 390 612.
537 329 626 390 Ad
656 329 781 406 4¹1¹‚'
807 333 968 392 Dist.
1008 331 1385 414 Episcopatus
1418 356 1572 393 unus
1601 346 1692 396 est
1726 338 1950 401 ratione
1989 340 2224 423 originis
2245 388 2260 419 ‚
2289 366 2396 405 na-

253 436 402 486 turae
441 447 507 486 ac
540 425 863 487 identitatis
883 473 900 502 ,
951 448 1113 487 conc.
1129 452 1156 502 ‚-
1193 429 1422 489 ratione
1447 431 1807 492 auctoritatis
1833 445 1893 494 et
1929 437 2350 515 jurisdictionis
2381 486 2396 515 ‚

251 543 385 603 neq.
436 521 638 583 Talem
680 529 806 583 esse
849 524 908 582 S.
955 523 1234 605 Cypriani
1282 536 1548 585 mentem
1593 527 1657 586 in
1695 526 1921 607 objecto
1966 535 2138 595 toties
2185 535 2394 612 effato,

250 628 420 700 patet
447 639 519 678 ex
553 641 645 694 ec,
689 619 850 700 quod
898 620 953 678 S.
995 621 1219 701 Martyr
1253 619 1403 679 illud
1436 622 1754 705 protulerit
1785 625 1861 684 ad
1901 629 2225 709 primatum
2253 653 2398 691 con-

250 714 674 774 stabiliendum
697 760 713 790 .,
740 726 806 774 ut
835 714 976 775 inde
999 728 1233 777 erueret
1248 717 1513 778 Ecclesiae
1538 718 1835 780 catholicae
1865 723 2175 785 unitatem.
2198 727 2400 786 Unum

248 825 566 895 propterea
597 835 724 874 esse
757 813 1014 874 affirmat
1053 815 1466 899 Episcopatum
1501 818 1729 878 ratione
1774 820 2010 901 originis
2045 833 2106 882 et
2149 821 2358 883 radicis
2380 870 2396 900 .‚

251 919 543 990 quatenus
567 931 774 970 omnes
809 912 1176 993 episcopatus
1210 912 1589 994 particulares
1629 912 1703 972 ab
1742 915 2095 999 episcopatu,
2116 939 2361 978 romano
2382 964 2399 994 .‚

249 1004 415 1064 velut
457 1004 531 1065 ab
565 1007 825 1091 origine,
865 1007 1175 1068 exordium
1216 1020 1515 1070 sumentes
1536 1056 1551 1084 .,
1584 1011 1753 1093 eique
1798 1011 1962 1074 velut
1994 1012 2173 1074 radici
2210 1014 2402 1074 adhae-

247 1112 482 1178 renteS,
525 1125 664 1163 cum
705 1125 772 1163 eo
822 1126 1010 1163 unum
1050 1104 1343 1187 pastorale
1384 1127 1592 1189 corpus
1646 1108 2047 1184 constituunt,
2095 1132 2401 1194 unumque

249 1197 512 1258 efficiunt
535 1200 938 1282 episcopatum
970 1201 1368 1262 universalem
1386 1248 1402 1277 ,
1432 1207 1593 1281 cujus
1635 1204 2034 1287 principatum
2058 1218 2224 1267 tenet
2244 1229 2393 1266 rom.

248 1297 538 1357 Pontifex.
577 1298 708 1357 Huc
734 1297 1075 1358 referuntur
1108 1298 1548 1374 similitudine8‚
1578 1299 1788 1382 quibus
1814 1300 2039 1363 ibidem
2075 1305 2133 1363 S.
2169 1303 2401 1387 Cypria-

248 1415 361 1452 nus
413 1415 549 1452 usus
585 1403 708 1472 est,
756 1396 1089 1455 multorum
1140 1416 1487 1466 ramorum,
1525 1397 1624 1478 qui
1671 1419 1851 1456 unam
1899 1395 2170 1460 arborem
2226 1399 2402 1460 effor-

248 1501 450 1568 mant,
482 1496 810 1551 multorum
844 1494 1151 1562 rivorum,
1177 1513 1440 1571 qaorum
1481 1497 1692 1553 unitas
1713 1506 1994 1554 servatur
2028 1499 2095 1556 in
2132 1498 2403 1578 oriqinffl

249 1608 366 1671 qua
394 1586 468 1647 de
503 1608 676 1648 causa
716 1587 1027 1648 Ecclesiam
1065 1610 1374 1648 romanam
1404 1588 1666 1671 appellat
1699 1592 1970 1651 radicem
1993 1602 2050 1651 et
2087 1597 2403 1652 matricem

249 1686 536 1746 Ecclesiae
575 1687 882 1746 catholicoe
929 1687 1042 1767 (1).
1100 1687 1222 1745 Nec
1271 1684 1509 1746 aliunde
1558 1684 1793 1746 obortas
1834 1709 1958 1748 esse
2001 1688 2250 1750 haereses
2279 1698 2402 1748 aut

250 1791 389 1842 nata
434 1781 747 1842 schismata
788 1781 1082 1857 affirmat,
1120 1804 1310 1863 quam
1352 1783 1533 1855 inde,
1578 1784 1743 1863 quod
1775 1785 2085 1846 Sacerdoti
2122 1786 2240 1845 Dei
2278 1805 2401 1844 non

250 1880 723 1958 obtemperatur,
777 1901 884 1939 nec
925 1901 1090 1939 umas·
1134 1882 1205 1938 in
1260 1880 1536 1940 Ecclesia
1594 1881 1681 1938 ad
1720 1863 1953 1960 tempas
1993 1881 2308 1951 Sacerdos,
2349 1891 2407 1939 et

251 1977 340 2035 ad
377 1987 612 2056 tempus
667 1981 735 2034 in
788 1977 1063 2037 Ecclesia
1096 1976 1300 2056 judea·
1355 1980 1479 2034 vice
1537 1975 1768 2036 Christi
1820 1979 2153 2056 cogitatur,
2204 1981 2308 2035 cui
2349 1979 2408 2034 si

250 2074 584 2132 secundum
612 2076 968 2154 mayisteria
997 2074 1209 2132 divina
1236 2076 1604 2152 fraternitas
1633 2074 2065 2154 obtemperaret
2086 2075 2403 2146 urziversa,

249 2191 422 2229 nemo
461 2172 785 2231 adversum
830 2173 1218 2231 Sacerdotam
1260 2173 1575 2252 collegium
1625 2174 1958 2252 quicquam
2004 2182 2260 2232 moveret
2290 2171 2397 2252 (2).

250 2267 388 2327 Jam
420 2288 562 2331 vero
599 2266 731 2328 ideo
774 2290 910 2351 pars
959 2268 1133 2334 unius
1175 2267 1331 2327 illius
1369 2269 1735 2351 episcopatus
1771 2268 2116 2330 universalis
2148 2279 2207 2328 et
2251 2267 2406 2327 indi-

249 2363 415 2425 vidui
451 2364 515 2424 in
546 2362 801 2424 solidum
835 2377 1072 2425 tenetur
1105 2363 1179 2425 ab
1211 2365 1508 2447 Episcopis
1545 2364 1822 2445 singulis7
1859 2387 1982 2424 non
2010 2363 2172 2447 quod
2196 2363 2404 2425 eadem

251 2462 327 2520 sit
343 2460 668 2540 jurisdictio
692 2473 753 2522 et
782 2461 1033 2543 dignitas
1075 2463 1343 2521 omnium
1379 2462 1832 2544 Episcoporum‚
1881 2483 2011 2543 quae
2050 2472 2140 2520 est
2175 2459 2404 2520 romani

250 2558 584 2633 Pontificis,
622 2557 727 2620 sed
770 2560 999 2618 ratione
1045 2557 1269 2618 ordinis
1307 2569 1367 2617 et
1395 2557 1744 2617 characteris
1775 2555 2119 2639 episcopalis
2141 2601 2156 2631 ,
2198 2555 2299 2638 qui
2330 2552 2403 2614 de

254 2675 316 2714 se
344 2653 715 2715 indivisibilis
749 2666 838 2714 est
856 2701 872 2729 7
898 2666 1174 2737 totusque
1198 2655 1350 2713 inest
1369 2699 1385 2729 ,
1413 2652 1624 2735 quibus
1663 2652 2026 2735 imprimitur
2047 2650 2154 2733 (3).

337 2751 479 2812 613.
531 2752 621 2812 Ad
678 2752 793 2827 5¹¹¹,
852 2752 1005 2834 Ney.
1074 2753 1272 2834 Neque
1325 2751 1486 2811 enim
1550 2751 1613 2809 in
1683 2749 1923 2830 obJectis
1971 2748 2167 2811 verbis
2218 2748 2406 2811 voluit

256 2849 316 2907 S.
348 2849 672 2933 Cyprianus
702 2871 854 2909 rom.
881 2848 1174 2908 Pontificis
1199 2848 1605 2907 auctoritatem
1634 2845 1973 2922 excludere3
2005 2867 2215 2909 verum
2236 2846 2404 2905 unice

255 2944 514 3007 intendit
540 2947 889 3030 significare,
923 2968 984 3007 se
1010 2945 1252 3029 plenam
1281 2945 1344 3004 in
1371 2943 1643 3024 suffragio
1670 2942 1912 3002 ferendo
1937 2942 2013 3003 de
2040 2941 2235 3004 valore
2259 2942 2404 3023 Bap-

255 3042 415 3101 tismi
465 3041 540 3103 ab
586 3043 874 3104 haereticis
922 3041 1115 3102 collati
1163 3040 1516 3115 libertatern¹
1559 3039 1854 3124 Episcopis
1899 3038 2230 3121 relinquere
2287 3036 2402 3118 (4).

327 3234 393 3300 (1)
430 3233 600 3301 Epist.
629 3255 744 3303 xtv,
770 3235 837 3287 ad
859 3234 1157 3299 Cornelium,
1183 3236 1295 3285 edit.
1378 3253 1517 3284 suum
1551 3233 1744 3284 effatum
1778 3230 2147 3281 luculentissime
2183 3230 2398 3297 explicat.

258 3318 416 3369 Maur.
447 3336 554 3385 pag.
588 3318 672 3387 59.
1376 3317 1555 3367 Verum
1591 3317 1649 3365 de
1676 3316 1767 3364 hoc
1795 3325 1926 3364 textu
1953 3314 2039 3363 cfr.
2085 3330 2189 3381 quae
2223 3315 2405 3378 scripsi-

329 3402 397 3468 (2)
433 3400 579 3468 Epist
620 3419 706 3462 tv,
747 3404 812 3451 ad
856 3404 1076 3454 eumdem
1112 3402 1291 3453 Corne-
1375 3402 1547 3465 masin
1561 3408 1695 3447 tract.
1716 3397 1798 3445 De
1812 3413 1922 3445 vera
1935 3395 2327 3462 reliqione‚part.
2345 3410 2400 3455 11,

258 3482 381 3534 lium
399 3523 414 3548 ‚
439 3502 544 3552 pag.
577 3483 661 3536 82.
1086 3469 1088 3472 ⁵
1373 3500 1506 3549 prop.
1531 3498 1559 3528 v
1574 3518 1590 3541 ,
1616 3499 1668 3529 n.
1697 3479 1789 3528 130
1805 3491 1848 3528 et
1863 3498 1997 3546 seqq.
2016 3479 2118 3529 Cfr.
2137 3481 2277 3527 etiam
2293 3476 2403 3525 Bal-

328 3567 394 3634 (3)
432 3565 554 3618 Sane
567 3568 626 3618 ab
657 3568 818 3617 eodem
845 3568 895 3616 S.
912 3536 1284 3636 Martyre,epist.
1368 3567 1559 3617 lerinius
1580 3602 1594 3625 ‚
1627 3582 1703 3630 op.
1731 3566 1810 3614 cit.
1832 3562 1907 3611 De
1937 3565 1988 3611 vi
2019 3571 2065 3611 et
2089 3570 2180 3611 rat.
2199 3563 2393 3628 prima·-

260 3654 342 3701 cit.
376 3669 430 3700 ιν
452 3690 464 3713 ,
498 3652 668 3701 dicitur
701 3668 713 3699 z
741 3647 907 3700 Portio
932 3658 1095 3718 qreqis
1116 3654 1288 3718 sinqu-
1372 3660 1478 3713 tus,
1507 3666 1607 3715 cap.
1654 3648 1711 3697 13
1733 3686 1744 3707 ,
1774 3647 1800 3714 ξ
1833 3648 1860 3696 3
1878 3686 1891 3709 ,
1928 3667 1978 3697 n.
2017 3662 2074 3697 ιο
2106 3657 2149 3695 et
2181 3650 2309 3711 seqq.

261 3734 323 3783 lis
344 3735 622 3800 pastoribus
658 3734 901 3801 adscripta
924 3773 936 3797 ‚
976 3737 1024 3783 in
1065 3754 1157 3801 quo
1192 3738 1286 3800 ipse
1443 3733 1507 3798 (k)
1545 3732 1613 3783 De
1636 3733 1725 3782 hoc
1752 3732 1910 3781 aliisve
1933 3731 2161 3780 similibus
2181 3727 2401 3794 Cypriani
