2514 4218
283 175 398 234 120

862 194 1055 235 Tnac'r.
1107 194 1175 230 DE
1218 193 1373 231 touls
1415 195 1795 235 THBOLOGICIS.

282 338 444 398 Alex.
465 335 578 417 (l),
604 336 960 419 Epiphanius
975 335 1064 416 (2)
1085 380 1101 410 ,
1130 336 1376 416 Optatus
1399 335 1522 414 (3),
1542 338 1793 399 Hilarius
1808 340 1897 422 (4)
1920 386 1935 416 ,
1964 334 2296 400 Ambrosius
2312 342 2402 422 (5)

283 431 576 513 ceterique
615 431 1055 512 subsequenteS.
1111 430 1180 488 In
1215 451 1283 489 eo
1322 451 1526 491 omnes
1567 435 1923 495 conveniunt
1956 481 1973 511 .‚
2022 435 2403 495 necessariam

285 549 407 587 esse
432 526 1020 587 communicationem
1037 546 1171 583 cum
1193 535 1392 584 centro
1419 526 1696 601 u—nitatiS,
1728 539 1795 587 ut
1823 530 2090 590 Ecclesiae
2109 529 2405 590 catholicae

283 621 550 682 membra
587 620 787 679 haberi
839 632 1075 700 queant.
1118 621 1332 679 Eorum
1377 622 1617 680 Patrum
1653 621 1825 680 effata
1878 644 2008 683 suo·
2035 624 2160 684 loco
2201 625 2408 684 effere·

282 739 432 778 muS.
489 719 557 776 In
607 736 673 774 eo
714 715 1074 775 conveniunt
1109 710 1322 775 iterum
1363 736 1601 789 omneS,
1647 726 1712 773 ut
1761 715 2066 776 affirment
2102 718 2410 778 Ecclesiam

281 812 466 872 scindi
502 809 669 869 nullo
705 809 881 868 modo
919 831 1087 892 posse
1117 809 1230 892 (6).
1273 810 1488 870 Mirum
1532 821 1620 876 est
1654 822 1788 891 post
1823 809 1968 869 adeo
2004 811 2309 871 luculenta
2346 823 2408 872 et

281 908 513 986 vulgata
541 905 882 964 testimonia
908 950 923 980 ,
963 905 1364 967 adversarium
1399 905 1691 963 affirmare
1715 905 1973 986 potuisse
1993 950 2010 980 ,
2042 927 2111 964 ex
2142 904 2411 964 Patribus

283 1024 406 1061 non
433 1011 727 1077 constare,
757 1001 1048 1060 unitatem
1080 1021 1204 1061 esse
1228 999 1344 1060 deb
1356 1021 1452 1061 ere
1485 1000 1771 1060 actualem
1793 1045 1810 1074 ,
1842 999 2164 1081 perfectam
2189 1021 2255 1060 ac
2285 1000 2412 1059 sine

280 1097 731 1179 interruptione.

363 1191 506 1251 205.
558 1190 645 1251 Ad
682 1192 799 1268 6111,
824 1191 976 1271 Neq.
1015 1190 1110 1252 vel
1146 1192 1282 1250 disc.
1327 1191 1570 1250 Constat
1605 1210 1674 1249 ex
1717 1189 1959 1248 historia
1991 1180 2414 1266 ecclesiastica,¹

288 1286 589 1347 interdum
621 1286 781 1348 salva
819 1288 1044 1345 unitate
1074 1286 1548 1345 communionem
1583 1285 1978 1367 interruptam
2014 1285 2188 1344 fuisse
2210 1284 2413 1344 schis-

279 1394 439 1442 mate
475 1381 802 1456 materiali,
838 1393 941 1440 aut
979 1381 1410 1462 interruptione
1443 1379 1817 1461 imperfecta,
1857 1401 2052 1449 conc.,·
2091 1379 2412 1438 schismate

282 1476 512 1536 formali
538 1498 603 1536 ac
632 1477 1063 1558 interruptione
1094 1475 1353 1557 perfecta
1378 1520 1394 1549 ,
1436 1495 1552 1555 qua
1581 1494 1719 1537 vere
1754 1474 1818 1532 in
1853 1486 2051 1556 partes
2078 1474 2311 1533 discissa
2340 1473 2416 1534 sit

283 1573 531 1633 Ecclesia
548 1620 564 1642 ,
591 1590 720 1652 neq.
752 1574 862 1631 Res
883 1571 1056 1653 plana
1076 1572 1176 1630 fiet
1199 1591 1270 1629 ex
1300 1569 1659 1650 singulorum
1681 1614 1698 1643 ,
1729 1590 1858 1650 quae
1891 1569 2268 1648 objiciuntur,
2293 1571 2418 1629 fac-

287 1656 485 1727 torum
515 1666 897 1726 discussione.

291 1874 516 1923 unitatem
559 1870 858 1920 commendat
891 1907 906 1931 ,
946 1879 1170 1936 vocatque
1209 1872 1307 1937 ejus
1391 1869 1610 1918 hoeresim
1639 1871 1871 1931 scissam,
1900 1886 1958 1918 ac
1998 1870 2206 1919 divisam
2242 1872 2419 1920 variae

290 1954 628 2004 excellentiam.
683 1951 780 2000 cfr.
820 1953 934 2002 edit.
980 1953 1151 2001 Potteri
1173 1988 1187 2011 ,
1219 1951 1310 2000 Ve-
1393 1953 1450 2000 in
1482 1960 1675 2017 partes,
1706 1962 1752 2000 et
1778 1951 2005 2001 vocabula
2039 1952 2274 2015 distrahi,
2308 1964 2397 2002 etc.

293 2047 394 2086 net.
450 2034 575 2102 1757
617 2072 630 2095 ,
691 2043 807 2083 tom.
847 2051 880 2082 ιι
921 2070 935 2094 ,
990 2051 1038 2099 p.
1084 2031 1211 2100 898.
1265 2042 1312 2082 et
1466 2035 1534 2100 (3)
1567 2035 1675 2085 Lib.
1696 2054 1767 2099 11,
1793 2054 1898 2103 pag.
1920 2033 2007 2102 48,
2027 2037 2140 2086 edit.
2170 2033 2417 2102 Albaspin.

300 2135 404 2183 seq.
1397 2118 1542 2169 Paris».
1580 2117 1729 2169 1631.

363 2200 433 2264 (1)
467 2197 632 2264 Epist.
677 2212 763 2259 ιιι,
793 2198 858 2246 acl
900 2198 1168 2250 Novatian.
1202 2215 1311 2264 opp.
1471 2202 1535 2265 (14)
1571 2200 1652 2249 De
1688 2201 1874 2250 Trinit.
1903 2201 1991 2250 lib.
2034 2216 2147 2263 vm,
2185 2189 2321 2250 num.
2361 2198 2416 2264 4.

295 2281 411 2331 edit.
438 2279 508 2328 De
538 2279 770 2343 Magistris
791 2315 804 2342 ,
830 2279 990 2330 Romae
1023 2279 1150 2349 1796
1170 2319 1184 2343 ,
1206 2297 1312 2346 pag.
1470 2268 1546 2347 (5).
1572 2283 1681 2333 Loc.
1715 2286 1794 2332 cit.
1834 2284 1996 2332 collato
2023 2300 2132 2332 cum
2152 2283 2240 2333 lib.
2276 2297 2295 2332 1
2337 2281 2421 2331 Dc

300 2380 316 2410 1
330 2364 393 2412 23
408 2399 426 2425 ,
455 2367 505 2410 in
522 2381 663 2428 quam
675 2363 764 2411 ct'r.
779 2373 883 2413 not.
904 2365 1071 2413 editor.
1094 2366 1185 2413 loc.
1202 2371 1318 2411 item

292 2444 517 2511 Epist.1x
529 2444 593 2493 ad
607 2444 927 2510 Dionysium,
947 2463 1048 2512 quae
1068 2456 1137 2495 est
1150 2463 1217 2506 vl,
1240 2445 1319 2494 De

293 2529 569 2594 Baptismo,
606 2527 726 2576 ibid.
760 2544 861 2592 pag.
899 2525 1010 2577 160.

367 2609 433 2672 (2)
473 2609 646 2660 HaereS.
664 2627 779 2657 Lxxx
797 2647 810 2670 ,
845 2626 1001 2671 n.,10
1025 2621 1070 2658 et
1102 2610 1156 2658 ιι
1175 2646 1189 2669 ,
1209 2610 1319 2658 edit.
1345 2597 1347 2599 ‚

297 2689 454 2739 Petav.
477 2692 585 2739 item
602 2693 651 2739 in
666 2688 983 2756 Expositione
993 2691 1130 2755 fidei,
1150 2708 1244 2755 cap.
1263 2688 1315 2751 6,

300 2773 384 2822 ubi
411 2773 469 2821 ad
510 2790 608 2822 rem
636 2780 842 2821 nostram
879 2773 1090 2837 praeclare
1130 2773 1320 2821 adnotat

301 2855 351 2905 S.
382 2855 701 2921 Epiphanius,
731 2856 822 2904 hoc
848 2855 1128 2903 intercedere
1161 2855 1320 2903 discri-

301 2956 410 2987 men
445 2941 564 2987 inter
592 2938 846 2997 Ecclesiam
884 2947 1089 2986 sanctam
1120 2938 1317 2986 catholi-

302 3037 404 3068 cam
430 3030 472 3068 et
499 3031 674 3078 sectas,
711 3022 837 3087 quod
872 3020 949 3068 illa
978 3023 1104 3084 virgo
1140 3037 1320 3085 semper

303 3104 362 3150 sit
380 3139 393 3161 ,
425 3105 692 3151 intemerata
712 3140 725 3162 ,
756 3120 811 3151 ac
827 3119 927 3150 una
947 3119 1129 3167 semper
1145 3137 1161 3163 ‚
1189 3113 1321 3150 sectae

305 3203 412 3233 vero
442 3185 537 3233 sive
560 3187 751 3235 haereses
777 3189 827 3234 in
855 3186 1008 3252 plures
1036 3196 1180 3250 partes
1199 3188 1321 3233 scin-

304 3266 493 3315 dantur.
519 3267 590 3314 En
606 3271 702 3333 ejus
719 3269 856 3317 verba
885 3285 899 3316 ε
922 3264 1072 3316 'Aahx‘
1092 3263 1170 3316 noc)
1193 3268 1322 3317 ἐκεῖνο

309 3346 635 3415 παρατηρητέον
651 3388 664 3412 ,
691 3346 755 3411 ἔτι
781 3348 1010 3403 πολλάκις
1033 3351 1145 3398 καθ’
1171 3347 1323 3405 ἔριον-ἢν

310 3429 446 3480 πάλιν
467 3430 633 3486 ἑκάστη
666 3434 831 3497 αἵρεσις
854 3431 1067 3496 cxlv-aera
1085 3436 1143 3486 εἰς
1171 3434 1325 3482 πολλοὶ

309 3514 423 3582 μέρη
442 3554 454 3577 ,
469 3512 545 3564 καὶ
570 3513 765 3578 ἱνὸμοιτοι
783 3514 962 3578 διέστη,
980 3541 1024 3566 κ.
1043 3539 1089 3565 τ.
1105 3515 1212 3565 λ.Ῑᾶ
1227 3526 1323 3565 est:

310 3599 447 3665 Quin
486 3607 531 3647 et
574 3598 697 3646 illud
741 3599 1065 3649 observatione
1116 3598 1323 3663 diqnum

301 3689 368 3728 est
388 3717 401 3740 ‚
434 3698 555 3748 soepe
578 3697 775 3730 numero
809 3679 1073 3745 quamlibet
1087 3698 1179 3747 per
1211 3695 1308 3730 sese

1397 2364 1497 2429 fide
1525 2383 1628 2431 cap.
1672 2382 1690 2412 1
1715 2401 1729 2424 ‚
1765 2384 1816 2414 n.
1848 2380 1886 2414 ιι
1905 2402 1920 2426 ,
1950 2365 2032 2413 ubi
2062 2368 2250 2430 exponit
2273 2402 2286 2426 ,
2324 2381 2419 2431 quo

1403 2465 1539 2496 sensu
1592 2447 1763 2496 dixerit
1801 2448 2051 2497 Ecclesiam
2105 2463 2258 2495 unum
2316 2462 2420 2494 cor-

1403 2547 1489 2595 pus
1508 2565 1524 2591 ,
1557 2540 1646 2578 etc.
1677 2531 1880 2578 scribens
1906 2529 2048 2577 :Non
2071 2530 2202 2576 enim
2233 2526 2418 2575 dividi-

1402 2621 1484 2660 tur
1521 2614 1689 2660 unitas
1747 2629 1834 2660 nec
1885 2612 2155 2671 scinditur,
2200 2617 2246 2657 et
2311 2610 2418 2659 ideo

1401 2710 1490 2743 nec
1529 2693 1805 2759 corruptcloe
1862 2694 2088 2742 subditur
2137 2709 2224 2743 ‘nec
2265 2697 2417 2744 oetati.

1403 2778 1517 2826 edit.
1553 2777 1704 2825 Maur.
1739 2776 1880 2825 Juxta
1910 2775 2089 2825 Palmer
2125 2794 2231 2825 vero
2265 2779 2419 2825 unitas

1403 2858 1617 2907 Ecclesiae
1646 2870 1797 2923 posset
1828 2861 2100 2924 interrumpi
2143 2869 2186 2907 et
2231 2858 2413 2919 scindi,

1403 2959 1483 3006 per
1494 2941 1767 2989 diuturnum
1784 2959 1990 3008 quoque,
2007 2944 2101 2990 imo
2117 2939 2418 2989 indefinitum

1405 3034 1605 3088 tempus.

1474 3106 1538 3170 (6)
1574 3105 1740 3154 Praeter
1770 3115 1944 3154 textum
1968 3104 2049 3154 hic
2075 3103 2328 3152 adductum
2358 3119 2416 3152 ex

1405 3187 1456 3236 S.
1492 3188 1736 3237 Ambrosio
1758 3226 1770 3249 ‚
1802 3186 1848 3236 S.
1879 3188 2017 3237 Joan.
2040 3186 2414 3252 Chrysostomus,

1407 3268 1560 3319 Hom.
1594 3287 1645 3317 xl
1674 3271 1729 3317 in
1762 3270 1900 3334 epist.
1932 3267 1997 3316 ad
2022 3266 2208 3332 Ephes.
2234 3277 2355 3315 totus
2367 3269 2418 3316 in

1410 3368 1462 3399 eo
1493 3361 1578 3413 est,
1613 3361 1664 3399 ut
1694 3351 1925 3410 ostendat,
1951 3348 2163 3404 Ecclesiae
2197 3352 2421 3398 unitatem

1410 3435 1557 3482 scindi
1600 3434 1729 3482 nullo
1776 3433 1913 3481 modo
1961 3450 2091 3497 posse
2148 3443 2228 3481 aut
2278 3435 2420 3481 inter-

1410 3519 1604 3581 rumpi,
1651 3516 1735 3564 cfr.
1782 3533 1834 3565 n.
1884 3514 1943 3574 3,
1979 3512 2042 3575 4.
2082 3513 2142 3576 5,
2175 3513 2227 3564 6.
2262 3513 2422 3580 Quoad

1407 3598 1580 3664 reliqua
1595 3600 1849 3646 testimonia
1867 3597 2267 3658 csr.Thomassini,
2286 3604 2419 3645 tract.

1394 3684 1473 3731 cit.
1502 3677 1575 3730 De
1598 3679 1764 3728 l’um'tc
1791 3679 1848 3728 de
1865 3663 2099 3745 l‘E'qlisc5
2125 3682 2233 3730 item
2261 3693 2419 3744 opusc.
