2514 4218
2021 216 2132 276 127

476 241 632 276 PART.
681 238 721 275 1.
770 238 892 275 CAP.
942 239 1024 276 111.
1071 239 1137 274 DE
1179 235 1447 275 EGGLESIAE
1488 236 1667 274 mons,

38 396 126 445 est
146 429 161 457 ,
202 383 414 441 directe
448 378 716 438 ordinata
757 401 880 440 esse
913 380 988 440 ad
1017 379 1518 444 confirmationem
1548 377 1810 439 fidelium
1838 380 1928 461 (l)
1961 391 2135 464 atque

40 479 114 539 ad
149 475 471 537 infidelium
513 475 955 558 conversionem
977 519 994 549 ‚
1036 496 1213 535 nemo
1247 484 1448 535 tamen
1484 473 1809 554 negaverit,
1856 473 2134 537 indirecte

38 573 244 633 saltem
279 591 345 629 ea
373 569 633 628 conferre
669 569 746 642 ad
776 567 1274 652 patefaciendum,
1311 577 1539 648 gratum
1563 578 1976 650 acceptumque
2014 572 2134 631 Deo

38 688 158 728 esse
187 677 402 726 coetum
431 665 596 723 illum
614 710 630 739 ,
656 665 718 723 in
748 686 864 745 quo
884 662 1005 722 solo
1036 662 1328 722 ordinarie
1348 665 1516 724 fiunt.
1541 665 1732 738 Quaeri
1755 663 1992 745 insuper
2003 669 2136 743 jure

35 773 233 842 posset
272 760 345 819 ab
382 760 758 833 adversariiS.,
802 758 902 839 qui
937 758 1067 829 fiat,
1103 766 1170 814 ut
1205 757 1488 832 ejusmodi
1515 757 1772 839 prodigia
1803 770 2136 820 constanter

38 855 111 914 ab
146 854 482 913 hominibus
511 864 746 912 tantum
773 851 846 910 ad
868 849 1039 909 illum
1061 848 1412 931 peculiarem
1441 863 1657 911 coetum
1684 874 1784 912 seu
1806 853 2135 915 societatem

38 948 432 1029 spectantibus
474 958 813 1030 patrentur,
843 944 1084 1003 minime
1120 964 1278 1004 vero
1311 943 1385 1002 ab
1410 943 1550 1031 ‚aliis
1573 989 1592 1020 ,
1645 947 1759 1006 nisi
1804 948 1937 1030 quia
1982 952 2135 1010 Deus

39 1055 238 1125 aperte
266 1043 393 1102 vult
407 1040 740 1101 hominibus
762 1036 1036 1097 exhibere
1062 1038 1322 1116 signum,
1348 1059 1464 1119 quo
1491 1038 1873 1119 dignoscatur,
1891 1042 2052 1104 illam
2078 1055 2136 1106 et

38 1159 158 1196 non
192 1137 365 1196 aliam
393 1158 516 1198 esse
534 1134 871 1206 ‚societatem
906 1154 940 1191 a
977 1153 1037 1192 se
1074 1132 1447 1193 institutam?
2104 1211 2108 1214 ⁴

117 1235 256 1292 219.
308 1233 397 1292 Ad
430 1234 547 1315 6⁰¹¹,
581 1231 752 1310 Resp,
800 1229 862 1287 10
890 1229 1041 1308 Neq.
1083 1228 1300 1289 Eadem
1325 1250 1539 1311 nempe
1564 1230 1819 1308 ratione,
1845 1255 1958 1316 qua
1996 1235 2137 1297 olim

42 1331 195 1388 Deus
216 1325 572 1410 peringentia
594 1325 850 1406 patravit
879 1322 1153 1400 miracula
1177 1323 1252 1382 ad
1265 1325 1720 1384 controversiam
1748 1326 2137 1392 dirimendam

34 1423 104 1482 de
122 1444 256 1484 vera
282 1420 556 1500 religione
579 1419 735 1477 inter
755 1417 1036 1478 israelitas
1060 1429 1120 1477 et
1144 1419 1180 1477 J
1183 1417 1376 1478 udaeos
1396 1417 1485 1498 (2)
1503 1467 1519 1497 .‚
1547 1419 1710 1479 sicin
1739 1438 1895 1483 novo
1920 1424 2137 1487 foedere

32 1538 154 1576 non
178 1515 430 1588 destitit,
460 1535 592 1597 cum
622 1535 768 1595 opus
801 1513 909 1571 fuit
927 1557 944 1588 .,
982 1512 1186 1573 eadem
1214 1514 1375 1594 signa
1403 1513 1572 1574 edere
1602 1513 1676 1574 ad
1713 1537 1912 1577 veram
1942 1520 2136 1581 Eccle-

36 1612 181 1670 siam
215 1631 379 1669 suam
410 1630 441 1668 a
476 1607 630 1667 falsis
663 1607 987 1690 quibusque
1018 1608 1183 1668 sectis
1228 1608 1644 1673 secernendam
1678 1610 1789 1691 (3).

109 1706 248 1764 220.
295 1706 468 1785 Resp.
502 1703 570 1761 20
604 1705 762 1763 Dz‘st.
790 1704 933 1776 Quia
970 1702 1044 1761 ad
1072 1692 1525 1764 controversiam
1560 1705 1681 1767 sive
1714 1706 1848 1767 fidei
1871 1707 1990 1772 sive
2013 1708 2135 1769 dis-

33 1799 255 1881 ciplinae
295 1797 688 1859 dirimendam
723 1819 868 1878 opus
906 1797 1196 1857 miraculis
1230 1820 1353 1858 non
1380 1810 1500 1875 est,
1536 1821 1729 1868 conc.;
1766 1823 1958 1880 seem,
2001 1827 2131 1886 neq.

32 1896 186 1953 Deus
215 1894 374 1963 enim
403 1893 539 1952 satis
567 1892 826 1974 providit
848 1891 1185 1952 hominibus
1207 1893 1267 1951 in
1293 1894 1579 1972 ejusmodi
1607 1899 2009 1959 controversiis
2031 1921 2137 1981 per

32 1987 339 2047 infallibile
379 1987 639 2048 Ecclesiae
677 1988 1108 2068 magisterium,
1151 1989 1240 2046 cui
1287 1990 1334 2048 si
1370 1989 1548 2049 fidem
1594 1990 1870 2053 adhibere
1909 1995 2137 2054 sectarii

35 2082 327 2147 noluerint
349 2129 365 2158 ,
390 2104 580 2165 neque
601 2081 873 2165 prodigiis
900 2083 1299 2164 acquiescent,
1337 2085 1424 2144 uti
1462 2085 1724 2146 Christus
1743 2086 1867 2169 ipse
1887 2097 2135 2151 testatus

104 2314 168 2376 (l)
202 2313 363 2363 Nescio
383 2351 398 2375 ‚
428 2315 658 2380 quomodo
699 2315 786 2363 sihi
825 2316 1046 2365 cohaereat

32 2396 340 2453 adversarius,
384 2397 497 2445 dum
542 2398 776 2446 contendit
822 2396 1046 2446 miracula

35 2476 134 2525 fieri
180 2478 239 2525 ad
279 2478 673 2526 confirmationem
717 2478 950 2536 fidelium,
991 2486 1035 2528 et

37 2559 341 2607 nihilominus
360 2569 501 2625 negat
515 2560 611 2607 haec
626 2578 779 2608 veram
794 2558 1045 2609 Ecclesiam

33 2640 283 2704 patefacere
302 2657 381 2689 seu
398 2641 703 2689 manifestare.
730 2640 787 2688 In
806 2659 898 2705 qua
919 2643 1044 2688 enim

35 2722 126 2770 side
151 2723 532 2771 confirmarentur
556 2721 840 2770 Christiani?
856 2720 979 2769 Num
994 2724 1043 2770 in

35 2803 144 2851 falsa
162 2807 186 2851 ¹?
217 2802 275 2851 At
297 2804 386 2852 hoc
412 2803 587 2870 absque
602 2805 836 2868 impietate
851 2804 941 2852 dici
956 2822 1039 2853 ne-

37 2887 139 2951 quit
152 2921 165 2946 ‚
188 2886 376 2950 perinde
389 2880 445 2934 ac
455 2887 492 2934 si
506 2885 629 2934 Deus
653 2886 802 2934 ederet
821 2885 1041 2934 miracula

36 2967 93 3016 ad
101 2968 437 3016 confirmandos
448 2967 724 3016 Christianos
737 2970 786 3015 in
803 2968 1039 3019 fidefalsa.

37 3045 160 3102 Num
187 3052 237 3098 in
275 3046 415 3098 vera?
436 3049 526 3098 Sed
551 3051 587 3098 si
607 3051 668 3098 ita
697 3058 765 3098 est
782 3086 796 3108 ‚
826 3067 929 3114 ergo
952 3050 1042 3098 hoc

39 3128 134 3191 ipso
171 3147 251 3195 per
288 3132 508 3180 miracula
560 3131 683 3179 Deus
722 3149 876 3180 veram
910 3132 1039 3181 illam

44 3207 286 3261 Ecclesiam
317 3229 413 3263 esse
450 3211 678 3272 ostendite
715 3215 766 3261 in
794 3231 885 3279 qua
922 3217 1041 3279 ejus-

48 3290 171 3338 modi
199 3295 414 3344 miracula
448 3283 663 3344 eduntur.

113 3369 175 3432 (2)
210 3370 307 3422 cfr.
330 3391 382 3423 ιιι
403 3376 515 3442 Reg.
541 3393 650 3425 xvm
671 3414 685 3436 ‚
715 3392 771 3423 21
803 3385 846 3425 et
874 3393 1003 3442 seqq.

117 3449 183 3513 (3)
218 3451 354 3503 Plura
383 3457 634 3521 identidem
660 3457 876 3506 miracula
902 3457 1044 3506 edidit

49 3531 172 3580 Deus
192 3570 205 3593 ,
249 3535 341 3583 sive
371 3540 568 3604 antiquis
616 3543 710 3589 sive
743 3542 1043 3589 rencentiori-

49 3611 136 3660 bus
163 3615 473 3678 temporibus,
514 3620 572 3668 ad
597 3620 806 3669 Ecclesiae
842 3637 935 3670 suae
967 3638 1044 3670 ve-

51 3695 230 3741 ritatem
267 3695 628 3746 confirmandam
669 3711 805 3766 atque
845 3720 871 3750 a
910 3695 1042 3751 sectis

1121 2319 1215 2366 sive
1251 2317 1472 2367 haereticis
1516 2321 1608 2369 sive
1655 2321 1950 2373 schismaticis
1986 2341 2133 2376 secer-

1120 2401 1343 2451 nendam.
1376 2401 1471 2451 cfr.
1505 2419 1610 2468 quae
1645 2405 1696 2452 in
1738 2407 2165 2459 confirmationem*

1121 2481 1375 2547 disciplinae
1405 2483 1617 2532 Ecclesiae
1644 2485 1884 2536 catholicas
1921 2490 2134 2541 adversus

1122 2572 1293 2612 sectam
1309 2563 1671 2614 Novatianorum
1689 2568 1825 2617 refert
1838 2586 1896 2618 ex
1912 2570 2132 2638 Dionysio

1129 2643 1260 2695 Alex'.
1302 2645 1556 2708 Eusebius,
1598 2645 1729 2697 Hist.
1769 2650 1881 2700 eccl.
1926 2651 2011 2702 lib.
2047 2671 2096 2702 vt
2114 2690 2130 2715 ‚

1120 2742 1220 2790 cap.
1253 2724 1320 2790 44
1342 2742 1357 2789 3
1402 2729 1513 2775 item
1553 2745 1657 2794 quae
1700 2747 1781 2795 per
1822 2730 1873 2780 S.
1913 2732 2131 2785 Basiliam

1122 2805 1191 2853 M.
1217 2807 1437 2857 adversus
1476 2819 1644 2858 sectam
1681 2809 1954 2861 Arianorum
1993 2816 2132 2865 refert

1121 2884 1371 2939 Garnerius
1395 2886 1447 2938 in
1471 2893 1570 2956 ejus
1602 2893 1693 2939 vita
1714 2928 1728 2952 ‚
1758 2910 1866 2958 opp.
1902 2905 2014 2944 tom.
2040 2914 2095 2945 ιιι
2111 2936 2125 2960 ,

1119 2986 1219 3035 pag.
1252 2969 1340 3018 103
1359 2980 1408 3019 et
1423 2988 1543 3038 seq.;
1561 2982 1604 3020 et
1623 2989 1724 3039 quae
1743 2975 1793 3021 in
1808 2977 1896 3023 vita
1910 2973 1959 3026 S.
1983 2977 2128 3028 Joan-

1118 3054 1191 3099 nis
1226 3050 1500 3101 Damasceni
1531 3053 1742 3103 adversus
1769 3067 1937 3106 sectam
1964 3059 2128 3109 Icono-

1117 3133 1388 3182 machorum
1403 3137 1660 3184 referuntur
1675 3137 1795 3201 apud
1811 3137 1863 3187 P.
1877 3138 1940 3189 Le
1954 3140 2125 3205 Quien,

1115 3225 1231 3265 tom.
1252 3232 1269 3263 1
1292 3253 1306 3275 ,
1329 3234 1434 3282 pag.
1466 3233 1481 3263 1
1500 3234 1516 3264 ι
1539 3226 1583 3265 et
1597 3234 1724 3283 seqq.
1744 3219 1896 3269 utalia
1911 3239 2029 3286 pene
2056 3226 2128 3273 in-

1116 3314 1317 3346 numera
1332 3307 1596 3362 praeteream
1613 3298 1823 3348 adversus
1834 3301 1942 3351 alias
1958 3314 2120 3365 sectas,

1120 3396 1220 3444 quae
1249 3378 1473 3427 studiosos
1499 3375 1698 3427 historiae
1713 3381 2019 3434 ecclesiasticas
2033 3388 2122 3433 mi-

1123 3461 1251 3509 nime
1276 3461 1431 3509 latent.
1460 3459 1571 3509 Haec
1587 3463 1846 3526 speciminis
1867 3450 2018 3531 'gratia
2045 3484 2122 3515 no-

1123 3542 1195 3590 his
1209 3543 1413 3591 attulisse
1425 3540 1622 3590 sufficiat
1636 3543 1693 3591 ad
1707 3544 1910 3597 falsitatis
1929 3565 2122 3612 arguen-

1125 3621 1228 3670 dam
1255 3622 1494 3671 adversarii
1529 3626 1841 3675 assertionem.
