2514 4218
1021 251 1364 290 raoolmmm.
2183 229 2218 287 3

213 403 268 458 6.
316 401 461 457 Cum
509 397 671 455 enim
716 394 973 452 locorum
1009 392 1462 471 theologicorum
1497 390 1732 449 nomine
1770 391 2006 449 veniant
2051 411 2221 470 argu-

132 505 462 553 mentorum
492 488 653 548 sedes
678 509 741 546 ac
764 487 951 546 veluti
978 486 1264 544 domicilia
1286 530 1302 559 ,
1340 496 1405 542 ut
1443 483 1700 564 loquitur
1737 485 1925 542 Canus
1945 529 1963 558 ,
1999 505 2070 544 ex
2091 484 2224 565 qui-

130 588 238 647 bus
263 585 512 664 theologi
539 605 740 642 omnes
782 605 910 641 suas
937 579 1466 659 argumentationes
1503 580 1622 638 sive
1652 577 1727 636 ad
1760 578 2223 637 confirmandum

133 684 253 743 sive
275 682 350 741 ad
379 679 760 739 refellendum
786 675 1094 736 inveniant
1112 718 1128 747 a
1157 685 1321 754 patet
1345 717 1361 748 ,
1399 675 1445 732 si
1474 695 1598 732 rem
1631 673 1880 732 strictius
1914 685 2132 753 spectes
2159 693 2225 731 ac

134 788 308 859 prout
336 776 583 834 scientiae
602 785 810 832 nostrae
837 780 1045 829 natura
1068 768 1357 848 exposcit,
1382 789 1509 847 quae
1529 779 1649 825 tota
1675 767 1884 827 divinae
1903 767 2228 826 auctoritati

135 872 405 929 innititur
425 915 440 941 ,
482 892 576 928 eos
608 867 858 930 revocari
893 862 1106 923 debere
1131 862 1204 920 ad
1228 860 1477 922 verbum
1504 863 1612 920 Dei
1647 864 1769 924 sive
1804 863 2081 943 scriptum
2107 863 2228 923 sive

136 965 418 1024 traditum
438 1009 454 1040 ‚
481 963 636 1044 quod
662 960 959 1021 constituit
976 979 1104 1017 eam
1125 971 1300 1038 quam
1322 966 1534 1022 vocant
1551 967 1838 1016 remotam
1861 957 1996 1015 fidei
2021 966 2229 1016 nostrae

136 1060 414 1141 regulam.
463 1060 609 1118 Cum
655 1066 847 1116 autem
890 1054 965 1115 de
1005 1053 1255 1133 genuino
1305 1052 1409 1110 Dei
1457 1049 1636 1112 verbo
1683 1073 1747 1110 ac
1789 1074 2064 1131 germano
2111 1058 2232 1131 ejus

137 1177 308 1214 sensu
329 1201 344 1228 .‚
379 1156 498 1214 sive
524 1150 887 1212 revelationis
910 1149 1135 1228 objecto
1157 1194 1172 1221 ,
1200 1159 1463 1206 constare
1500 1157 1656 1205 certo
1698 1145 1867 1205 nobis
1901 1170 2019 1206 non
2052 1149 2233 1230 possit

138 1252 250 1310 nisi
274 1272 379 1332 per
395 1249 652 1309 medium
671 1257 863 1304 tutum
885 1266 951 1304 ac
971 1242 1272 1302 infallibile
1295 1288 1312 1317 .,
1345 1241 1666 1320 cujusmodi
1692 1241 1937 1301 Ecclesia
1958 1254 2045 1302 est
2062 1287 2079 1318 ‚
2108 1263 2233 1324 quae

140 1345 434 1404 constituit
466 1341 601 1400 fidei
637 1340 897 1420 regulam
936 1342 1290 1419 proximam
1330 1347 1766 1419 nuncupatam,
1810 1348 1879 1395 ut
1920 1336 2091 1396 latius
2133 1359 2236 1396 suo

140 1440 264 1498 loco
291 1437 664 1497 ostendemus
679 1480 697 1511 ‚
726 1435 863 1493 hinc
886 1436 956 1493 fit
975 1479 991 1504 .,
1021 1446 1088 1492 ut
1105 1434 1262 1515 prius
1280 1432 1353 1491 de
1370 1431 1608 1491 Ecclesia
1631 1453 1807 1513 quam
1831 1432 1906 1492 de
1932 1434 2036 1492 Dei
2062 1430 2239 1492 verbo

143 1553 305 1612 agere
331 1530 664 1590 debeamus,
709 1529 939 1588 Etenim
961 1572 978 1603 ‚
1019 1527 1210 1610 quoad
1244 1549 1350 1586 nos
1370 1572 1386 1600 ,
1429 1526 1588 1607 prius
1621 1538 1884 1587 constare
1916 1526 2089 1587 debet
2117 1547 2243 1586 me-

69 1644 73 1647 *
139 1626 300 1685 dium
345 1647 523 1708 quam
558 1647 690 1700 reS‚
733 1644 861 1706 quae
907 1646 1011 1705 per
1057 1622 1318 1681 medium
1361 1621 1688 1681 innotescit.
1734 1621 1994 1699 Abjicere
2045 1633 2241 1684 autem

141 1721 461 1801 legitimum
493 1731 660 1779 rectae
696 1720 936 1778 rationis
977 1739 1148 1776 usum
1185 1740 1216 1775 a
1255 1716 1586 1797 theologicis
1623 1715 1939 1799 disciplinis
1971 1739 2079 1778 nec
2108 1741 2244 1800 pos-

142 1838 339 1875 sumus
373 1836 481 1875 nec
520 1814 798 1875 debemus
823 1858 839 1888 ,
878 1813 1022 1873 adeo
1055 1811 1342 1894 siquidem
1380 1811 1721 1873 individuus
1759 1823 1847 1872 est
1882 1835 2064 1874 nexus
2091 1814 2245 1874 inter

141 1911 425 1969 rationem
445 1931 508 1968 ac
527 1908 946 1969 revelationem
961 1953 978 1985 ‚
1010 1928 1137 1990 quae
1151 1929 1220 1967 ex
1237 1906 1444 1968 eodem
1461 1908 1721 1966 omnium
1740 1906 2031 1968 bonorum
2053 1909 2236 1984 fonte,

143 2008 295 2078 De0,
340 2005 680 2077 dimanant,
731 2015 798 2062 ut
838 2003 1135 2062 dissociari
1179 2001 1254 2062 ab
1301 2004 1554 2062 invicem
1614 2001 1948 2062 nullatenus
1998 2006 2242 2086 possint.

144 2100 313 2157 Hunc
347 2110 654 2181 propterea
687 2098 950 2157 ordinem
986 2109 1384 2157 consectantes
1409 2142 1425 2171 .,
1473 2108 1663 2155 totum
1705 2097 1862 2178 quod
1886 2098 2248 2178 aggredimur

146 2216 319 2274 opUS‚
355 2195 417 2251 in
452 2205 567 2252 tres
602 2203 796 2273 partes
826 2191 1174 2252 distribuere
1216 2192 1650 2268 constituimus3
1680 2192 1743 2250 in
1787 2213 2035 2273 quarum
2060 2196 2247 2275 prima

150 2288 488 2358 universim,
509 2310 637 2367 quae
658 2289 732 2346 ad
759 2288 1069 2347 Ecclesiam
1103 2298 1401 2369 spectant,
1429 2286 1912 2369 disputabuntur3
1935 2288 2001 2347 in
2024 2288 2201 2349 altera
2229 2335 2247 2355 ..

150 2401 276 2462 quae
311 2380 387 2439 ad
424 2381 668 2439 verbum
702 2383 807 2440 Dei
849 2385 1132 2463 scriptum
1176 2391 1235 2441 et
1276 2382 1595 2453 traditum3
1642 2382 1703 2439 in
1740 2392 2032 2464 postrema
2059 2427 2076 2458 ,
2119 2406 2250 2465 quae

151 2475 227 2533 ad
261 2474 498 2532 rationis
527 2485 586 2532 et·
622 2474 755 2533 fidei
783 2474 1106 2554 analogiam
1143 2475 1490 2534 referuntur.
1532 2478 1946 2534 interseremus
1975 2487 2250 2558 praeterea

100 2612 111 2619 .
152 2567 372 2626 idoneis
397 2566 559 2641 lociS‚
592 2589 720 2648 quae
744 2569 869 2625 usui
885 2569 1199 2626 necessaria
1224 2580 1384 2641 sunt,
1417 2578 1483 2625 ut
1497 2568 1961 2648 quiadversarios
1989 2570 2125 2631 fidei
2148 2593 2250 2631 ca—

158 2661 378 2721 tholicae
396 2661 829 2742 aggrediuntur,
848 2683 942 2721 eos
956 2682 1230 2744 prospere
1267 2661 1623 2744 feliciterque
1642 2663 1875 2723 valeant
1888 2665 2246 2747 impugnare.

232 2757 292 2814 7.
339 2756 626 2829 Quoniam
664 2778 802 2818 vero
829 2756 1077 2816 Ecclesia
1108 2757 1395 2836 acephala
1422 2778 1524 2816 seu
1561 2758 1685 2817 sine
1713 2761 1898 2841 capite
1933 2760 2128 2843 'neque
2163 2773 2250 2821 est

155 2872 343 2932 neque
375 2850 616 2931 intelligi
659 2863 887 2933 potest,
918 2851 1050 2911 ideo
1094 2851 1166 2911 de
1200 2851 1441 2910 Ecclesia
1487 2852 1744 2932 integra,
1789 2875 1919 2935 quae
1960 2855 2023 2912 in
2062 2857 2248 2936 prima

158 2957 323 3029 parte
369 2946 576 3006 dicturi
602 2969 831 3024 summ,
858 2947 1186 3029 accipienda
1224 2959 1430 3020 erunt3
1471 2948 1734 3029 quamvis
1777 2948 1852 3007 ob
1887 2949 2004 3019 rei,
2028 2949 2101 3009 de
2136 2972 2251 3033 qua

160 3041 344 3120 agitur
361 3086 378 3117 ‚
406 3042 748 3121 gravitatem
767 3086 785 3115 ,
819 3064 1088 3122 cogamur
1110 3040 1380 3101 distincte
1396 3041 1469 3102 de
1495 3041 1751 3102 Ecclesiae
1772 3043 1958 3125 capite
1986 3043 2252 3126 disputa-

162 3136 374 3195 tionem
416 3137 739 3196 instituere.
775 3138 839 3195 In
879 3137 1021 3196 duas
1061 3136 1305 3218 proinde
1343 3137 1619 3196 sectiones
1656 3136 1806 3195 hanc
1841 3139 2093 3219 primam
2128 3148 2251 3196 tra-

161 3241 344 3290 ctatus
370 3242 589 3312 partem
621 3231 933 3292 dividimus
949 3277 966 3302 .‚
993 3233 1055 3290 in
1079 3253 1326 3313 quarum
1350 3231 1526 3316 priori
1549 3231 1622 3291 de
1643 3230 1883 3292 Ecclesia
1907 3231 2249 3315 generatim,

163 3323 225 3381 in
257 3327 555 3405 posteriori
589 3326 662 3386 de
699 3330 819 3405 ejus
847 3327 1033 3407 capite
1072 3347 1173 3386 seu
1203 3326 1276 3386 de
1304 3347 1544 3386 romano
1573 3325 1846 3388 Pontifice
1874 3347 2124 3407 agemus,
