2514 4218
316 210 410 268 ‘82

929 226 1131 264 TRACT.
1176 222 1245 260 DE
1287 222 1435 266 Loms
1479 225 1851 265 THEOLOGICIS·

325 393 492 434 crum
524 369 600 429 ad
632 369 909 450 tegendas
955 389 1044 427 res
1078 364 1409 452 notissimas
1446 365 1555 423 sub
1590 370 1850 449 mysterii
1882 370 2049 449 velo;
2080 383 2281 432 contra
2304 395 2468 436 vero*

326 469 475 528 facta
503 466 601 526 illa
619 512 636 544 ,
663 487 789 548 quae
823 464 1158 524 referuntur
1184 483 1217 520 a
1242 459 1622 542 scriptoribus
1659 467 1832 525 sacris
1853 511 1871 543 .,
1902 466 2170 528 ordinata
2203 482 2342 531 sunt
2365 473 2442 532 ad

327 562 673 626 revelandas
719 563 946 640 ignotas
984 557 1279 618 veritateS.
1317 555 1486 630 Quod
1509 573 1902 636 assumerent,
1940 563 2006 622 30
2043 564 2297 646 aliquam
2345 566 2439 624 in-

323 662 623 722 tercedere
658 654 1150 717 necessitudinem
1187 666 1247 714 et
1280 654 1758 714 convenientiam
1799 656 1954 717 inter-
1983 658 2215 741 mythos
2242 661 2440 721 ethni-

250 770 256 776 ’
313 778 523 817 corum
554 766 613 815 et
642 754 791 811 facta
826 749 1291 833 supernaturalia
1314 796 1330 826 a
1375 771 1502 832 quae
1532 774 1565 809 a
1596 751 1974 833 scriptoribus
1999 757 2302 838 utriusque
2337 758 2439 818 foe-

323 852 478 919 deris
498 848 919 933 perhibentur3
946 869 1078 907 cum
1095 859 1298 907 tamen
1313 847 1503 927 mythi
1522 868 1592 906 ex
1610 846 2038 926 imaginationis
2055 861 2200 909 aestu
2217 893 2234 918 ,
2263 873 2440 932 quem

325 956 661 1007 constanter
697 943 970 1004 redolent
991 989 1007 1018 7
1044 944 1308 1023 conficti,
1347 941 1455 1004 sub
1489 941 1757 1024 turpibus
1783 942 2133 1027 plerumque
2159 946 2356 1026 figuris
2382 958 2442 1007 et

320 1040 672 1122 imaginibus
711 1039 931 1122 absque
963 1061 1137 1121 scopo
1188 1050 1248 1099 et
1288 1060 1445 1099 nexu
1481 1040 1736 1117 congesti
1772 1038 1991 1098 fuerint
2019 1084 2034 1114 ,
2077 1040 2440 1124 populosque

318 1136 395 1197 ad
434 1159 647 1220 pravos
690 1157 881 1195 mores
926 1134 1307 1209 induxerint3
1360 1145 1562 1195 contra
1608 1155 1750 1195 vero
1797 1135 1945 1194 facta
1981 1137 2439 1218 supernaturalia

322 1231 541 1316 absque
568 1227 854 1315 apparatu
877 1242 937 1290 et
959 1229 1277 1292 verborum
1298 1229 1542 1309 ambage
1557 1275 1573 1305 ,
1613 1250 1748 1289 cum
1771 1230 2043 1290 omnibus
2066 1231 2438 1311 ingenuitatis

314 1351 383 1389 ac
406 1329 668 1389 veritatis
696 1324 1122 1386 characteribus
1157 1325 1494 1385 referuntur
1515 1370 1531 1401 ,
1567 1347 1633 1385 ac
1665 1325 1844 1387 veluti
1881 1338 2038 1405 gesta
2068 1326 2175 1385 sub
2203 1326 2440 1387 illorum

315 1424 493 1484 oculis
518 1468 535 1500 ,
563 1446 595 1483 a
619 1421 830 1505 quibus
857 1422 980 1482 haec
1003 1422 1422 1481 commentaria
1450 1432 1589 1480 sunt
1609 1421 1823 1504 scripta
1844 1466 1861 1496 ,
1900 1420 2286 1498 exhibentur3
2319 1438 2441 1484 om·

316 1521 416 1580 nia
446 1519 620 1579 simul
645 1530 803 1579 arcte
839 1518 1162 1581 consociata
1189 1528 1328 1576 sunt
1349 1561 1365 1591 ,
1407 1527 1582 1599 atque
1609 1528 1765 1577 caste
1807 1528 2120 1599 sancteque
2147 1518 2223 1577 ad
2251 1541 2438 1580 unum

316 1615 688 1696 conspirant,
740 1613 957 1673 scilicet
1003 1624 1068 1672 ut
1108 1623 1169 1672 et
1202 1612 1310 1689 Dei
1354 1611 1792 1693 providentiam
1829 1612 2084 1673 maximo
2115 1613 2178 1672 in
2213 1614 2438 1676 lumine

315 1723 542 1793 ponant
558 1755 575 1787 ,
606 1722 666 1770 et
694 1711 823 1771 veri
843 1708 1114 1768 Numinis
1140 1707 1363 1766 cultum
1383 1751 1400 1780 ,
1431 1707 1663 1766 virtutis
1687 1727 1947 1766 amorem
1969 1751 1986 1781 ‚
2015 1707 2436 1793 horroremque

315 1807 443 1869 vitii
469 1805 687 1887 ubique
716 1804 876 1887 apud
914 1803 1163 1886 populos
1202 1801 1623 1880 commendent
1655 1800 2181 1884 persuadeantque.
2221 1805 2287 1864 40
2322 1809 2431 1867 De-

312 1923 479 1960 mum
500 1946 517 1976 ‚
561 1900 685 1960 aliis
719 1899 1127 1981 praetermissis
1147 1944 1162 1974 ‚
1195 1897 1353 1980 quod
1377 1910 1766 1975 assumerent,
1797 1909 1996 1977 gentes
2029 1921 2232 1960 omnes
2263 1923 2429 1962 suam

311 1996 531 2057 habere
547 1995 832 2078 epocham
849 1994 1322 2076 mythologicam,
1345 2015 1469 2053 non
1491 1994 1745 2077 exceptis
1762 1993 2018 2055 Hebraeis
2029 2006 2209 2078 atque
2240 1996 2430 2058 Chris-

307 2094 484 2151 tianis
506 2136 523 2167 ‚
556 2113 690 2151 cum
727 2102 930 2150 tamen
965 2112 1037 2150 ex
1075 2090 1243 2150 dictis
1275 2101 1333 2150 et
1361 2111 1430 2149 ex
1455 2089 1608 2149 facto
1646 2090 1773 2173 ipso
1803 2091 2120 2151 certissime
2152 2103 2378 2153 constet
2407 2139 2422 2169 ‚

306 2208 501 2269 neque
516 2186 790 2247 Hebraeos
814 2206 1005 2267 neque
1032 2185 1386 2246 Christianos
1409 2201 1673 2268 unquam
1709 2187 1992 2266 ejusmodi
2016 2187 2299 2270 epocham
2327 2187 2427 2249 ha-

304 2281 532 2357 buisse3
574 2282 722 2341 illud
760 2283 922 2343 enim
955 2283 1111 2342 inter
1140 2283 1387 2362 origines
1418 2281 1678 2342 ethnicas
1717 2293 1775 2343 et
1809 2304 1996 2354 sacras
2023 2293 2306 2365 perpetuo
2337 2283 2424 2344 in·-

303 2378 638 2459 terponitur
666 2377 1018 2452 discrimen,
1054 2377 1213 2459 quod
1246 2378 1402 2438 inter
1434 2399 1579 2461 opus
1611 2378 1718 2439 Dei
1750 2390 1810 2439 et
1835 2378 2145 2438 hominum
2178 2378 2424 2444 inventa

298 2473 609 2534 intercedit
635 2473 746 2554 (l).

373 2663 446 2729 (l)
480 2666 705 2724 Diversa,
725 2674 776 2711 ut
795 2673 959 2713 notum
988 2673 1081 2719 est,
1116 2666 1320 2711 existunt

301 2759 542 2815 systemata
589 2748 876 2798 eruditorum
922 2747 1042 2794 circa
1087 2747 1318 2793 rationem

300 2850 351 2880 ex
361 2832 813 2897 plicandiantiqnam
825 2826 1181 2896 mythologiam.
1199 2825 1321 2875 Sunt

300 2917 379 2980 qui
417 2914 638 2979 adoptant
652 2913 1005 2978 explicationem
1024 2909 1314 2969 Evehemeri,

298 2999 428 3062 juxta
479 3014 627 3061 quam
674 2995 953 3061 mythologia
996 3012 1095 3043 non
1140 3009 1234 3059 prae
1271 3009 1318 3042 se

301 3078 388 3126 fert
433 3081 522 3126 nisi
558 3089 748 3127 eventus
779 3077 1019 3125 historicos
1044 3114 1058 3137 ‚
1117 3094 1318 3142 quorum

299 3161 511 3209 homines
529 3171 734 3209 auctores
754 3160 925 3210 fuerint
939 3197 952 3220 ‚
972 3160 1035 3207 dii
1051 3170 1204 3207 autem
1218 3178 1315 3208 non

299 3244 471 3291 fuerint
503 3246 592 3291 nisi
614 3245 752 3292 duces
771 3279 787 3304 ,
833 3253 984 3291 nautae
1005 3280 1018 3302 ‚
1052 3244 1138 3291 viri
1175 3242 1315 3291 belli-

301 3328 410 3374 cosi.
435 3325 546 3373 Haec
572 3326 810 3390 explicatio
841 3327 1057 3374 historica
1086 3324 1315 3389 mytholo-

301 3411 386 3473 giae
416 3408 474 3468 ab
501 3407 603 3474 ejus
634 3418 817 3458 auctore
845 3419 891 3457 et
921 3408 1160 3457 defensore
1183 3406 1236 3454 Ε
1240 3424 1316 3455 ve-

305 3490 583 3539 hemem‘tica
596 3491 721 3539 dicta
737 3501 820 3540 est.
836 3491 970 3540 Hauc
982 3491 1314 3550 expositionem

297 3573 429 3622 avide
462 3575 752 3638 arripuerunt
769 3575 998 3638 epicurei,
1031 3582 1187 3638 utpote
1206 3588 1313 3637 quae

299 3659 445 3720 magis
487 3666 755 3720 congrueret
797 3657 1002 3720 ipsorum
1045 3656 1310 3721 systemati,

298 3738 425 3802 quod
439 3738 567 3787 nulla
584 3737 721 3787 detur
736 3737 1028 3803 providentia
1050 3772 1065 3797 ‚
1095 3746 1140 3785 et
1153 3738 1313 3785 omnia

1413 2680 1520 2710 casu
1546 2681 1600 2712 ac
1643 2664 1833 2712 fortuito
1865 2667 2097 2714 eveniant.
2150 2664 2282 2715 Hanc
2310 2670 2424 2733 pari·

1411 2755 1478 2792 ter
1509 2762 1674 2810 magna
1699 2746 1860 2794 saltem
1884 2763 1943 2794 ex
1971 2756 2098 2812 parte
2130 2748 2424 2799 adsciverunt

1410 2826 1598 2891 mythici
1630 2830 1930 2886 recentiores,
1964 2846 2158 2895 eamque
2186 2831 2420 2896 applicant

1408 2925 1545 2958 sacrae
1573 2907 1835 2974 Scripturae.
1857 2909 1947 2959 Alii
1970 2912 2190 2978 adoptant
2219 2915 2417 2979 explica-

1409 2994 1580 3039 tionem
1599 2991 1897 3058 symbolicam
1912 3030 1927 3054 ,
1948 2994 2025 3043 alii
2046 2997 2237 3044 mixtam
2257 3032 2274 3057 ,
2293 3014 2420 3046 eam·-

1409 3091 1500 3140 que
1535 3073 1697 3122 evolvit
1726 3073 1926 3125 Kreuzer
1958 3094 2067 3124 cum
2099 3081 2192 3125 suis
2233 3079 2419 3126 modifi-

1408 3156 1663 3205 cationibus
1680 3159 1729 3204 in
1744 3157 2211 3222 smSymboHcaAlii
2230 3170 2418 3210 censent

1408 3251 1487 3290 aut
1509 3241 1752 3308 physicam
1789 3252 1870 3289 aut
1904 3243 2087 3291 ethicen
2117 3242 2204 3290 sub
2245 3246 2415 3309 mythis

1408 3325 1661 3372 contineri.
1698 3323 1788 3371 Alii
1818 3324 1907 3372 alia
1937 3327 2113 3373 ratione
2142 3344 2239 3373 rem
2275 3343 2414 3391 expo-

1407 3417 1544 3456 nunt.
1565 3406 1660 3455 Gfr.
1686 3415 1771 3454 art.
1795 3408 1875 3455 cit.
1907 3424 1995 3455 nec
2010 3425 2105 3455 non
2128 3407 2302 3458 Natalis
2321 3409 2412 3458 Co-

1410 3490 1531 3537 mitis
1569 3485 1874 3554 Mytholoqiae
1900 3489 2001 3536 sive
2030 3489 2410 3555 explicationum

1400 3570 1682 3635 fabularum
1743 3570 1828 3619 lib.
1873 3589 1899 3618 x
1926 3606 1942 3631 ‚
2008 3571 2197 3621 Venet.·
2238 3571 2354 3621 1581
2393 3591 2408 3633 ;

1405 3653 1704 3702 Montfaucon
1729 3688 1743 3715 ,
1789 3651 2080 3719 I’Amiquite
2122 3653 2370 3721 expliqube
2389 3689 2406 3715 ,

1404 3736 1530 3785 Paris
1577 3751 1733 3801 1719,
1763 3745 1878 3785 tom.
1918 3752 1934 3785 1
1955 3775 1967 3798 ‚
2013 3735 2236 3786 Discours
2254 3734 2408 3803 preli-
