2514 4218
363 261 528 297 PART.
579 260 617 293 1.
664 259 814 295 sacr.
865 260 925 296 11.
973 258 1099 296 CAP.
1150 262 1210 295 ιι.
1258 262 1323 296 ne
1368 261 1595 300 PMMAT.
1650 264 1864 301 enarer.
2069 242 2184 306 387

69 414 170 462 est'
211 402 361 460 cruci
404 399 642 472 affixus7
698 399 1040 459 floruerunt.
1101 404 1164 457 In
1216 402 1303 459 his
1340 403 1561 483 quippe
1601 403 1990 465 celeberrimis
2023 408 2185 468 factis

68 497 300 556 traditio
345 495 476 555 viva
540 506 931 555 conservatur.
992 496 1159 554 Nunc
1209 495 1388 572 addo,
1418 495 1620 556 eadem
1689 496 1865 579 plane
1922 502 2184 576 ratione,

69 614 180 674 qua
216 589 529 650 adversarii
557 600 805 647 utuntur
839 589 914 647 ad
955 588 1173 647 factum
1211 588 1369 648 istud
1413 592 1834 667 evertendum,
1879 615 2050 676 posse
2077 616 2186 656 au-

66 687 353 745 thentiam
395 706 685 743 sacrarum
711 683 878 743 Novi.
919 685 1074 742 Test.
1107 683 1541 764 Scripturarum
1569 690 1784 761 everti3
1825 709 1933 748 nec
1969 692 2129 750 enim
2167 738 2183 766 .,

67 794 131 840 ut
155 793 355 864 postea
394 779 751 849 videbimus,
790 778 1113 861 potioribus
1154 778 1660 865 illaeffargumentis
1691 784 2048 845 innituntur.
2099 789 2186 846 En

67 899 181 958 quo
216 898 276 936 se
308 877 618 955 conjiciant
662 874 1067 956 imprudentes
1109 874 1391 951 ejusmodi
1421 875 1902 957 impugnatores?

152 972 287 1031 563.
340 973 425 1031 Ad
468 973 577 1047 6¹1¹,
617 972 764 1051 Ney.
805 969 1058 1049 Ignatius
1105 970 1264 1028 enim
1303 968 1560 1029 scribens
1609 973 1683 1031 ad
1728 975 2018 1034 Romanos
2060 999 2186 1057 pro-

67 1068 294 1134 fitetur.
328 1089 388 1126 se
415 1067 482 1125 iis
502 1088 622 1124 non
655 1066 940 1146 imperare
975 1075 1040 1122 ut
1064 1066 1266 1122 Petrus
1299 1076 1357 1122 et
1389 1065 1597 1125 Paulus
1624 1068 1740 1147 (1);
1787 1071 1981 1151 ecquis
2009 1093 2185 1153 porro

67 1183 186 1219 non
224 1162 418 1221 videat
459 1172 718 1243 apertam
745 1158 1087 1219 allusionem
1139 1159 1214 1217 ad
1258 1159 1361 1218 hos
1403 1162 1706 1242 Apostolos
1733 1209 1749 1238 .,
1788 1167 1888 1246 qui
1914 1187 2184 1227 romanos

66 1256 450 1316 instituebant
471 1301 486 1321 ,
527 1256 645 1313 imo
671 1275 802 1312 enm
834 1252 992 1333 loqui
1027 1254 1099 1312 de
1126 1274 1188 1312 re
1229 1255 1572 1316 notissima?
1603 1258 1813 1316 Mirum
1847 1281 2022 1341 porro
2053 1273 2140 1321 est
2160 1306 2183 1335 ,

66 1351 257 1412 adhuc
291 1351 675 1432 suspicionem
708 1347 781 1406 ab
814 1348 1157 1408 adversariis
1201 1349 1384 1428 ingeri
1429 1348 1502 1409 de
1537 1357 1915 1430 yenuim'tate
1969 1357 2184 1437 episto-

64 1446 253 1506 larum
290 1445 512 1535 Ignatii
527 1445 587 1502 in
625 1454 788 1502 tanta
812 1441 1036 1502 critices
1073 1443 1231 1518 luce
1279 1466 1462 1524 quum
1514 1445 1656 1505 vel
1639 1447 1751 1527 ipsi
1790 1449 2183 1510 protestantes

63 1541 293 1600 illarum
339 1540 614 1601 vindicias
667 1538 1025 1619 susceperint
1070 1537 1391 1618 (2).1dem
1450 1538 1540 1598 dic
1586 1540 1657 1598 de
1700 1541 2184 1622 interpolatione,

63 1647 370 1718 postquam
418 1634 678 1716 epistolae
738 1635 1005 1714 genuinae
1047 1633 1120 1691 ab
1165 1633 1540 1715 interpolatis
1588 1636 1854 1717 apprime
1895 1637 2183 1698 distinctae

65 1743 231 1804 sunt,
259 1742 316 1790 et
341 1730 622 1811 exquisita
649 1739 736 1788 est
757 1730 911 1788 inter
939 1740 1214 1810 utrasque
1240 1728 1468 1787 collatio
1500 1751 1684 1811 usque
1708 1730 1783 1789 ad
1810 1733 1997 1813 apices
2019 1734 2184 1793 insti·

63 1836 188 1884 tuta
215 1824 324 1906 (3).
364 1826 578 1885 Verum
609 1844 726 1905 quo
764 1846 888 1882 non
921 1822 1174 1906 impellit
1222 1823 1525 1884 haereticus
1569 1824 1773 1885 furor?
2047 1814 2050 1817 ’

146 1920 286 1980 564.
333 1919 489 1978 Licet
524 1939 662 1979 vero
696 1917 901 2000 Papias
927 1919 1100 1977 fuerit
1132 1929 1387 1997 angustae
1415 1919 1629 1977 mentis
1651 1965 1666 1993 ,
1702 1940 1766 1978 ac
1795 1920 1958 1981 facile
1996 1946 2145 2006 prop
2166 1961 2181 1970 -

64 2027 221 2075 terea
256 2013 443 2095 decipi
463 2014 719 2095 potuerit
741 2059 755 2088 ,
783 2013 906 2074 sive
928 2014 990 2071 in
1024 2012 1327 2071 nonnullis
1361 2013 1731 2094 speculativis
1768 2015 2141 2096 opinionibus
2164 2066 2181 2093 .‚

64 2110 180 2172 sive
209 2110 272 2168 in
294 2109 564 2168 facilitate
588 2109 871 2189 quasdam
897 2107 1247 2168 admittendi
1268 2107 1608 2167 traditiones
1627 2153 1643 2182 ,
1679 2130 1798 2167 non
1828 2110 1967 2169 inde
1996 2114 2181 2194 sequi-

66 2218 198 2280 tur,
238 2207 425 2287 ipsum
458 2205 616 2263 haud
644 2206 899 2286 potuisse
933 2216 1140 2264 testem
1166 2227 1288 2264 esse
1315 2205 1448 2264 facti
1486 2204 1925 2264 celebratissimi
1957 2229 2022 2267 ac
2050 2209 2181 2269 vul-

63 2301 375 2381 gatissimi3
424 2299 681 2381 alioquin
735 2299 910 2358 rudes
959 2321 1159 2358 omnes
1201 2301 1386 2380 inepti
1425 2299 1600 2381 plane
1656 2312 1850 2359 essent
1890 2301 1965 2360 ad
2000 2303 2178 2364 fidem

59 2395 434 2456 faciendam
419 2417 480 2453 m
520 2393 931 2454 tribunalibus.
989 2394 1158 2473 Quod
1207 2416 1345 2453 vero
1384 2397 1634 2453 Irenaeus
1686 2394 1963 2476 deceptus
2005 2397 2179 2458 fuerit

62 2513 93 2549 a
134 2491 345 2572 Papia
393 2490 639 2571 gratuita
679 2491 918 2549 assertio
960 2501 1088 2563 est
1136 2511 1261 2570 quae
1298 2490 1503 2549 eadem
1544 2488 1817 2549 facilitate
1859 2492 2178 2551 contemni-

60 2597 193 2661 tur,
227 2607 339 2667 qua
379 2586 687 2668 profertur.
726 2587 854 2644 Non
883 2586 1020 2644 satis
1054 2596 1142 2643 est
1169 2606 1422 2644 asserere
1442 2630 1457 2658 ,
1504 2584 1608 2643 sed
1643 2594 1923 2666 praeterea
1945 2607 2178 2647 necesse

62 2692 150 2740 est
193 2680 441 2762 probare
462 2726 477 2755 ,
512 2679 670 2762 quod
698 2702 1002 2762 nunquam
1047 2679 1362 2738 adversarii
1394 2679 1665 2738 efficient.

138 2775 276 2834 565.
333 2775 418 2834 Ad
452 2776 535 2835 7¹1¹
558 2821 572 2850 ,
600 2776 750 2856 Ney.
785 2777 1014 2835 Etenim
1055 2775 1165 2833 nisi
1209 2774 1453 2833 fuissent
1485 2795 1674 2833 coaeva
1699 2818 1713 2847 ,
1749 2771 1912 2832 nulla
1952 2775 2176 2837 ratione

60 2869 133 2929 ad
199 2869 297 2929 illa
359 2882 743 2931 monumenta
801 2872 1085 2953 potuisset
1135 2871 1302 2947 Cajus
1364 2870 1531 2928 initio
1581 2867 1754 2929 seculi
1802 2868 1916 2942 ΙΙΙ,
1965 2868 2181 2932 seilicet

66 3083 218 3156 (ulan
238 3083 427 3132 verbaS.
435 3085 661 3150 Ignatiin.
673 3084 725 3132 4:
742 3087 844 3146 οὐχ
859 3084 914 3136 ὥς
928 3081 1093 3148 Πέτρος
1177 3085 1235 3132 ad
1278 3085 1451 3133 calcem
1493 3084 1585 3133 vol.
1618 3100 1680 3138 ιι,
1725 3078 1929 3132 Puerum
1966 3087 2179 3165 Apostol.

67 3185 144 3213 nou
189 3172 365 3220 Παῦλος
416 3165 729 3231 διατάσσομαι
778 3168 894 3230 ὖμῒν.
947 3167 1075 3215 ἐκεῖνο
1079 3187 1093 3214 ι
1178 3168 1418 3227 Cotelerii‚
1445 3177 1491 3214 et
1516 3166 1662 3215 Isaac.
1685 3164 1878 3214 Vossius
1894 3169 1942 3214 in
1959 3159 2093 3233 epist.
2119 3171 2179 3219 ad

69 3247 158 3295 ᾰπο
148 3244 296 3297 ὀη-ολ
301 3270 345 3311 ι,
392 3273 438 3299 κ.
475 3273 521 3299 τ.
557 3263 606 3299 λ.
642 3250 756 3298 Non
810 3259 863 3297 ut
924 3250 1007 3295 Pe‘
1014 3265 1095 3295 rus
1180 3250 1319 3298 Andr.
1367 3249 1614 3306 Rivetum‚
1649 3247 1768 3295 datis
1796 3247 2009 3297 adversus
2039 3250 2182 3300 Blon-

70 3337 115 3377 et
153 3330 338 3379 Paulus
368 3336 596 3400 praecipio
631 3335 788 3384 vobis.
831 3333 917 3381 Illi
959 3333 1093 3397 Apo·
1178 3332 1353 3379 dellum
1375 3369 1387 3389 ‚
1412 3330 1525 3378 ibid.
1561 3346 1607 3394 p.
1636 3325 1738 3395 439
1768 3338 1810 3375 et
1840 3345 1971 3396 seqq.

55 3411 205 3472 stoli,
235 3423 323 3461 ete.
1140 3421 1143 3425 ’
1243 3411 1309 3477 (3)
1347 3412 1445 3460 Cfr.
1475 3410 1670 3458 Praefatt.
1701 3409 1869 3458 Usserii
1889 3447 1903 3470 ‚
1947 3410 2094 3459 Vossii
2130 3421 2177 3461 et

142 3493 206 3556 (2)
244 3493 294 3543 S.
328 3494 488 3560 Ignatii
524 3500 814 3562 epistolarum
860 3495 1088 3546 vindicias
1170 3493 1384 3543 Cotelerii
1411 3495 1460 3540 in
1501 3491 1727 3557 Ignatium
1748 3526 1767 3552 ‚
1799 3491 1923 3555 apud
1951 3489 2055 3539 Cot.
2082 3494 2174 3540 loe.

74 3592 128 3623 ex
155 3578 512 3640 protestantibus
543 3581 662 3628 inter
691 3590 860 3629 eeteros
891 3582 1081 3644 egerunt
1170 3578 1249 3625 cit.
1265 3593 1370 3640 pag.
1399 3572 1486 3623 Set
1502 3591 1634 3640 seqq.
1659 3587 1844 3622 necnon
1867 3572 1982 3621 ibid.
2000 3573 2176 3623 erudita

73 3655 209 3705 Joan.
251 3656 523 3706 Pearsonius
542 3696 556 3718 ,
586 3662 633 3707 in
672 3661 846 3723 prolixa
875 3662 1079 3725 disputa·
1170 3657 1490 3722 prolegomena
1508 3654 1606 3704 Jao.
1638 3653 1808 3704 Ueserii
1834 3657 1884 3702 in
1912 3653 2172 3718 Iguuium,

73 3739 201 3786 tione
236 3740 450 3787 adversus
480 3738 709 3788 Dallaeum
730 3782 744 3802 ,
772 3757 874 3807 quae
904 3749 1074 3806 prostat
1155 3749 1267 3787 tom.
1298 3754 1332 3786 u
1350 3775 1364 3799 ,
1394 3745 1516 3802 part.
1541 3748 1575 3786 ἰι
1597 3774 1612 3800 ,
1631 3754 1737 3803 pag.
1771 3733 1877 3871 1875
1895 3742 1942 3784 et
1962 3750 2089 3801 seqq.

1796 3815 1837 3872 2
1884 3861 1897 3874 .
