2514 4218
282 159 401 220 348

885 176 1078 218 TRAc'r.
1127 181 1194 218 DE
1238 179 1393 230 LOCIS»,
1431 181 1811 222 THEOLOGICIS.

281 343 652 386 summorum
673 323 1019 381 Pontificum
1042 320 1364 381 locutiones
1399 333 1466 380 ut
1497 322 1788 403 privatam
1822 325 2159 408 opinionem
2200 346 2319 407 prae
2358 347 2419 387 se

280 423 538 480 ferentes
558 466 573 495 7
598 419 700 479 sed
738 441 832 478 eas
863 439 1000 477 vere
1037 429 1478 500 repraesentare,
1512 429 1579 477 ut
1593 417 1782 479 verbis
1810 421 2122 481 adversarii
2144 432 2379 481 utamur
2398 467 2414 498 7

279 516 661 574 traditionem
702 513 1049 575 catholicam
1079 514 1192 593 (l).

317 645 320 647 ·
367 612 504 670 514.
554 611 640 670 Ad
671 611 753 668 5¹1¹
774 655 789 684 7
822 611 978 669 Dist.
1010 611 1067 669 Si
1100 610 1341 670 Ecclesia
1375 611 1535 670 Petri
1563 612 1884 692 primatum
1909 634 2031 671 non
2056 624 2417 697 proponeret

280 707 645 769 credendum
688 718 755 764 ut
788 706 1099 765 articulum
1137 707 1310 781 fidei,
1351 719 1541 767 trans,
1566 708 1662 768 vel
1702 729 1900 778 comm
1923 709 1970 767 si
1996 709 2242 770 Ecclesia
2283 722 2421 770 tan*

283 827 462 887 quam
508 802 644 862 fidei
684 802 996 862 articulum
1054 802 1222 862 illum
1266 802 1627 864 credendum
1669 804 1947 887 proponit
1987 850 2001 878 7
2047 826 2176 886 neq.
2227 808 2416 889 Atque

279 899 377 960 hic
418 899 607 959 obiter
653 898 1179 960 animadvertimus
1226 899 1663 975 adversarium,
1698 911 1824 959 tum
1847 899 1943 959 hic
1975 911 2106 959 tum
2142 899 2279 960 alibi
2306 924 2413 984 pro

283 1006 444 1054 certo
483 1016 816 1059 assumere.
852 999 1022 1073 juxta
1050 996 1337 1076 principia
1363 996 1859 1078 protestantismi,
1895 996 2260 1078 privatorum
2290 1017 2416 1057 esse

282 1091 551 1172 colligere
571 1113 634 1151 ac
650 1091 963 1152 decernere
997 1091 1217 1174 aliquid
1242 1091 1599 1152 credendum
1632 1104 1696 1151 ut
1725 1092 2036 1152 articulum
2064 1091 2194 1153 fidei
2216 1139 2231 1168 7
2257 1091 2418 1175 quod

283 1189 578 1271 quispiam
614 1189 675 1246 in
716 1188 1011 1271 Scriptura
1056 1200 1118 1248 et
1162 1188 1479 1249 traditione
1521 1189 1809 1248 contineri
1851 1189 2174 1261 existimet3
2201 1201 2261 1248 at
2284 1188 2416 1248 talis

280 1286 547 1369 profecto
579 1285 777 1366 regula
821 1284 960 1346 fidei
1006 1285 1299 1346 catholicae
1322 1333 1336 1362 7
1378 1286 1585 1345 saltem
1614 1286 1880 1369 proxima
1904 1332 1918 1360 7
1958 1285 2416 1367 haudquaquam

282 1393 390 1441 est.
420 1383 554 1442 Haec
591 1404 713 1441 non
742 1393 831 1441 est
867 1382 981 1440 nisi
1017 1383 1327 1441 auctoritas
1358 1382 1621 1442 Ecclesiae
1641 1428 1657 1457 7
1698 1404 1826 1464 quae
1853 1381 2090 1465 quidem
2123 1383 2187 1441 in
2213 1381 2421 1442 decer-

284 1478 500 1538 nendis
546 1478 684 1538 fidei
713 1477 969 1538 articulis
1019 1479 1230 1537 nititur
1261 1479 1557 1561 Scriptura
1591 1501 1657 1539 ac
1704 1477 2020 1537 traditione
2048 1526 2064 1549 ,
2110 1490 2178 1537 ut
2206 1477 2418 1558 regulis

241 1621 244 1625 .
281 1575 669 1657 inadaequatis
700 1620 716 1651 7
746 1575 795 1633 si
832 1596 1093 1634 seorsum
1129 1584 1494 1657 spectentur,
1546 1586 1607 1634 et
1644 1575 1919 1651 remotis,
1957 1586 2222 1634 attamen
2265 1573 2418 1634 illius

285 1682 522 1731 tantum
566 1682 680 1741 est,
720 1681 927 1753 utpote
962 1669 1321 1746 infallibilis,
1368 1669 1660 1731 declarare
1698 1692 1907 1732 verum
1935 1671 2147 1733 divinae
2182 1670 2420 1733 revela-

282 1768 461 1827 tionis
486 1789 724 1827 sensum
755 1814 771 1843 7
817 1779 877 1827 et
909 1766 1233 1849 quemlibet
1270 1766 1579 1826 articulum
1618 1768 1680 1825 in
1709 1767 2063 1829 revelatione
2104 1767 2414 1826 contineri.

283 1864 505 1923 Verum
540 1863 613 1922 de
656 1863 767 1922 hoc
809 1875 1032 1944 postea.
1096 1864 1373 1923 Ceterum
1429 1862 1743 1922 Ecclesiam
1793 1864 2049 1923 tenuisse
2086 1884 2319 1944 semper
2352 1883 2418 1921 ac

284 1960 554 2020 docuisse
593 1960 777 2020 veluti
809 1960 1122 2019 articulum
1159 1960 1294 2019 fidei
1338 1960 1494 2019 Petri
1531 1962 1853 2041 primatum
1887 2006 1901 2034 7
1944 1960 2126 2041 liquet
2174 1971 2298 2017 tum
2346 1980 2419 2018 ex

284 2057 477 2131 facto7
538 2067 666 2115 tum
705 2078 782 2116 ex
836 2055 1084 2115 solemni
1140 2056 1484 2117 definitione
1527 2055 1681 2114 edita
1731 2056 1793 2113 in
1835 2055 2103 2137 pluribus
2151 2053 2420 2114 Conciliis

289 2153 666 2212 oecumenicis
697 2196 715 2229 7
769 2153 1093 2235 praesertim
1131 2152 1509 2212 Lateranensi
1549 2152 1621 2210 IV
1657 2197 1673 2226 7
1716 2151 2087 2231 Lugdunensi
2128 2151 2179 2209 Π
2210 2161 2269 2210 et
2296 2150 2421 2210 Flo-

285 2249 522 2310 rentino
555 2249 670 2329 (2).
736 2253 751 2259 “
1454 2248 1462 2254 “

371 2345 511 2405 515.
561 2345 651 2405 Ad
677 2345 762 2404 61¹³
786 2391 801 2422 7
834 2348 994 2405 Dz'st.
1025 2347 1127 2406 Ast
1148 2368 1460 2429 perperam
1497 2357 1556 2405 et
1579 2345 1884 2424 antilogice
1911 2344 1973 2404 id
2002 2344 2180 2404 infert
2203 2343 2419 2405 adver-

285 2442 470 2500 sarius
486 2463 558 2500 ex
590 2443 969 2525 responsione
998 2442 1429 2503 Catholicorum
1444 2486 1466 2516 ,
1501 2464 1661 2501 conc..
1674 2463 1694 2511 ,·
1703 2446 1836 2520 jure
1859 2463 1924 2501 ac
1948 2441 2127 2522 logice
2145 2486 2161 2516 7
2183 2463 2310 2519 neq.
2332 2441 2419 2498 En

285 2538 462 2616 igitur
514 2537 831 2599 adversarii
877 2540 1350 2619 argumentatio:
1398 2537 1705 2599 Catholicis
1754 2536 2107 2613 fatentibus,
2158 2534 2418 2616 Apostoli

286 2654 492 2693 omnes
528 2655 697 2716 pares
737 2634 977 2695 fuerunt
1008 2636 1071 2693 in
1111 2635 1395 2715 dignitate
1450 2645 1551 2693 aut
1586 2655 1828 2694 munere
1875 2632 2190 2716 apostolico
2218 2654 2418 2692 essen-

352 2885 420 2950 (l)
457 2884 610 2935 Verba
636 2884 684 2934 S.
702 2886 868 2935 Leonis
894 2885 962 2934 M.
981 2903 1033 2934 ex
1050 2882 1210 2935 Serm.
1234 2903 1308 2945 ιιι,

286 2967 345 3014 de
372 2970 604 3036 Assump.
626 2987 716 3018 sua
731 3007 744 3030 ‚
766 2988 866 3037 quae
888 2967 1134 3018 adversarii
1165 2973 1310 3018 nostri

291 3051 449 3100 oculos
489 3053 633 3102 nimis
661 3057 1001 3119 perstringunt,
1029 3063 1136 3101 sunt
1171 3054 1305 3104 haec:

288 3131 341 3182 E
344 3141 363 3179 t
381 3142 540 3183 tamen
571 3137 628 3184 de
651 3145 742 3186 toto
770 3135 950 3184 mundo
982 3152 1112 3183 unus
1129 3139 1310 3184 Petrus

257 3216 259 3218 ’
288 3215 483 3281 eliqitur
505 3255 517 3277 7
538 3221 625 3283 qui
653 3225 702 3270 et
728 3222 1069 3268 universarum
1088 3222 1308 3284 yentium

287 3302 531 3348 vocationi
560 3339 573 3359 7
630 3312 674 3350 et
734 3302 957 3351 omnibus
1014 3301 1261 3368 Apostolis
1292 3339 1305 3360 ‚

285 3384 572 3447 cunctisque
604 3381 836 3434 Ecclesia„³
867 3385 1099 3452 patribus
1115 3401 1312 3451 proepo-

286 3472 438 3514 natur
447 3486 466 3524 ‚·
479 3474 550 3528 ut,
565 3470 785 3531 quamvis
798 3470 852 3515 in
861 3467 1040 3534 populo
1055 3465 1149 3517 Dei
1179 3468 1319 3515 multi

293 3548 553 3596 sacerdotes
594 3551 695 3597 sint
720 3584 737 3611 ‚
787 3551 1021 3616 multique
1052 3558 1274 3617 pastores
1299 3588 1311 3611 7

289 3647 451 3679 omnes
466 3641 623 3680 tamen
629 3635 831 3698 proprie
841 3644 971 3698 reqat
984 3634 1181 3696 Petrus,
1199 3651 1315 3699 quos

282 3715 629 3781 principaliter
654 3718 778 3784 reqit
803 3726 844 3765 et
867 3717 1106 3766 Christus.
1131 3717 1184 3765 In
1202 3717 1310 3766 edit.

1395 2884 1570 2935 Baller.
1617 2885 1763 2934 Serm.
1811 2902 1857 2932 1x
1881 2922 1894 2946 ‚
1932 2902 2035 2951 cap.
2092 2900 2120 2932 2
2145 2921 2158 2944 ‚
2201 2882 2293 2932 col'.
2340 2879 2418 2931 16.

1394 2968 1529 3018 Certe
1553 2970 1651 3018 haec
1681 2978 1892 3018 evertunt
1908 2977 2060 3016 totum
2076 2966 2287 3014 Palmerii
2306 2982 2420 3013 oxo-

1393 3055 1720 3119 niensiumque
1738 3062 1991 3100 ceterorum
2008 3066 2183 3098 novum
2201 3058 2417 3113 systema.

1463 3136 1528 3201 (2)
1572 3135 1720 3185 Cone.
1751 3134 1915 3184 Later.
1932 3150 1979 3182 ιν
1998 3170 2013 3194 ,
2042 3134 2169 3181 decr.
2210 3151 2265 3186 v,
2294 3131 2420 3197 apud

1393 3220 1539 3269 Hard.
1558 3220 1683 3267 Acta
1701 3216 1888 3266 Concil.
1907 3228 2107 3274 tom.v11‚
2127 3211 2421 3280 pag.23-2[}‚·

1399 3301 1588 3354 concil.
1611 3300 1763 3366 Luqd.
1782 3317 1844 3361 11,
1863 3300 1982 3348 ibid.
2002 3299 2095 3347 col.
2114 3296 2215 3365 695
2231 3305 2278 3347 et
2296 3312 2417 3362 7⁰23

1401 3386 1549 3435 Conc.
1587 3384 1802 3433 Florem.
1836 3386 1884 3431 in
1919 3383 2125 3431 Dect-eto
2168 3381 2418 3441 Uononis,

1399 3469 1521 3518 ibid.
1554 3480 1672 3516 tom.
1715 3484 1795 3525 ix,
1840 3465 1930 3514 col.
1973 3463 2074 3532 985
2119 3475 2165 3513 et
2198 3482 2330 3530 seqq.
2363 3461 2420 3510 In

1399 3553 1472 3600 his
1510 3568 1646 3617 porro
1684 3549 1903 3598 Conciliis
1938 3558 2254 3597 convenerunt
2279 3546 2420 3593 Graeci

1399 3644 1444 3684 et
1473 3633 1625 3682 Latini
1655 3649 1670 3696 3
1702 3631 1887 3682 illorum
1915 3637 2051 3681 verba
2079 3631 2268 3679 inferius
2288 3629 2419 3677 exhi-

1396 3715 1630 3766 bebimus.
