2514 4218
335 268 491 303 mar.
538 266 579 299 1.
628 263 750 299 0111.
801 263 842 298 1.-
892 262 965 297 1111
999 261 1218 298 0111113111
1262 260 1410 298 noct.
1455 257 1730 296 ms‘rrru‘r.
1778 258 1843 295 m·
1885 257 2038 295 01110.
2197 232 2231 293 9

150 417 618 488 argumentorum
639 425 848 484 genere
866 403 1321 463 luculentissime
1346 401 1582 468 factum,
1602 398 1758 481 quod
1772 397 2227 459 enunciavimus.

152 501 314 576 Quod
357 522 493 561 vero
533 509 754 581 spectat
786 499 858 556 ad
884 505 1038 576 jus,
1080 497 1155 555 ad
1187 508 1461 556 aeternam
1494 494 1708 553 scilicet
1755 492 2002 552 salutem
2031 492 2236 552 mediis

149 595 369 655 idoneis
395 593 559 652 nobis
577 591 1027 674 comparandam
1040 620 1064 665 -‚
1092 602 1372 672 tanquam
1407 592 1581 649 finem
1606 635 1624 665 .,
1649 609 1823 669 quem
1845 586 2104 647 Christus
2129 588 2238 647 sibi

148 689 446 771 proposuit
479 689 540 745 in
573 686 928 744 instituenda
959 683 1201 743 Ecclesia
1238 705 1338 742 sua
1359 729 1376 758 ,
1414 694 1589 765 prout
1617 682 1869 742 secundo
1893 681 2019 741 loco
2048 691 2238 741 osten-

148 783 405 842 dendum
446 783 894 861 assumpsimus,
943 800 1060 836 non
1096 778 1292 836 minus
1328 789 1527 857 aperte
1557 776 1895 836 adstruitur.
1932 776 2008 835 Ac
2035 779 2241 854 primo

148 901 219 938 ex
242 880 365 958 ipsa
388 876 585 937 divina
609 874 819 935 Christi
841 872 1109 932 missione
1130 917 1145 946 a
1175 891 1350 952 quam
1373 873 1425 929 ei
1439 871 1662 949 jamdiu
1690 871 2108 931 vindicavimus
2123 869 2238 952 (l)

147 972 451 1050 Objectum
489 993 661 1051 porro
709 968 922 1028 divinae
964 966 1250 1024 missionis
1275 970 1415 1024 ¹non
1458 964 1616 1024 aliud
1650 987 1772 1042 esse
1819 976 2012 1048 potest
2063 986 2239 1047 quam

147 1065 458 1126 revocandi
486 1087 551 1125 ac
577 1061 963 1141 conjungendi
1000 1061 1265 1120 homines
1301 1082 1434 1119 cum
1458 1062 1579 1119 Deo
1604 1059 1810 1118 ultimo
1849 1062 1966 1120 fine
2000 1072 2200 1120 nostro
2222 1105 2240 1136 ‚

149 1163 268 1221 sive
298 1163 360 1218 in
393 1173 652 1240 tempore
691 1157 813 1216 sive
861 1157 923 1215 in
960 1157 1315 1229 aeternitate3
1355 1166 1420 1214 ut
1460 1151 1672 1214 scilicet
1704 1153 1970 1214 homines
1998 1155 2245 1234 redeant

150 1256 222 1314 ad
259 1255 406 1321 illud.
437 1252 790 1335 principium
814 1297 830 1325 ‚
861 1273 891 1309 a
917 1273 1033 1332 quo
1061 1251 1342 1337 originem
1379 1271 1486 1332 per
1522 1249 1875 1308 creationem
1902 1248 2144 1309 habent.
2176 1253 2245 1309 In

151 1349 259 1408 hoc
283 1359 475 1408 autem
504 1347 763 1405 consistit
791 1357 1008 1406 aeterna
1035 1345 1342 1404 hominum
1375 1343 1548 1406 salus,
1588 1345 1857 1402 Secundo
1903 1343 2014 1402 hoc
2052 1345 2246 1426 ipsum

149 1443 444 1502 conficitur
477 1461 544 1500 ex
577 1441 929 1521 professione
957 1440 1136 1522 ipsius
1165 1439 1422 1499 Ecclesiae
1456 1460 1487 1497 a
1519 1438 1746 1497 Christo
1769 1439 2045 1501 institutae
2065 1482 2083 1512 ,
2116 1459 2250 1519 quae

148 1559 267 1596 11011
288 1536 467 1594 alium
507 1535 618 1594 sibi
652 1536 1042 1617 praestitutum
1073 1535 1252 1593 finem
1276 1534 1512 1613 agnovit
1555 1545 1767 1615 praeter
1802 1543 2083 1593 aeternam
2118 1533 2246 1593 feli-

148 1633 377 1689 citatem
411 1629 793 1689 obtinendam
821 1676 837 1705 a
882 1652 991 1712 ope
1035 1629 1250 1689 divinae
1288 1629 1480 1709 gratiae
1511 1641 1571 1687 et
1610 1628 1873 1687 omnium
1910 1629 2194 1688 virtutum
2227 1674 2247 1704 v

149 1724 437 1783 charitatis
457 1771 471 1792 .
504 1726 790 1806 praecipue
814 1726 876 1783 in
902 1726 1088 1784 Deum
1112 1736 1171 1783 et
1188 1712 1516 1805 proximum
1537 1768 1554 1797 a
1584 1723 1874 1783 exercitio,
1905 1723 2038 1786 Huc'
2055 1722 2248 1783 media

150 1821 343 1878 omnia
390 1819 703 1879 collineant
733 1841 798 1878 ac
842 1831 1211 1879 revocantur.
1274 1819 1471 1879 Tertio
1506 1817 1743 1876 demum
1801 1817 1994 1898 palam
2029 1830 2116 1878 est
2153 1840 2248 1877 re-

148 1915 344 1996 petitis
386 1915 572 1974 effatis
619 1914 835 1974 Christi
875 1913 1189 1973 conditoris
1226 1912 1519 1987 Ecclesiae,
1562 1913 1756 1972 relatis
1798 1934 1828 1971 a
1875 1910 2251 1994 scriptoribus

149 2010 349 2071 coaevis
378 2056 393 2084 ,
434 2009 644 2091 quibus
683 2021 1037 2092 protestatus
1074 2020 1163 2069 est
1183 2054 1199 2081 ,
1232 2030 1292 2068 30
1316 2009 1378 2067 in
1395 2008 1551 2067 hunc
1581 2007 1872 2067 mundum
1897 2008 2153 2082 venisse,
2184 2019 2251 2067 ut

149 2103 314 2162 daret
331 2105 508 2162 vitam
528 2149 545 2180 ‚
573 2125 816 2186 eamque
841 2103 1244 2178 abundantem
1266 2149 1283 2178 ‚
1314 2102 1518 2163 ovibus
1547 2104 1661 2162 suis
1681 2103 1770 2183 (2)
1792 2149 1808 2179 ‚
1837 2105 1954 2162 suis
1980 2102 2252 2164 videlicet

154 2199 507 2273 cultoribus;
551 2221 677 2282 quae
727 2202 963 2283 quidem
995 2201 1114 2260 vita
1159 2200 1401 2280 gratiam
1441 2199 1840 2282 complectitur
1880 2200 1940 2258 in
1980 2200 2252 2282 praesenti

159 2314 263 2352 ceu
285 2315 517 2372 germen
540 2341 555 2368 ,
591 2319 763 2377 opera
783 2308 980 2356 sancta
996 2308 1278 2377 tanquam
1301 2296 1548 2354 fructum
1567 2338 1588 2368 ,
1618 2306 1888 2356 aeternam
1913 2316 2050 2355 vero
2074 2294 2253 2355 beati·

156 2398 335 2445 tatem
363 2389 525 2468 quasi
560 2390 818 2467 ejusdem
851 2390 1247 2450 evolutionem
1281 2412 1346 2448 ac
1380 2391 1700 2450 terminum
1723 2435 1738 2464 .,
1772 2411 2061 2471 quamque
2082 2389 2253 2449 abso-

154 2479 276 2540 lute
307 2482 605 2541 interdum
643 2495 809 2543 vocat
845 2489 1028 2543 vitam
1065 2495 1354 2542 oeternam
1400 2483 1507 2564 (3).
1546 2484 1748 2542 Omnis
1790 2489 1910 2562 ejus
1951 2485 2211 2544 doctrina
2233 2529 2251 2559 ,

152 2587 477 2656 praccepta,
526 2577 795 2651 consilia,
844 2579 1250 2652 Sacramenta,
1290 2589 1400 2636 etc.
1442 2578 1627 2638 veluti
1668 2577 1912 2638 totidem
1955 2578 2147 2638 media
2184 2600 2252 2638 eo

155 2669 407 2733 tendunt
427 2717 443 2747 ‚
478 2682 650 2754 atque
683 2672 745 2729 in
769 2672 832 2731 id
866 2694 1049 2730 unum
1073 2672 1424 2754 conspirant.

234 2766 339 2824 20.
386 2767 530 2824 Cum
559 2778 867 2848 propterea
889 2767 1248 2848 apertissime
1267 2789 1333 2827 ex
1358 2768 1525 2828 dictis
1564 2768 1782 2828 factum
1808 2789 1940 2828 cum
1954 2772 2084 2847 jure
2113 2788 2253 2827 con-

149 2864 420 2937 junctum
466 2862 846 2920 constitutum
888 2863 964 2920 sit
989 2906 1006 2936 ,
1049 2873 1247 2943 patet,
1281 2862 1438 2944 quod
1480 2865 1918 2945 proposuimuS‚
1959 2862 2253 2922 Christum

157 2975 370 3037 nempe
403 2955 712 3015 Ecclesiam
740 2956 1052 3016 instituisse
1083 2967 1256 3038 atque
1287 2958 1594 3033 fundasse,
1632 2969 1699 3017 ut
1722 2959 1783 3016 in
1813 2979 1880 3017 ea
1904 2968 1961 3017 et
1981 2979 2088 3039 per
2122 2978 2252 3018 eam

157 3050 244 3107 sui
279 3049 526 3111 cultores
563 3051 770 3111 mediis
809 3051 1032 3112 idoneis
1062 3063 1256 3112 essent
1290 3053 1557 3112 instructi
1585 3052 1660 3112 ad
1690 3063 1968 3113 aeternam
2002 3051 2247 3113 salutem

159 3141 265 3203 sihi
296 3145 767 3227 comparandam.

956 3297 1436 3340 DIFFICULTATES.

186 3433 190 3436 ’
224 3431 338 3491 21.
387 3433 666 3513 Objectio.
713 3438 774 3494 10
803 3436 1192 3497 Vehementer
1223 3449 1409 3511 errat,
1446 3439 1642 3518 quiex
1692 3436 1971 3498 hodierna
2015 3437 2254 3498 Ecclesia

227 3652 297 3717 (l)
333 3626 477 3703 Tract.
508 3653 586 3704 De
621 3674 730 3706 vora
769 3658 921 3722 Reliq.
955 3670 1075 3724 part.
1116 3676 1167 3721 1,
1318 3658 1380 3721 (2)
1418 3657 1555 3706 Joan.
1586 3677 1613 3706 x
1636 3695 1649 3717 ‚
1697 3673 1769 3706 10.

158 3749 256 3797 C‘³¹P·
292 3731 340 3795 4·
1321 3740 1387 3804 (3)
1425 3741 1446 3788 1
1482 3740 1619 3791 Joan.
1652 3757 1715 3801 v,
1754 3757 1828 3788 11.
