2514 4218
242 107 364 177 472
850 127 1049 166 macr.
1093 125 1163 165 ΒΕ
1205 126 1357 165 Locis
1400 125 1778 167 rnnorocrms,

245 271 430 335 velint
463 269 537 329 ab
566 269 815 330 Ecclesia
857 268 1150 342 exscindi,
1200 278 1480 329 tenentur
1523 268 1741 348 judicio
1777 269 2104 350 dogmatico
2139 271 2382 334 Concilii

244 367 588 429 oecumenici
609 411 624 440 ,
657 387 690 424 a
728 387 876 425 rom.
909 365 1191 425 Pontifice
1228 367 1557 426 confirmati
1591 412 1607 441 ,
1646 366 2006 447 acquiescere
2033 389 2097 426 ac
2124 367 2330 447 subjici
2361 395 2378 444 3

244 462 433 522 multo
466 484 607 524 vero
647 463 847 523 minus
883 461 1102 543 requiri
1136 462 1479 522 inferiorum
1514 462 1857 525 clericorum
1881 475 1982 523 aut
2013 463 2200 547 plebis
2227 464 2386 525 chri-

245 560 446 620 stianae
474 560 936 641 acceptationem
962 559 1304 618 unanimem
1337 571 1398 620 et
1420 580 1771 619 consensum
1798 584 1814 633 3
1849 558 2105 640 alioquin
2127 583 2264 623 oves
2287 583 2387 643 pa-

246 667 477 716 scerent
499 656 1034 735 confirmarentque
1050 666 1310 735 pastores
1326 677 1543 737 eosque
1561 654 1859 730 docerent,
1887 656 2131 716 minime
2156 679 2296 717 vero
2310 656 2385 717 ab

245 752 358 812 illis
386 751 773 824 docerentur3
813 750 936 809 haec
965 750 1123 810 enim
1161 749 1852 830 Jansenistarum'regula
1879 751 1924 809 si
1962 751 2209 822 valeret,
2245 752 2388 812 nul-

244 850 371 908 lum
402 853 525 926 jam
558 845 883 905 Concilium
916 847 1005 904 uti
1037 849 1469 907 oecumenicum
1509 845 1825 906 haberetur
1847 847 1910 904 in
1939 847 2203 907 Ecclesia.
2237 847 2388 907 Con-

246 945 508 1026 sequitur
525 943 790 1017 demnm,
816 966 849 1002 a
871 944 1098 1002 fortiori
1124 943 1286 1004 haud
1304 944 1525 1026 requiri
1553 944 2013 1026 acceptationem
2041 955 2099 1003 et
2127 965 2389 1003 consen-

243 1064 374 1101 sum
409 1052 671 1102 coetuum
713 1041 1202 1118 acatholicorum,
1233 1053 1300 1100 ut
1338 1041 1663 1101 Concilium
1698 1041 2126 1100 oecumenicum
2163 1041 2389 1100 censeri

254 1138 469 1198 debeat
491 1183 506 1212 .,
547 1135 711 1197 seeus
741 1159 806 1196 ac
831 1137 1153 1197 arbitratur
1182 1136 1437 1198 Palmer.
1475 1139 1756 1212 Quamvis
1783 1137 1942 1197 enim
1965 1138 2088 1219 ipse
2114 1136 2390 1197 Ecclesias

245 1256 528 1316 graecam,
565 1234 845 1293 russicam
897 1246 956 1293 et
1009 1233 1377 1313 anglicanam
1416 1235 1662 1293 minime
1706 1235 1862 1294 inter
1911 1233 2256 1293 acatholicas
2302 1253 2391 1294 re·-

247 1343 514 1405 censeat‚
556 1333 677 1390 imo
709 1329 1021 1390 catholicas
1057 1329 1233 1412 plane
1268 1352 1363 1390 eas
1402 1330 1847 1390 communiones
1874 1352 1996 1390 esse
2027 1329 2347 1390 contendat
2369 1374 2390 1406 ‚

247 1426 359 1485 hoc
388 1438 589 1486 tamen
623 1425 959 1485 inauditum
1002 1430 1126 1504 ejus
1163 1438 1567 1486 commentum
1605 1426 1871 1507 superius
1912 1448 1943 1484 a
1978 1423 2149 1483 nobis
2187 1423 2393 1506 explo-

251 1545 383 1581 sum
422 1534 539 1596 est,
582 1543 717 1581 cum
750 1521 914 1581 nulla
952 1522 1201 1581 Ecclesia
1236 1523 1312 1605 sit
1355 1508 1669 1597 catholica,
1707 1541 1835 1603 quae
1869 1522 1932 1579 in
1983 1521 2209 1580 unitate
2258 1519 2396 1580 fidei

256 1631 316 1680 et
359 1620 791 1678 communionis
837 1640 962 1676 non
1021 1619 1095 1676 sit
1133 1639 1267 1677 cum
1322 1639 1472 1678 rom.
1518 1618 1803 1678 Pontifice
1836 1663 1852 1693 ,
1889 1617 2153 1677 Ecclesiae
2178 1616 2396 1677 Christi

254 1715 443 1797 capite
469 1759 486 1791 ,
525 1726 728 1775 centro
753 1735 832 1773 rac
870 1713 1281 1773 fundamenta
1322 1714 1656 1773 Nestoriani
1685 1735 1861 1796 porro
1893 1718 2063 1792 juxta
2099 1712 2210 1773 hoc
2236 1714 2396 1795 prin-

250 1813 471 1893 cipium
501 1811 768 1893 excipere
814 1813 1143 1893 potuissent
1181 1810 1462 1873 adversus
1512 1810 1839 1870 Concilium
1886 1809 2286 1892 Ephesinum,
2329 1810 2395 1869 il-

248 1907 354 1968 lud
390 1931 512 1967 non
546 1909 720 1967 fuisse
747 1908 1225 1983 oecumenicum,
1271 1929 1340 1968 eo
1379 1906 1538 1990 quod
1569 1908 1631 1967 in
1660 1906 1810 1966 illud
1832 1930 1955 1967 non
1992 1907 2399 1967 consenserint

259 2005 459 2064 Ariani
483 2027 548 2064 ac
574 2004 1017 2078 Macedoniani3
1049 2004 1396 2085 Eutychiani
1424 2005 1758 2086 potuissent
1778 2004 2069 2085 excipere,
2087 2025 2210 2062 non
2225 2003 2400 2063 fuisse

257 2101 686 2162 oecumenicum
711 2100 1037 2160 Concilium
1065 2099 1543 2162 Chalcedonense
1570 2147 1586 2176 7
1624 2122 1697 2160 ex
1731 2121 1799 2159 eo
1823 2099 1981 2182 quod
2005 2099 2116 2181 ipsi
2143 2098 2400 2181 adstipu-

254 2196 504 2256 Iatinon
531 2198 749 2257 fuerint
777 2197 1127 2270 Nestoriani,
1155 2208 1214 2257 et
1235 2198 1315 2255 ita
1332 2197 1626 2280 deinceps,
1644 2195 1966 2256 Palmerius
1990 2206 2193 2256 tamen
2216 2194 2399 2255 veluti

259 2293 618 2353 oecumenica
644 2292 825 2353 habet
845 2316 942 2353 sex
971 2295 1167 2376 priora
1197 2293 1450 2353 Concilia
1474 2339 1491 2370 ,
1532 2305 1707 2376 prout
1733 2294 1859 2375 ipsa
1885 2293 2119 2372 fingunt
2143 2313 2203 2351 se
2230 2291 2403 2351 susci-

258 2412 398 2472 pere
440 2391 618 2452 etiam
653 2403 1069 2474 protestantes,
1129 2392 1188 2450 Si
1230 2391 1426 2474 priora
1469 2412 1571 2451 sex
1611 2390 1867 2451 Concilia
1915 2390 2003 2449 uti
2042 2388 2401 2449 oecumenica

258 2498 576 2547 censentur
610 2534 626 2564 .,
665 2510 796 2570 quae
832 2489 1180 2548 confirmata
1210 2499 1351 2547 sunt
1373 2511 1405 2547 a
1430 2510 1578 2547 rom.
1612 2485 1990 2547 Pontificibus
2021 2531 2037 2560 .,
2062 2496 2122 2544 et
2153 2483 2400 2567 proinde

261 2580 335 2639 ab
373 2583 648 2645 omnibus
673 2583 973 2645 catholicis
1000 2596 1266 2667 suscepta
1284 2631 1300 2660 ‚
1327 2584 1492 2644 nulla
1515 2605 1753 2666 prorsus
1792 2593 1881 2642 est
1908 2582 2084 2658 ratic,
2114 2602 2293 2664 quare
2325 2577 2400 2638 ab

258 2675 494 2740 illorum
530 2703 710 2741 censu
738 2680 962 2763 reliqua
997 2681 1415 2764 subsequentia
1445 2680 1702 2741 debeant
1743 2677 1995 2738 excludi.
2038 2680 2142 2738 Ast
2186 2678 2399 2736 frustra

253 2784 320 2840 in
359 2778 451 2838 his
486 2778 730 2859 logicam
763 2778 974 2862 quaeris
1009 2776 1083 2836 ab
1109 2777 1463 2838 acatholicis,

342 2877 482 2934 688.
532 2877 660 2934 Stat
682 2875 859 2955 igitur
878 2920 893 2949 ‚
924 2873 1083 2955 quod
1103 2875 1539 2957 proposuimuS‚
1559 2874 1791 2935 decreta
1815 2873 2141 2954 dogmatica
2164 2868 2404 2931 Concilii

258 2973 646 3047 oecumenici,
695 2972 1026 3030 confirmati
1073 2993 1104 3029 a
1160 2994 1311 3030 rom.
1372 2973 1686 3047 pontifice,
1729 2968 2175 3032 irreformabilia
2216 2989 2287 3027 ex
2339 2988 2401 3027 se

257 3088 379 3127 esse
400 3112 415 3141 ,
455 3089 555 3126 seu
584 3079 719 3128 ante
756 3089 1105 3130 consensum
1127 3078 1184 3125 et
1209 3069 1673 3150 acceptationem
1697 3067 1959 3128 Ecclesiae
1980 3111 1997 3141 ,
2028 3085 2400 3147 quocumque

257 3162 500 3222 demum
540 3185 713 3223 sensu
755 3163 1019 3224 Ecclesiae
1069 3185 1292 3224 nomen
1322 3166 1669 3247 accipiatur,
1713 3165 1835 3225 sive
1875 3184 1985 3244 pro
2024 3171 2179 3222 coetu
2213 3171 2404 3242 pasto-

252 3284 387 3321 rum
414 3308 431 3338 .,
464 3262 586 3322 sive
610 3285 717 3344 pro
747 3275 902 3324 coetu
941 3263 1120 3325 etiam
1143 3261 1281 3323 cleri
1314 3263 1602 3323 inferioris
1635 3273 1705 3328 etv
1734 3259 1920 3343 plebis
1951 3307 1966 3335 7
2007 3259 2127 3319 sive
2151 3257 2403 3339 denique

254 3381 365 3441 pro
392 3380 678 3418 consensu
704 3359 938 3419 illorum
966 3406 982 3437 7
1007 3360 1107 3442 qui
1135 3381 1167 3417 a
1192 3382 1434 3420 romana
1469 3358 1881 3419 communione
1912 3356 2083 3419 divisi
2112 3365 2250 3414 sunt
2273 3400 2289 3430 ‚
2320 3353 2403 3414 vi·

256 3454 466 3514 delicet
490 3454 941 3515 acatholicorum
968 3458 1079 3539 (l)

326 3635 393 3698 (1)
431 3634 701 3685 Notandum
730 3645 883 3685 tamen
910 3637 989 3686 hie
1018 3648 1117 3700 est,
1154 3637 1281 3687 Con·
1367 3638 1679 3686 firmationem
1715 3635 2004 3685 essentialem
2037 3651 2160 3684 rom.
2204 3630 2401 3681 Pontifi-
