2514 4218
285 142 406 203 310

895 155 1096 193 Tnac‘r.
1142 153 1212 192 DE
1255 152 1407 190 mels
1448 153 1827 195 Tnnomsslcls.

287 310 694 369 monstratum
746 296 994 382 perinde
1038 316 1104 355 ac
1157 294 1205 353 si
1255 293 1537 355 diceret:
1582 295 1720 358 licet
1766 322 1975 361 omnes
2035 300 2283 383 aequales
2330 324 2430 363 seu

285 420 456 484 pares
478 407 672 458 essent
702 391 1020 479 apostolica
1048 401 1343 474 potestate
1366 402 1427 451 et
1457 390 1717 468 honore,
1741 407 1810 454 ut
1829 399 2119 460 tamenin
2140 399 2432 459 unitatem

288 517 494 555 omnes
524 492 915 555 convenirent
940 500 1001 548 et
1025 487 1448 563 coalescerent,
1488 438 1749 570 praefecit
1770 493 2044 556 omnihus
2071 499 2309 556 Petrum
2337 518 2434 559 ve·

285 592 395 652 luti
427 591 670 652 unitatis
706 585 1016 646 exordium
1037 634 1054 664 .‚
1095 586 1322 646 fontem
1352 607 1418 645 ac
1450 585 1769 666 originem3
1803 609 1905 647 seu
1931 590 2090 671 quod
2116 592 2276 652 idem
2306 604 2395 651 est
2414 638 2431 669 ,

285 689 536 757 contuli-t
571 689 746 746 Petro
774 704 953 766 super
979 704 1184 743 omnes
1211 683 1536 765 primatum
1560 684 1869 764 potestatis
1891 695 1953 745 et
1973 687 2391 764 jurisdictionis
2414 734 2430 764 ,

285 808 419 848 cum
453 785 581 843 sine
622 782 750 864 ipso
785 781 983 840 unitas
1023 802 1336 862 nunquam
1375 781 1726 840 emersisset.
1752 783 2112 841 Germanam
2135 781 2286 843 hanc
2311 793 2437 845 esse

283 885 343 942 S.
386 878 667 962 Cypriani
704 888 969 938 mentem
990 922 1006 953 ,
1036 887 1202 958 patet
1236 887 1367 936 tum
1396 898 1468 937 ex
1509 877 1702 940 verbis
1742 876 1882 960 ipsis
1904 889 2068 950 ,tum
2100 899 2172 939 ex
2204 879 2272 939 iis
2308 902 2437 962 quae

284 975 486 1037 scribit
514 976 576 1034 in
592 974 764 1058 epist.
782 975 899 1050 LV,
929 974 992 1032 in
1020 996 1135 1055 qua
1163 986 1334 1035 vocat
1359 975 1517 1034 Petri
1535 973 1876 1035 cathedram
1891 975 2230 1035 Ecclesiam
2245 980 2438 1056 prin-

281 1074 584 1154 cipalem,
623 1093 697 1131 ex
734 1092 850 1153 qua
885 1073 1097 1129 unitas
1124 1072 1510 1130 sacerdotalis
1533 1081 1739 1130 exorta
1761 1082 1870 1141 est,
1895 1092 2024 1155 quae
2046 1076 2170 1151 ejus
2197 1072 2441 1133 unitatis

280 1168 608 1230 formandae
643 1169 805 1244 vim,
837 1168 1388 1248 prmoipalzmtatzs
1372 1168 1553 1251 1psius
1590 1166 1881 1229 cathedrae
1920 1169 2223 1252 propriam
2260 1180 2439 1303 atque

282 1266 679 1350 praecipuam,
721 1265 1055 1346 significant
1089 1264 1206 1347 (l).

369 1362 514 1424 462.
563 1364 620 1422 S.
669 1360 1057 1423 Ambrosius
1042 1383 1105 1420 ln
1135 1362 1332 1443 primo
1363 1372 1533 1422 textu
1571 1360 1808 1436 scribit,
1840 1365 2084 1423 Petrum
2109 1361 2292 1442 egisse
2315 1362 2439 1444 pri-

285 1473 517 1519 matum
547 1458 962 1534 confessioniS,
998 1479 1122 1517 non
1143 1458 1425 1533 honoris3
1461 1457 1637 1534 fidei,
1663 1481 1786 1518 non
1821 1458 2042 1519 ordinis
2061 1505 2077 1535 ,
2109 1460 2266 1519 Dist.
2290 1459 2440 1518 Cum

285 1555 560 1615 nondum
582 1566 879 1614 assecutus
905 1567 1057 1615 esset
1079 1554 1238 1614 hunc
1260 1556 1587 1637 primatum
1614 1555 1854 1615 honoris
1883 1566 1943 1616 et
1966 1555 2188 1614 ordinis
2206 1600 2223 1631 ,
2245 1576 2441 1625 comm

287 1663 607 1734 postquam
653 1650 822 1710 hunc>
849 1662 1146 1711 assecutus
1181 1661 1310 1726 est,
1354 1673 1484 1732 neq.
1535 1651 1834 1733 Significat
1874 1652 2074 1735 itaque
2110 1651 2202 1710 his
2234 1650 2438 1719 ,verbis

285 1750 345 1807 S.
404 1749 656 1823 Doctor,
710 1749 956 1808 Petrum
992 1747 1202 1808 ceteris
1237 1748 1535 1830 praeivisse
1572 1746 1874 1832 Apostolis
1919 1748 1984 1808 in
2022 1746 2251 1809 edenda
2301 1746 2439 1807 fidei

284 1843 668 1905 confessione.

352 2123 423 2187 (l)
458 2121 606 2189 quue
620 2124 766 2187 magis
784 2117 930 2188 liquet
951 2139 1004 2170 ex
1030 2121 1154 2181 idea,
1174 2138 1318 2187 quam

284 2215 547 2254 constanter
578 2207 747 2270 ingerit
780 2203 998 2252 Ecclesiae
1027 2202 1076 2252 S.
1115 2203 1320 2270 Martyr,

284 2290 537 2354 praesertim
556 2305 664 2336 vero
675 2289 806 2352 epist.
829 2289 953 2348 xxix,
971 2285 1319 2335 ubiEcclesiam

282 2388 428 2419 unam
453 2369 683 2419 definiens
699 2406 713 2429 ,
739 2372 936 2436 ejusque
967 2371 1196 2417 unitatem
1216 2370 1320 2418 des-

280 2454 486 2514 cribenS,
511 2455 602 2502 ait:
625 2452 772 2502 Plebs
791 2454 1027 2502 sacerdoti
1044 2454 1318 2503 coadunata

282 2543 327 2584 et
342 2537 535 2601 pastori
551 2552 639 2584 suo
658 2552 778 2601 qrex
795 2536 1064 2586 adhaerens.
1085 2537 1317 2602 Quoniam

283 2635 392 2667 vero
419 2620 468 2666 in
495 2618 855 2685 particularibus
884 2618 1101 2669 Ecclesiis
1120 2620 1320 2685 quilibet

282 2700 502 2749 sacerdos
525 2712 570 2750 et
604 2710 806 2768 pastor,
847 2719 1017 2765 nempe
1058 2699 1318 2766 Episcopus

284 2786 473 2832 unitatis
503 2800 596 2832 suae
630 2786 859 2850 cujusque
897 2783 1188 2850 particularis
1227 2785 1317 2832 Ec·

283 2866 433 2914 clesiae
465 2869 592 2933 origo
623 2878 692 2916 est
715 2903 730 2927 ‚
761 2867 1070 2932 eamdemque
1091 2869 1318 2915 unitatem

282 2958 470 2998 eatenus
501 2950 672 2999 format
706 2960 845 3016 atque
886 2959 1159 3009 conservat,
1202 2967 1320 3015 qua-

281 3039 414 3078 tenus
453 3034 582 3097 ipsi,
632 3035 714 3100 qui
749 3033 879 3082 radix
919 3043 963 3082 et
997 3038 1212 3081 centrum
1252 3041 1319 3081 est

283 3112 474 3160 unitatis
509 3152 523 3175 ,
575 3125 672 3165 tota
720 3117 864 3180 ipsius
909 3114 1127 3163 Ecclesiae
1178 3114 1314 3181 plebs

284 3195 570 3259 coadunari,
614 3210 661 3249 et
699 3210 822 3249 totus
856 3215 972 3266 φοι·
1003 3198 1237 3247 adhaerere
1264 3202 1313 3248 in

283 3295 436 3326 unum
483 3279 648 3339 debet,
694 3293 746 3331 ut
792 3300 847 3332 ex
883 3282 1031 3349 plebis
1073 3298 1127 3330 ac
1167 3284 1313 3347 gregis

282 3359 463 3410 unione
492 3379 601 3411 cum
634 3381 717 3413 suo
757 3367 991 3415 sacerdote
1035 3380 1089 3413 ac
1130 3374 1313 3429 pastore

279 3441 485 3493 Ecclesia
510 3462 607 3494 una
634 3446 745 3506 fiat3
773 3449 836 3496 ita
866 3448 995 3514 juxta
1028 3446 1080 3497 S.
1110 3445 1310 3515 Cypria-

278 3544 396 3576 num
428 3529 482 3576 in
506 3528 757 3578 universali
787 3530 990 3581 Ecclesia
1025 3547 1150 3579 unus
1178 3545 1309 3578 sum-

1403 2130 1561 2186 postea
1581 2119 1880 2168 ostendemus
1897 2156 1912 2180 ,
1940 2118 2075 2168 Petro
2102 2119 2305 2169 succedit
2328 2156 2341 2180 ,
2363 2137 2440 2170 ca-

1403 2200 1586 2252 tholicae
1612 2205 1806 2251 unitatis
1835 2204 1964 2269 origo
1989 2213 2082 2262 est,
2115 2203 2441 2270 unitatemque

1404 2288 1545 2335 totius
1566 2286 1782 2334 Ecclesiae
1817 2285 2057 2334 catholicae
2078 2285 2249 2333 format
2268 2295 2312 2335 et
2329 2303 2443 2335 con·

1403 2372 1522 2418 tinet
1541 2402 1556 2429 ,
1573 2379 1806 2437 quatenns
1823 2371 1910 2435 ipsi
1931 2406 1944 2430 ,
1965 2378 2019 2417 ut
2046 2367 2190 2417 radici
2208 2378 2253 2417 et
2282 2379 2438 2418 centro

1404 2454 1615 2520 ejusdem
1645 2455 1866 2513 unitatis,
1898 2452 2155 2501 coadunari
2186 2462 2327 2517 atque
2355 2450 2439 2499 ad-

1402 2536 1576 2585 haerere
1608 2536 1782 2585 debent
1807 2553 1967 2584 omnes
1995 2545 2040 2583 et
2071 2534 2232 2582 fideles
2257 2544 2302 2582 et
2323 2532 2436 2600 Epi-

1401 2620 1557 2682 scopi,
1577 2624 1631 2666 ut
1658 2635 1714 2666 ex
1730 2617 1941 2683 pluribus
1965 2617 2322 2682 particularibus
2343 2617 2439 2681 ple-

1401 2699 1541 2749 bibus
1560 2701 1896 2767 gregibusque,
1918 2702 1959 2749 ei
1978 2717 2195 2765 supremo
2212 2701 2438 2748 sacerdoti

1402 2792 1544 2849 atque
1561 2785 1729 2848 pastori
1749 2783 2097 2831 adhaerentibus
2122 2820 2135 2843 ‚
2171 2800 2293 2831 unus
2318 2797 2435 2849 grex

1402 2876 1447 2915 et
1489 2866 1693 2915 Ecclesia
1738 2885 1833 2915 una
1871 2867 2143 2915 universalis
2185 2867 2430 2915 coalescat.

1402 2947 1506 3014 Quo
1528 2952 1675 3014 reipsa
1706 2950 1793 3009 fit,
1828 2959 1880 2996 ut
1922 2949 2128 2997 Ecclesia
2168 2946 2430 3011 catholica,

1401 3031 1617 3097 pluribus
1637 3032 1746 3081 licet
1768 3033 1818 3079 in
1838 3030 1951 3078 locis
1975 3031 2179 3095 dispersa
2209 3068 2222 3088 ,
2252 3031 2319 3077 sit
2335 3031 2433 3078 uti-

1399 3131 1490 3179 que
1513 3130 1729 3163 connexa
1753 3147 1769 3176 ,
1794 3120 1850 3160 ut
1873 3112 2052 3160 ibidem
2075 3111 2240 3159 subdit
2258 3149 2272 3172 ,
2297 3121 2342 3160 et
2356 3129 2434 3161 co-

1397 3195 1690 3244 lum-entium
1729 3194 1829 3243 sibi
1871 3195 2083 3243 invicem
2120 3195 2421 3243 sacerdotum

1394 3278 1588 3343 qlueino
1638 3276 1880 3344 copulata.
1933 3275 2040 3328 Hoc
2077 3294 2183 3326 vero
2235 3279 2430 3326 minime

1396 3363 1708 3411 verificaretur
1726 3397 1741 3422 ‚
1779 3363 1817 3408 si
1835 3358 1995 3409 Petrus
2028 3361 2302 3408 auctoritate
2329 3362 2427 3425 pri-

1395 3455 1548 3495 matus
1590 3446 1727 3495 etiarn
1763 3446 1884 3494 inter
1920 3443 2164 3511 Apostolos
2197 3460 2253 3493 ac
2291 3461 2430 3509 super

1392 3527 1636 3594 Apostolos
1678 3530 1873 3578 minime
1918 3529 2133 3595 praeditus
2171 3545 2198 3577 a
2239 3525 2422 3576 Christo

280 3625 386 3657 mus
416 3610 625 3659 sacerdos
661 3628 716 3660 ac
750 3622 903 3676 pastor
932 3611 984 3664 S.
1026 3613 1218 3673 Petrus,
1258 3622 1302 3662 et
1384 3610 1560 3660 fuisset.
1588 3609 1688 3662 Cfr.
1716 3610 1941 3662 Ballerin.
1971 3629 2053 3679 op.
2084 3611 2162 3660 cit.
2195 3626 2301 3676 cap.
2338 3607 2417 3669 13,

274 3697 518 3757 propterea
546 3709 767 3744 romanus
799 3694 1015 3746 Pontifex
1034 3730 1051 3759 ,
1081 3696 1163 3764 qui
1182 3733 1201 3757 ,
1233 3697 1301 3745 uti
1385 3714 1437 3746 n.
1476 3711 1554 3746 10.
