2514 4218
288 121 408 182 416

913 141 1112 179 TRACT.
1160 140 1229 176 ΒΕ
1275 138 1428 176 LOCIS
1472 138 1854 178 THEOLOGICIS.

290 352 292 355 v
370 284 511 345 599.
561 284 735 365 Resp.
795 281 884 342 Ad
930 283 1049 355 111¹,
1092 282 1249 340 Dist.
1286 282 1328 339 A
1359 284 1493 359 jure
1529 280 1732 340 divino
1773 283 1960 364 repeti
1996 283 2235 364 nequit,
2277 286 2434 367 quod

292 404 325 442 a
361 402 524 439 mero
561 379 814 438 hominis
862 376 1105 436 arbitrio
1147 375 1369 458 pendet
1405 375 1467 434 in
1524 375 1648 457 ipsa
1691 398 1755 436 re
1784 377 2147 438 instituenda
2170 424 2186 453 ,
2234 401 2434 450 conc.,·

287 479 350 538 in
374 474 649 560 ponenda
681 473 1038 546 conditione,
1065 483 1132 530 ut
1155 493 1271 544 reS‚
1292 493 1422 554 quae
1441 471 1643 530 divino
1667 476 1796 551 jure
1823 472 2093 532 instituta
2119 485 2207 533 est
2225 520 2242 551 ‚
2262 497 2433 534 suum

290 573 569 633 sortiatur
612 570 918 642 effectum,
958 590 1083 647 neq.
1121 566 1289 641 Quod
1331 578 1397 625 ut
1444 566 1716 648 exemplo
1759 567 2030 627 familiari
2071 569 2427 629 illustretur:

288 690 360 730 ex
402 667 599 727 divina
640 663 1012 733 institutione
1052 663 1159 737 fit,
1202 672 1266 720 ut
1305 661 1475 745 panis
1512 684 1618 746 per
1658 664 2157 724 consecrationem
2183 688 2431 728 conver-

288 775 449 824 tatur
489 762 551 820 in
599 760 813 820 Christi
868 759 1124 842 Corpus3
1173 781 1201 816 a
1226 758 1550 818 Sacerdotis
1586 755 1790 819 tamen
1830 758 2072 819 arbitrio
2116 761 2335 843 pendet
2369 764 2433 823 in

287 860 447 920 hunc
491 857 683 940 potius
739 877 916 937 quam
962 854 1133 928 illum
1182 876 1398 936 panem
1444 853 1621 913 verba
1665 856 2113 915 consecrationis
2150 857 2426 936 proferre.

290 958 393 1017 Ast
429 955 475 1014 si
511 953 692 1013 semel
730 974 947 1035 panem
984 951 1243 1034 aliquem
1286 951 1749 1025 consecraverit7
1783 952 1846 1010 in
1893 951 2111 1011 nullius
2156 957 2279 1031 jam
2322 975 2431 1035 po-

289 1062 499 1112 testate
537 1062 626 1111 est
658 1051 1157 1109 consecrationem
1190 1070 1222 1107 a
1255 1069 1409 1130 pane
1437 1047 1537 1106 illo
1567 1047 1796 1107 auferre
1820 1093 1835 1122 ,
1857 1082 1859 1084 -
1880 1069 1945 1107 ac
1980 1070 2115 1110 vere
2143 1048 2433 1110 diceretur

281 1153 417 1229 j-ure
457 1146 659 1207 divino
680 1192 696 1222 ,
730 1167 832 1206 seu
862 1167 932 1205 ex
958 1144 1158 1207 divina
1176 1144 1579 1215 institutione,
1617 1164 1831 1224 panem
1853 1142 2024 1202 illum
2054 1144 2275 1203 factum
2307 1166 2434 1206 esse

288 1244 513 1326 Corpus
549 1242 794 1317 Christi,
839 1241 1107 1324 quamvis
1148 1261 1180 1299 a
1226 1240 1376 1299 facto
1407 1260 1569 1299 mere
1605 1238 1864 1298 humano
1907 1240 2029 1300 sive
2069 1261 2228 1299 mero
2261 1240 2432 1301 alicu-

280 1345 377 1420 j-us
403 1339 733 1400 Sacerdotis
772 1338 1011 1397 arbitrio
1048 1337 1265 1395 factum
1302 1339 1377 1395 sit
1397 1383 1413 1413 7
1451 1347 1518 1395 ut
1547 1337 1713 1418 panis
1741 1335 1838 1394 ille
1875 1336 1938 1394 in
1963 1338 2186 1420 Corpus
2214 1337 2429 1397 Christi

289 1457 398 1519 per
422 1435 919 1495 consecrationem
941 1433 1119 1494 fuerit
1143 1443 1404 1491 mutatus
1436 1433 1546 1514 (l).
1579 1434 1700 1492 Hoc
1732 1444 1929 1492 autem
1957 1444 2023 1491 ut
2049 1433 2203 1492 casui
2228 1444 2434 1493 nostro

289 1675 489 1724 stionem
502 1707 518 1733 ,
538 1676 574 1721 si
600 1671 790 1738 quidem
806 1679 972 1718 notum
988 1680 1054 1719 est
1073 1706 1086 1730 ,
1110 1669 1317 1718 nonnul-

288 1755 357 1805 los
373 1755 668 1804 scholasticos
683 1763 726 1802 et
743 1752 983 1815 theologos
1011 1753 1314 1811 existimasse,

289 1838 501 1888 absolute
541 1837 640 1886 fieri
673 1853 804 1901 posse
824 1873 837 1895 ‚
869 1845 919 1883 ut
944 1838 1169 1900 primatus
1188 1873 1202 1895 ,
1235 1852 1316 1883 seu

291 1938 506 1970 summus
531 1919 828 1985 pontificatus
855 1920 1127 1966 auctoritate
1154 1917 1314 1966 Eccle-

290 2008 371 2055 siae
408 2015 487 2054 aut
509 2021 630 2052 rom.
659 2003 898 2051 Pontificis
926 2020 951 2050 a
973 2001 1093 2051 Sede
1121 2018 1315 2050 romana

290 2089 342 2135 in
375 2088 511 2135 aliam
558 2096 709 2151 posset
755 2085 1024 2143 transferri,
1055 2084 1315 2151 cujusmodi

291 2180 401 2219 sunt
433 2169 596 2219 Scotus
634 2167 705 2225 In
735 2167 822 2218 lib.
860 2185 905 2216 iv
931 2166 1064 2215 Sem.
1089 2168 1197 2217 dist.
1218 2164 1313 2230 243

291 2252 434 2302 Card.
471 2251 717 2311 Cusanus‚
764 2249 834 2300 De
869 2251 1185 2298 concordant.
1232 2266 1315 2297 ca-

291 2334 406 2385 thol.
441 2335 526 2383 lib.
548 2351 580 2383 11
603 2372 615 2395 ‚
647 2352 750 2399 cap.
792 2331 858 2397 34
889 2333 997 2399 (qui
1029 2343 1184 2381 tamen
1211 2349 1318 2397 pos-

298 2429 371 2468 tea
404 2421 453 2466 in
486 2420 622 2483 epist.
658 2417 716 2466 ad
735 2417 966 2466 Bohemos
1001 2433 1102 2464 eam
1127 2423 1315 2463 senten-

292 2506 407 2551 tiam
438 2503 699 2551 retraetavit
715 2501 754 2566 );
774 2488 1112 2558 Cordubensis‚'
1131 2498 1216 2548 lib.
1246 2516 1312 2559 iv,

293 2604 346 2653 q.
382 2601 437 2648 13
468 2585 657 2633 Bannez
687 2587 737 2631 in
770 2601 804 2631 ιι
836 2591 999 2649 quaest.
1030 2599 1047 2629 1
1069 2620 1081 2641 ,
1104 2592 1192 2630 art.
1224 2597 1314 2644 103

292 2667 572 2726 Dom.Sot0‚
593 2665 662 2713 In
679 2665 815 2714 lib.1v
830 2662 1074 2721 Sent.t.n‚
1091 2664 1198 2712 dist.
1223 2660 1312 2725 24,

291 2767 348 2816 q.
383 2768 412 2799 2
434 2788 447 2812 ,
478 2761 564 2799 art.
586 2749 616 2796 5
644 2787 656 2810 ‚
681 2749 794 2798 edit.
828 2747 990 2796 Venet.
1025 2744 1174 2813 1755,
1206 2762 1309 2810 pag.

293 2831 359 2898 4ο
378 2851 391 2897 3
426 2834 708 2895 Paludanm,
730 2832 1032 2891 Armacanus,
1055 2829 1279 2879 Mendoza
1297 2863 1316 2891 ‚

294 2917 419 2981 apud
437 2915 604 2966 Suarez
627 2954 640 2977 ‚
661 2914 730 2965 De
751 2912 938 2980 triplici
962 2915 1138 2962 virtute
1161 2910 1308 2960 theol.

294 3005 429 3047 tract.
479 2999 554 3047 De
586 2999 711 3047 Fide
733 3036 745 3057 ,
786 2998 906 3062 disp.
955 3012 1045 3055 10,
1083 3005 1196 3044 sect.
1216 2986 1274 3045 '3
1299 3032 1311 3054 ‚

295 3099 347 3130 n.
379 3097 444 3149 93
476 3082 647 3131 Thom.
690 3082 991 3141 Waldensis,
1042 3079 1167 3144 apud
1198 3078 1310 3126 Cor-

295 3163 555 3212 dubensem
603 3169 652 3212 in
697 3164 869 3213 Doctr.
909 3162 1055 3227 fidei,
1097 3161 1184 3209 lib.
1237 3178 1272 3209 11
1300 3198 1314 3221 ‚

297 3256 385 3295 art.
420 3262 448 3294 2
465 3282 481 3307 ‚
513 3263 613 3310 cap.
639 3244 719 3310 41.
763 3247 1041 3296 Ballerinius
1059 3282 1072 3305 ‚
1097 3247 1146 3292 in
1178 3242 1315 3292 Vin-

296 3328 446 3377 dioiis
467 3329 766 3377 auctoritatis
784 3329 1055 3395 pontificia!
1077 3363 1091 3387 ‚
1127 3345 1229 3393 cap.
1259 3323 1312 3388 8,

299 3410 329 3478 ξ
358 3427 388 3459 2
409 3445 425 3470 ,
469 3419 606 3475 negat
633 3412 825 3475 quidem
861 3412 1110 3460 Ecclesiam
1130 3448 1142 3469 ,
1179 3419 1316 3476 prout

297 3496 541 3559 separatim
576 3511 600 3540 a
643 3510 825 3541 summo
856 3493 1076 3542 pontifice
1100 3493 1314 3542 conside-

299 3587 427 3625 ratur
447 3615 461 3639 ,
484 3593 617 3642 posse
637 3575 728 3624 alio
761 3577 1003 3625 transferre
1028 3579 1279 3642 primatum
1297 3591 1313 3636 3

300 3668 348 3707 at
380 3658 578 3707 dubium
629 3676 676 3707 se
718 3657 940 3721 exhibet,
978 3677 1095 3707 num
1130 3659 1180 3710 id
1212 3658 1315 3707 fieri

1412 1671 1556 1734 possit
1588 1687 1614 1717 a
1644 1686 1765 1718 rom.
1812 1669 2067 1733 Pontifice,
2099 1687 2251 1736 neque
2283 1664 2434 1733 facile

1412 1751 1728 1811 decidendam
1765 1769 1860 1800 esse
1888 1751 2102 1801 affirmat.
2123 1751 2192 1801 Ne
2218 1770 2340 1801 unus
2359 1761 2427 1798 ta·

1413 1855 1521 1886 men
1553 1854 1608 1885 ex
1633 1837 1865 1884 recensitis
1891 1835 2157 1883 auctoribus
2188 1834 2430 1883 catholicis

1411 1919 1669 1977 concludit,
1694 1921 1760 1966 uti
1792 1918 2047 1966 Febronius
2069 1928 2112 1966 ct
2144 1928 2252 1966 ante
2277 1919 2431 1981 ipsum

1413 2002 1685 2051 lutheranus
1713 2000 1925 2049 Amesius
1940 2037 1956 2057 ,
1988 2001 2112 2066 apud
2133 1999 2393 2065 Dupinium
2412 2032 2429 2060 ,

1411 2086 1493 2134 De
1521 2094 1624 2134 ant.
1661 2083 1849 2133 Eccles.
1880 2083 2147 2150 disciplina
2166 2120 2178 2141 ,
2223 2085 2336 2133 diss.
2366 2101 2430 2146 iv,

1411 2167 1437 2235 §
1461 2169 1509 2230 3,
1527 2183 1635 2234 pag.
1661 2165 1760 2230 534
1777 2203 1791 2227 ,
1808 2167 2084 2223 intulerunt,
2103 2184 2155 2215 ex
2183 2184 2237 2215 eo
2266 2184 2434 2232 nempe

1411 2252 1539 2319 quod
1563 2251 1839 2300 Pontificum
1857 2268 1978 2300 rom.
1995 2252 2221 2299 successio
2240 2251 2290 2297 in
2308 2250 2432 2299 facto

1411 2335 1627 2384 humano
1667 2335 1891 2382 fundetur
1910 2371 1922 2393 ‚
1963 2344 2101 2400 atque
2128 2335 2179 2381 in
2219 2333 2431 2382 divinum

1412 2419 1494 2468 sed
1519 2418 1783 2466 humanum
1805 2432 1899 2466 esse
1925 2419 2001 2483 jus
2017 2453 2030 2476 ‚
2058 2434 2154 2483 quo
2175 2417 2425 2465 Pontifices

1414 2504 1595 2551 romani
1628 2505 1677 2549 in
1711 2502 1832 2550 Petri
1867 2504 2117 2566 primatum
2150 2500 2449 2550 succedunt.‘

1481 2586 1547 2649 (1)
1586 2583 1686 2633 Cfr.
1715 2583 1889 2631 Gerdil.
1915 2579 1985 2630 In
2013 2583 2429 2631 Commentarium

1410 2684 1442 2714 a
1474 2668 1514 2715 J
1513 2669 1675 2715 astino
1692 2667 1745 2714 F
1743 2667 1941 2714 ebronio
1965 2667 2023 2713 in
2039 2682 2177 2714 suam
2195 2673 2428 2714 retracta-

1411 2751 1588 2798 tionem
1614 2749 1794 2797 editum
1822 2749 2265 2797 animadversiones
2281 2786 2294 2813 ‚
2323 2766 2432 2814 opp.

1411 2835 1490 2883 cit.
1507 2834 1621 2883 edit.
1646 2843 1758 2881 tom.
1785 2850 1865 2880 xm
1887 2870 1900 2890 ‚
1933 2834 2069 2897 posit.
2089 2848 2141 2898 9,
2164 2850 2271 2898 pag.
2291 2829 2383 2894 241
2411 2869 2424 2892 ,

1413 2918 1494 2982 qui
1531 2917 1651 2964 inter
1691 2930 1839 2964 cetera
1894 2916 2109 2981 praeclare
2158 2915 2367 2962 observat
2413 2933 2429 2965 ε

1426 2998 1595 3047 Unam
1626 2997 1775 3054 illud,
1813 2998 1937 3063 quod
1966 3008 2130 3046 contra
2164 2997 2324 3061 facere
2351 2999 2428 3045 vi-

1411 3082 1550 3130 detur
1570 3120 1582 3136 ,
1599 3098 1777 3131 nexum
1786 3082 2030 3147 primatus
2045 3096 2154 3127 oum
2167 3092 2289 3129 rom.
2308 3077 2428 3130 Sede

1413 3181 1473 3213 ea·
1499 3161 1640 3213 Petri
1666 3165 1796 3229 facto
1832 3163 2073 3230 pendere,
2105 3162 2294 3211 nullius
2330 3179 2429 3210 om-

1409 3249 1530 3296 m'no
1562 3248 1790 3296 momenti
1809 3255 1895 3294 est.
1928 3242 2086 3293 Multa
2103 3247 2279 3312 quippe
2297 3252 2427 3304 sam,

1409 3347 1517 3395 quae
1541 3368 1554 3389 ‚
1585 3338 1640 3378 ut
1666 3331 1765 3377 sint
1792 3338 1839 3376 et
1862 3330 2075 3376 existant
2093 3366 2106 3389 ‚
2133 3327 2318 3394 factum
2335 3327 2427 3375 Ιιιι-
2486 3329 2493 3334 ’

1411 3429 1612 3461 manum
1632 3413 1995 3478 proerequirum
2010 3430 2029 3473 ‚·
2079 3413 2242 3460 statim
2270 3419 2429 3459 autem

1406 3504 1547 3559 atque
1556 3494 1683 3559 facco
1699 3493 1909 3541 humano
1916 3494 2205 3561 prodierunt
2213 3529 2227 3552 ,
2253 3494 2308 3540 di
2314 3494 2426 3541 vino

1403 3576 1547 3642 plane
1571 3578 1690 3639 jure
1729 3578 2037 3629 sanciuntur.
2082 3577 2223 3640 Quod
2255 3576 2425 3625 deinde

1411 3660 1623 3726 plurimis
1646 3660 1867 3726 exemplis
1891 3660 2126 3724 declarat,
2143 3676 2206 3708 ac
2234 3658 2425 3708 demum
