2514 4218
514 268 674 308 mar.
719 269 762 305 1.
811 268 931 305 car.
978 270 1065 306 111.
1115 269 1182 305 nn
1225 267 1488 306 noctesve
1530 267 1706 304 noris.
2022 245 2136 304 149

60 432 302 494 quarum
320 407 476 467 tnulli
511 409 728 489 pariter
748 408 1068 469 luculenter
1089 409 1607 468 demonstravimus
1640 428 1747 466 nec
1774 429 1952 466 unam
1987 429 2136 467 com-

58 520 252 587 petere
265 514 366 563 aut
389 515 715 583 competere
743 524 908 585 posse
922 550 938 577 7
956 516 1023 561 ut
1044 503 1399 564 illuc-redeat
1420 505 1597 563 oratio
1619 548 1634 577 7
1659 501 1819 561 unde
1845 501 2098 562 discessit
2121 549 2135 574 7

58 598 464 659 concludimus.
1677 670 1684 676 ·
1766 676 1770 679 .

135 693 274 750 246.
328 694 388 750 10
419 695 562 771 Ergo
599 693 839 752 Ecclesia
869 711 1105 750 romana
1149 703 1235 750 est
1269 692 1388 751 sola
1424 714 1559 752 vera
1600 691 1810 751 Christi
1850 690 2088 750 Ecclesia
2116 735 2132 765 7

56 797 140 847 est
157 787 392 844 unicum
413 809 618 867 corpus
642 787 852 846 Christi
868 784 1174 864 mysticum
1196 785 1563 867 individuum
1587 807 1651 844 ac
1666 786 1876 865 jugiter
1901 785 2104 845 vive'ns
2120 831 2135 853 7

56 882 211 962 quod
239 904 268 940 a
308 882 533 940 Christo
558 887 793 962 ejusque
830 877 1111 959 'Apostolis
1134 899 1363 959 semper
1386 890 1444 938 et
1469 879 1685 960 ubique
1719 891 2051 962 perseverat
2075 901 2141 939 ac

56 988 283 1051 manet,
309 978 476 1035 unica
503 981 623 1054 ejus
645 994 856 1055 sponsa
890 993 954 1030 ac
981 971 1190 1032 dilecta
1212 1018 1226 1047 7
1268 980 1381 1032 una
1414 977 1533 1051 ejus
1569 970 1832 1034 columba
1861 987 2055 1035 sancta
2080 986 2140 1035 et

58 1070 445 1129 immaculata.

134 1166 275 1225 247.
323 1168 390 1224 20
436 1168 580 1245 Ergo
599 1164 895 1223 societates
927 1155 1132 1223 omnes
1154 1210 1169 1238 7
1209 1185 1335 1245 quae
1367 1158 1684 1224 identidem
1724 1163 1797 1222 ab
1833 1186 1898 1224 ea
1940 1164 2141 1228 divisae

58 1272 195 1319 sunt
210 1248 569 1341 autexpulsoe
585 1256 663 1316 ob
679 1257 1118 1339 suamipsarum
1131 1259 1530 1339 pervicaciam,
1559 1258 1803 1317 totidem
1816 1270 1952 1317 sunt
1978 1271 2146 1319 sectae

57 1354 501 1414 antichristianae
519 1397 535 1426 7
570 1354 700 1410 Deo·
718 1351 958 1411 odibiles
979 1397 994 1426 7
1022 1351 1250 1429 jamdiu
1281 1375 1313 1411 3
1345 1351 1570 1411 Christo
1591 1357 1833 1432 ‚ejusque
1862 1352 2143 1433 Apostolis

57 1451 117 1507 in
144 1470 341 1508 earum
362 1447 754 1526 antesignanis
789 1447 1124 1528 proscriptae
1154 1458 1212 1506 et
1244 1444 1565 1527 reprobatae
1586 1491 1600 1519 7
1642 1457 1742 1504 aut
1763 1445 2006 1504 totidem
2029 1445 2146 1505 hu-

57 1565 244 1603 manae
271 1539 556 1623 superbiae
587 1553 966 1600 monumenta
988 1586 1002 1613 7
1041 1543 1277 1601 arbores
1307 1542 1690 1600 autumnales
1723 1543 2142 1618 infructuosae,

56 1640 148 1697 his
183 1646 424 1696 mortuae
446 1680 463 1712 7
510 1638 860 1705 eradicatae,
903 1635 1127 1712 fluctus
1162 1639 1291 1716 seri
1337 1641 1526 1693 maris
1570 1635 1980 1714 despumantes
2007 1655 2147 1693 suas

57 1731 452 1811 confusionee,
488 1733 690 1790 sidera
722 1735 996 1790 errantia
1025 1730 1289 1810 ,quihus
1313 1731 1570 1809 procella
1604 1731 1986 1788 tenebrarum
2019 1749 2149 1788 ser-

55 1838 195 1885 vata
225 1837 308 1884 est
334 1831 403 1883 in
429 1836 720 1884 aeternum
745 1824 857 1906 (l).
894 1814 1205 1906 Loquimur
1234 1835 1427 1883 autem
1452 1870 1469 1899 7
1506 1835 1570 1883 ut
1607 1834 1769 1904 patet
1787 1868 1802 1895 7
1841 1822 1912 1881 de
1945 1823 2145 1896 sectis3

54 1941 193 1978 nam
223 1921 380 2000 quod
406 1931 629 2001 spectat
649 1919 734 1979 ad,
754 1918 1053 1979 individua
1073 1964 1088 1994 7
1120 1940 1247 2000 quae
1270 1917 1344 1976 ad
1377 1940 1470 1978 eas
1498 1919 1826 1999 pertinent7
1851 1917 1991 1999 quid
2024 1938 2149 1976 sen-

57 2014 326 2074 tiendum
357 2014 429 2074 de
453 2015 522 2074 iis
547 2015 620 2074 sit
636 2060 652 2090 7
691 2015 1063 2096 exposuimus
1090 2015 1153 2072 in
1182 2022 1430 2072 tractatu
1454 2019 1539 2072 De
1561 2033 1700 2071 vera
1728 2014 2007 2093 relzyz'one
2029 2011 2138 2091 (2).

861 2231 1331 2275 DIFFICULTATES

226 2386 438 2445 Petitoe
461 2406 531 2443 ea·
563 2384 831 2443 Ecclesia
859 2405 1146 2456 romana,
1184 2385 1463 2441 adversus
1494 2392 1692 2440 notam
1721 2385 1993 2439 unitatis.

137 2572 280 2631 248.
327 2572 463 2649 obj.
521 2574 793 2631 Romanae
835 2571 1094 2631 Ecclesiae
1146 2569 1334 2628 unitas
1380 2570 1632 2629 nominis
1676 2569 1983 2626 dumtaxat
2035 2577 2121 2626 est
2140 2610 2154 2638 ‚

24 2673 29 2678 '
62 2688 182 2726 non
211 2678 406 2726 autem
441 2668 547 2726 rei.
585 2668 643 2724 1ο
669 2669 842 2725 Deest
862 2666 1017 2724 enim
1040 2664 1124 2722 illi
1150 2665 1434 2746 inprimis
1463 2665 1651 2722 unitas
1674 2662 1809 2721 fidei
1827 2707 1843 2736 7
1874 2665 2032 2739 cujus
2064 2682 2159 2719 re·

18 2803 26 2813 ‚
61 2762 192 2840 gula
221 2761 408 2820 adhuc
439 2769 639 2832 nutat3
684 2759 781 2819 alii
816 2759 1104 2840 siquidem
1139 2760 1202 2817 in
1236 2780 1301 2817 ea
1340 2758 1585 2817 Ecclesia
1616 2756 1979 2816 contendunt
2008 2755 2162 2813 hanc

63 2857 318 2936 regulam
332 2857 601 2916 constitui
617 2878 648 2915 3
670 2858 837 2914 Rom.
858 2855 1154 2929 Pontifice7
1180 2859 1337 2931 cujus
1354 2854 1729 2912 inerrantiam
1753 2860 2156 2933 propugnant3

67 2950 161 3009 alii
196 2973 334 3011 vero
368 2952 656 3010 mordicus
695 2947 974 3031 pugnant⁴
996 2970 1103 3031 pro
1137 2947 1583 3024 infallibilitate,
1623 2958 1691 3006 ut
1721 2956 1968 3018 vocant,
2005 2945 2159 3002 Con-

68 3045 326 3104 ciliorum
349 3046 864 3119 oecumenicorum3
900 3043 1095 3102 neutri
1119 3041 1365 3123 proinde
1396 3063 1525 3101 eam
1555 3051 1882 3122 competere
1912 3037 2150 3097 conclu·

73 3138 328 3200 dendum
360 3153 465 3203 est.
494 3141 562 3199 20
588 3140 699 3199 Sed
729 3139 886 3221 quod
911 3139 1088 3218 magis
1106 3139 1329 3198 mireris
1347 3183 1363 3213 7
1392 3136 1539 3196 illud
1556 3147 1642 3196 est
1660 3179 1676 3209 7
1708 3133 1871 3216 quod*
1889 3132 2154 3192 nondum

77 3237 450 3295 convenerint
474 3235 757 3294 Pontificii
777 3235 838 3292 in
860 3234 1191 3297 recensione
1216 3232 1605 3292 Conciliorum
1634 3228 2121 3289 oecumenicorum
2141 3251 2157 3299 3

81 3323 256 3385 Gallis
279 3331 432 3388 enim
457 3330 811 3390 oecumenica
832 3327 1085 3388 Concilia
1109 3338 1246 3385 sunt
1263 3325 1706 3386 Constantiense
1731 3334 1789 3382 et
1803 3321 2124 3382 Basileense
2145 3364 2160 3393 7

15 3425 18 3427 ’
83 3417 238 3479 Italis
265 3441 400 3480 vero
429 3425 809 3484 Lateranense
838 3424 881 3480 V
915 3432 971 3481 et
999 3420 1422 3481 Tridentinum.
1453 3419 1521 3478 30
1552 3420 1760 3478 Verum
1793 3439 1912 3476 non
1950 3426 2037 3476 est
2066 3433 2166 3472 cur

83 3512 204 3574 haec
248 3514 424 3574 fusius
464 3539 873 3601 persequamur
893 3563 908 3592 7
965 3538 1096 3576 cum
1132 3538 1202 3576 ex
1238 3516 1388 3576 facto
1421 3513 1872 3573 luculentissime
1902 3516 2123 3570 constet
2143 3549 2166 3581 7,

154 3730 221 3794 (1)
259 3730 407 3796 Epist.
440 3731 572 3780 Judae
598 3750 673 3782 vv.
713 3750 800 3794 ια,
838 3734 917 3783 ιδ’.
954 3696 957 3699 ¹
1238 3734 1305 3796 (2)
1343 3731 1465 3781 Part.
1495 3747 1560 3793 n,
1591 3746 1722 3795 prop.
1755 3743 1815 3775 xi.
