2514 4218
446 262 604 299 mm.
652 260 694 298 1.
741 260 864 297 cn.
911 261 972 298 11.
1019 261 1086 297 ne
1128 258 1339 298 emusn
1381 259 1532 298 acci„
1581 260 1836 299 consur.
2121 240 2198 300 35

94 404 154 464 lo
181 404 364 466 secius
392 411 708 485 permanet
734 400 811 460 ad
834 401 1015 460 instar
1029 399 1235 460 radicis
1262 411 1362 460 aut
1383 398 1584 476 bulbi,
1611 399 1820 482 quibus
1842 446 1859 476 ,
1898 401 2032 462 licet
2064 423 2198 483 pro-

94 500 328 581 pagines
359 518 426 557 ac
464 497 674 579 stirpes
707 495 1009 578 discerptae
1038 495 1156 554 sint
1193 507 1251 554 et
1285 496 1514 570 accisae,
1551 491 1768 555 coelesti
1805 494 2004 577 pluvia
2029 498 2200 579 rigati

93 596 305 654 iterum
331 592 619 676 pullulare
642 638 657 668 ,
681 593 962 654 virescere
983 610 1048 648 ac
1069 611 1250 650 novas
1273 591 1536 652 emittere
1555 590 1903 673 propagines
1923 604 2195 674 possunt.

923 762 1398 806 DIFFlCULTATES.

174 892 275 952 55.
321 891 456 971 Obj.
510 889 697 952 Aliam
747 888 984 949 omnino
1026 885 1220 946 ideam
1266 887 1529 976 Ecclesiae
1575 890 1881 951 invisibilis
1921 891 2201 953 exhibent

93 991 206 1073 ipsi
233 991 562 1051 christianae
591 986 876 1068 religionis
910 995 1358 1067 propagatores3
1402 986 1464 1044 10
1497 987 1554 1044 S.
1584 988 1620 1045 J
1624 1008 1841 1048 oannes
1871 989 2029 1048 enim
2056 1012 2199 1073 sup-

92 1086 261 1166 ponit
276 1086 352 1144 ad
367 1084 623 1145 Ecclesiae
638 1081 894 1141 animam
923 1101 1125 1141 omnes
1151 1090 1212 1140 et
1229 1079 1379 1139 solos
1402 1078 1837 1163 praedestinatos
1857 1085 2154 1165 pertinere
2180 1108 2194 1144 ε

92 1181 196 1239 Ea’
235 1181 430 1249 nohis,
465 1176 685 1259 inquit,
707 1176 1108 1254 prodierunt,
1147 1176 1254 1234 sed
1290 1196 1406 1234 nou
1439 1186 1616 1235 eraut
1648 1198 1720 1235 ea’
1749 1179 1920 1237 nohis
1940 1203 1964 1246 ,·
2014 1202 2161 1241 nam
2176 1224 2199 1254 ,

92 1277 430 1352 sifuissent
460 1292 531 1330 ea·
572 1271 740 1328 nohis
756 1313 780 1342 ,
811 1274 1287 1350 permansissent
1324 1275 1532 1349 uti'que
1571 1272 1880 1331 nobiscum
1920 1298 1939 1332 .·
1977 1295 2098 1333 non
2131 1287 2203 1334 ut

93 1369 403 1447 manifesti
422 1369 573 1432 sint,
606 1368 897 1443 quoniam
922 1385 1045 1423 non
1069 1373 1219 1422 suut
1257 1386 1455 1424 omnes
1494 1385 1566 1423 ea·
1619 1367 1792 1425 nohis
1818 1365 1930 1447 (1).
1976 1368 2196 1441 Quibus

93 1470 435 1543 congruunt,
467 1480 597 1541 quae
617 1458 814 1518 scribit
843 1458 1052 1518 Paulus
1075 1480 1088 1518 ε
1109 1460 1403 1520 Firmum
1416 1460 1892 1538 fundamentum
1917 1462 2037 1520 Dei
2056 1473 2197 1533 stat,

92 1557 731 1634 habcns·si9uaculum
757 1555 861 1615 hoc
897 1575 920 1614 .·
944 1557 1211 1635 cognovit
1243 1555 1543 1614 Dominus
1563 1599 1580 1630 .,
1609 1560 1724 1635 qui
1749 1567 1893 1615 sunt
1921 1561 2050 1636 ejus
2078 1557 2191 1638 (2).

93 1651 161 1709 20
197 1650 298 1708 His
325 1648 617 1709 inhaerens
652 1651 711 1709 S.
732 1649 1083 1730 Augustinus
1115 1671 1130 1707 ε
1171 1649 1476 1730 Quidam,
1523 1650 1605 1709 ait
1627 1695 1644 1724 ,
1695 1654 1808 1730 qui
1838 1652 1996 1712 Filii
2033 1654 2195 1725 Dei,

77 1755 328 1825 propter
346 1756 678 1825 susceptam
708 1747 796 1803 vel
820 1749 1224 1824 temporaliter
1248 1750 1551 1825 qratiam,
1593 1747 1886 1806 dicuntur
1920 1770 1960 1806 a
1994 1749 2194 1822 nobie,

88 1861 190 1900 nec
220 1851 367 1899 sunt
394 1851 595 1900 tamen
628 1841 752 1900 Deo
785 1839 904 1922 (3);
938 1851 998 1900 et
1026 1830 1241 1899 iterum
1275 1860 1288 1898 :
1336 1843 1499 1917 Quia
1531 1862 1666 1921 erqo
1690 1862 1811 1900 non
1846 1844 2201 1902 hahuerunt

77 1940 587 2014 perseverantiam
606 1982 624 2005 ,
660 1938 819 1994 sicut
852 1956 973 1993 uon
1007 1956 1136 1994 vere
1165 1936 1458 2014 discipuli
1498 1936 1765 2008 Christi,
1802 1942 1890 1995 ita
1920 1959 2026 1996 nee
2063 1959 2191 1997 vere

82 2032 203 2109 filii
231 2033 350 2090 Dei
375 2034 663 2109 fuerunt,
701 2033 882 2088 etiam
920 2030 1159 2109 quando
1193 2031 1557 2089 videbantur
1593 2051 1741 2098 esse,
1790 2042 1846 2089 et
1881 2036 1968 2090 ita
2016 2053 2190 2091 voca-

87 2126 310 2185 bantur
339 2125 460 2206 (4),
486 2137 547 2184 et
572 2124 709 2183 alibi
737 2125 974 2205 passim.
1005 2124 1071 2183 30
1108 2126 1242 2183 Haec
1271 2125 1466 2182 omnia
1491 2123 1946 2185 fundamentum
1969 2125 2192 2186 habent

88 2220 152 2278 in
185 2221 361 2301 ipsius
394 2220 654 2280 Ecclesiae
681 2220 1008 2280 Conditoris
1047 2219 1240 2282 verbis
1266 2243 1280 2278 :
1313 2222 1487 2279 Alias
1514 2241 1640 2280 oves
1664 2220 1878 2294 habeO,
1913 2243 2047 2301 quae
2070 2241 2192 2281 uon

89 2324 234 2372 sunt
255 2335 325 2372 ex
346 2314 449 2373 hoc
471 2317 681 2373 ovili...
707 2326 762 2373 et
779 2337 876 2395 eqo
899 2320 1086 2374 vitam
1105 2326 1391 2374 oeternam
1418 2317 1489 2373 clo
1519 2320 1636 2383 eis,-
1668 2326 1726 2375 et
1756 2337 1874 2375 non
1895 2319 2199 2396 peribunt

89 2411 159 2467 in
198 2420 491 2468 oeternum
514 2410 624 2489 (5).
652 2411 736 2467 Ex
764 2409 973 2490 quibus
999 2408 1373 2487 intelligimus
1392 2454 1409 2482 ‚
1438 2409 1504 2467 4⁰
1536 2410 1832 2468 Christum
1863 2425 2040 2492 caput
2070 2434 2193 2471 non

88 2523 211 2562 esse
240 2504 352 2562 nisi
379 2503 536 2562 illius
566 2503 859 2577 Ecclesiae,
886 2525 1062 2584 quam
1096 2502 1319 2563 salvam
1349 2502 1517 2562 faciet
1541 2547 1557 2577 ‚
1586 2513 1646 2562 et
1680 2525 1857 2584 quam
1891 2504 2193 2564 exhibebit

89 2597 235 2657 olim
265 2598 570 2678 gloriosam
587 2642 604 2673 ,
639 2619 762 2656 non
794 2597 1111 2657 habentem
1131 2596 1418 2655 maculam
1446 2608 1547 2655 aut
1573 2619 1778 2677 rugam
1796 2643 1812 2673 .,
1840 2610 1908 2657 ut
1933 2597 2195 2682 loquitur

90 2693 394 2777 Apostolus
428 2693 518 2774 (6)
538 2739 553 2769 ‚
580 2713 706 2774 quae
738 2704 892 2753 certe
926 2703 1189 2752 constare
1219 2714 1341 2750 non
1371 2702 1565 2774 potest
1596 2693 1710 2751 nisi
1740 2714 1812 2753 ex
1836 2694 2109 2755 omnibus
2134 2707 2194 2757 et

87 2921 132 2959 et
153 2927 328 2979 corpus
343 2929 365 2973 ,·
394 2920 438 2960 et
466 2910 655 2977 quidem
687 2913 855 2959 anima
887 2919 1002 2959 sunt
1018 2912 1100 2960 in·
1182 2913 1348 2959 minus
1379 2913 1527 2958 vitam
1573 2913 1872 2978 participent
1905 2949 1921 2973 ,
1956 2923 2001 2962 et
2042 2914 2200 2980 aliqui

88 3003 224 3042 terna
266 2993 394 3042 dona
435 2994 653 3060 Spiritus
692 2986 865 3041 Sancti
887 3029 903 3050 ,
939 2992 1062 3056 fides¹
1084 3027 1100 3052 ‚
1184 2994 1329 3040 etiam
1353 2991 1504 3040 colum
1532 2993 1737 3042 initium
1759 2996 1871 3043 vitoe
1894 2994 2103 3044 habeant
2122 3035 2135 3057 ‚
2154 3008 2200 3048 ct

89 3092 192 3140 spes
222 3113 236 3137 ‚
267 3075 506 3137 charitas,
531 3083 654 3132 etc.;
674 3091 843 3139 corpus
873 3082 987 3121 sunt
1020 3090 1102 3122 ea·-
1185 3075 1328 3138 quasi
1366 3090 1558 3121 seucum
1582 3110 1596 3134 ‚
1634 3075 1718 3122 sed
1748 3092 1847 3123 nou
1882 3086 2061 3125 motum
2083 3116 2096 3139 ,
2144 3089 2197 3127 ut

93 3163 230 3205 terna
250 3159 483 3224 professio
512 3156 630 3220 fidei
662 3165 705 3204 et
736 3159 1105 3208 communicatio
1187 3157 1272 3219 qui
1298 3154 1471 3204 habent
1488 3156 1636 3204 solam
1658 3156 1806 3221 fidem
1820 3159 1929 3207 siue
1940 3159 2190 3209 charitate.

95 3234 520 3295 Sacrameutorum.
552 3236 638 3286 Ex
658 3254 749 3303 quo
773 3237 863 3301 fit,
893 3245 949 3284 ut
982 3225 1094 3303 qui,-
1248 3237 1312 3300 (l)
1350 3238 1373 3285 1
1394 3274 1408 3296 ‚
1434 3237 1574 3286 Joan.
1596 3255 1627 3284 ιι
1657 3273 1672 3297 ,
1710 3254 1787 3305 19.

95 3314 205 3364 dam
225 3319 319 3379 sint
344 3319 401 3368 de
431 3321 601 3368 anima
634 3328 679 3367 et
700 3318 756 3366 ele
790 3335 981 3384 corpore
1002 3319 1095 3370 Ec·-
1246 3319 1307 3382 (2)
1345 3318 1412 3366 ΙΙ.
1445 3319 1516 3367 Ad.
1541 3318 1667 3368 Tim.
1705 3337 1760 3383 n,
1794 3321 1871 3369 19.

94 3396 248 3445 clesioe
269 3409 340 3459 ‚et
348 3402 551 3466 proinde
575 3387 703 3449 uuiti
734 3400 923 3449 Christo
944 3403 1096 3467 capiti
1246 3399 1313 3465 (3)
1346 3399 1454 3450 Lib.
1485 3399 1565 3449 De
1592 3411 1788 3468 corrept.
1823 3411 1868 3451 et
1891 3415 2017 3469 qrat.
2049 3423 2092 3455 c.
2128 3423 2191 3472 9,

95 3479 302 3526 interius
321 3489 364 3528 et
390 3484 598 3541 exterius
617 3519 632 3540 ,
654 3490 700 3530 et
726 3482 839 3530 tales
858 3492 970 3530 sunt
980 3500 1094 3548 per·
1179 3500 1229 3530 n.
1257 3498 1338 3530 20.

100 3558 356 3623 sactissimc
371 3559 426 3608 de
441 3561 672 3624 Ecclesia3
688 3571 803 3610 suut
819 3565 949 3610 enim
965 3564 1106 3629 quasi
1258 3563 1322 3625 (lo)
1359 3563 1480 3612 lbid.
1506 3581 1556 3612 n.
1587 3579 1672 3614 22.

108 3639 316 3687 membra
362 3641 471 3689 viva
515 3644 572 3691 iu
612 3660 803 3710 corpore
828 3682 842 3706 ‚
887 3646 1107 3709 quamvis
1255 3645 1318 3708 (ὅ)
1352 3645 1487 3695 Joan.
1519 3665 1565 3707 x,
1593 3645 1758 3696 16-28.

109 3723 252 3769 ctiam
282 3723 407 3769 iuter
426 3722 540 3770 istos
567 3724 721 3791 aliqui
744 3727 900 3791 maqie
921 3763 934 3787 ,
953 3726 1109 3791 aliqui
1262 3729 1327 3791 (6)
1364 3728 1532 3794 Ephes.
1572 3747 1600 3778 v
1616 3765 1633 3791 ‚
1670 3745 1754 3796 27.

1805 3808 1863 3867 3.
