2514 4218
2073 219 2186 278 381

358 246 517 283 PAlt'r.
565 245 628 281 11.
687 243 841 281 SECT.
899 245 940 279 1.
988 242 1114 280 GAP.
1164 243 1228 278 11.
1279 243 1347 277 DE
1389 241 1621 299 rmum.
1672 240 1896 277 PERPET.

71 388 231 448 Pauli
268 386 528 457 silentio,
569 384 726 465 quod
758 394 1064 466 tantopere
1103 394 1314 462 urgent
1350 379 1697 455 adversarii,
1745 381 2027 456 dicimuS,
2060 404 2190 443 eam

71 483 287 542 nullius
312 481 486 563 plane
511 479 734 538 roboris
758 501 903 554 esse,
933 500 1062 538 cum
1095 476 1306 536 exinde
1321 499 1443 535 non
1470 488 1713 556 exurgat
1744 477 1856 536 nisi
1877 499 2193 556 argumen-

68 590 197 637 tum
225 580 568 655 neqatz'vum
589 620 605 649 .,
651 597 771 633 non
814 585 1008 634 autem
1051 576 1466 640 contrarium‚·
1515 591 1583 630 eo
1619 573 1799 650 magis
1829 572 1986 653 quod
2022 572 2192 633 valde

68 670 398 754 probabiles
440 670 608 729 reddi
644 670 870 751 possint
915 667 1199 747 ejusmodi
1243 666 1459 726 silentii
1479 667 1732 726 rationes
1757 666 1863 746 (l).

151 766 289 825 557.
320 766 679 825 Desiderium
703 785 877 838 vern,
906 763 1062 845 quod
1096 761 1372 842 patefacit
1393 760 1632 835 Paulus,
1654 760 1947 821 invisendi
1978 764 2194 822 Roma-

70 884 209 934 ῃοε,
234 883 356 920 11011
400 860 577 920 habet
607 882 715 941 pro
748 860 1009 937 obJ'ect0‚
1048 858 1136 916 uti
1177 857 1489 917 adversarii
1531 868 1778 939 putant.
1821 857 2195 918 collationem

71 958 410 1036 gratiarum,
431 977 573 1037 quas
595 966 805 1014 vocant
829 954 1004 1034 gratis
1028 952 1217 1028 dataS,
1245 952 1370 1026 sed,
1403 962 1469 1040 ut
1490 952 1740 1034 ipsemet
1754 952 2011 1019 declarat
2029 999 2044 1028 ‚
2071 976 2194 1014 mu-

71 1064 231 1111 tuam
270 1051 501 1119 dareet
541 1052 799 1131 accipere
839 1047 1318 1108 consolationem.
1374 1049 1460 1107 En
1495 1093 1510 1120 ‚
1551 1048 1847 1130 quomodo
1893 1050 2019 1132 ipse
2066 1071 2194 1110 rem

70 1146 344 1228 explanet
383 1168 396 1204 z
429 1147 510 1206 Id
530 1138 643 1215 est,
672 1145 860 1204 simul
891 1145 1200 1202 consolari
1225 1148 1295 1201 in
1330 1145 1491 1202 robis
1523 1165 1637 1221 per
1671 1165 1803 1202 eam
1823 1189 1839 1219 ,
1861 1167 2000 1223 ,ᾳιιω
2029 1148 2194 1205 invi-

68 1263 190 1300 cem
247 1253 331 1300 est
348 1287 363 1316 ,
409 1243 583 1321 fidem
618 1250 875 1299 vestram
915 1250 1093 1318 atque
1125 1259 1321 1296 meam
1347 1238 1454 1320 (2).

152 1335 290 1395 558.
344 1337 555 1395 Mirum
590 1356 765 1417 porro
805 1345 926 1406 est,
965 1332 1125 1415 quod
1157 1333 1420 1392 subdunt
1454 1331 1527 1393 de
1566 1336 1984 1415 propagatione
2010 1338 2195 1398 Evan-

73 1430 203 1510 gelii
222 1476 238 1505 ,
266 1431 386 1489 imo
423 1430 495 1488 de
519 1429 862 1490 fundatione
888 1429 1149 1489 Ecclesiae
1175 1429 1440 1488 omnium
1464 1427 1868 1504 nobilissimae,
1891 1453 2000 1513 per
2026 1435 2197 1492 adve-

73 1550 186 1586 nas
218 1524 528 1598 romanos,
566 1526 640 1586 de
683 1526 893 1608 quibus
932 1528 1232 1606 ignoratur
1259 1526 1438 1585 etiam
1469 1526 1790 1587 conversio,
1839 1528 2010 1600 Quod
2044 1530 2092 1588 si
2120 1527 2195 1589 ab

71 1621 185 1680 illis
239 1621 478 1683 advenis
527 1621 772 1681 fundata
823 1634 910 1681 est
958 1621 1207 1682 Ecclesia
1251 1642 1532 1693 romana,
1581 1642 1761 1703 quare
1788 1623 2027 1703 rpariter
2069 1623 2197 1684 aliae

73 1717 329 1776 Ecclesiae
376 1716 633 1777 fundatae
679 1740 798 1776 non
836 1727 975 1776 sunt
1014 1740 1042 1776 a
1085 1716 1352 1790 Parthis7
1397 1714 1611 1792 Medis,
1652 1715 1969 1791 AElamitis‚
2006 1720 2197 1778 Meso-

71 1813 342 1894 potamiis
371 1858 387 1886 .,
427 1824 544 1890 etc,
590 1814 689 1895 qui
732 1835 936 1873 omnes
969 1813 1189 1895 pariter
1227 1812 1626 1871 interfuerunt
1680 1812 1994 1887 miraculo,
2036 1814 2198 1895 quod.

74 1908 312 1987 contigit
349 1909 760 1989 Hierosolymis
795 1908 888 1967 die
916 1907 1325 1977 Pentecostes?
1355 1909 1646 1981 Quorsum
1673 1907 1929 1989 Apostoli
1968 1910 2196 1972 univer-

77 2025 206 2061 sum
254 2005 539 2086 peragrati
579 2017 718 2064 sunt
765 2004 970 2064 orbem
1012 2017 1180 2065 tanto
1225 2004 1426 2064 labore
1462 2025 1527 2063 ac
1562 2004 1695 2064 vitae
1740 2003 2100 2080 discrimine,
2149 2006 2198 2064 si

79 2097 227 2156 facili
266 2099 413 2159 adeo
456 2101 680 2160 ratione
719 2090 954 2161 fundari
991 2112 1263 2184 poterant
1306 2099 1612 2161 Ecclesiae‘?
1660 2099 1824 2160 Tales
1861 2113 2000 2161 sunt
2031 2124 2198 2185 nugae

80 2191 406 2252 criticorum
429 2207 763 2254 nostrorum
793 2195 1141 2256 biblicorum
1171 2196 1292 2278 (3)!

152 2401 218 2466 (1)
234 2401 350 2450 Cum
370 2403 458 2450 hoc
469 2413 811 2467 argumentum,
830 2421 884 2452 ex
914 2405 1096 2454 silentio

81 2485 173 2548 peti
193 2484 378 2533 solitum
400 2519 414 2547 ‚
452 2485 721 2534 desumatur
754 2487 849 2534 sive
880 2503 933 2534 ex
966 2484 1096 2535 Actis

81 2566 354 2630 Apostolicis
414 2569 508 2615 sive
535 2585 590 2616 ex
615 2566 745 2615 Pauli
771 2565 971 2632 epistolis
994 2605 1008 2626 ‚
1026 2568 1101 2627 ‘di—

1187 2416 1324 2465 terea,
1344 2405 1486 2471 quod,
1504 2407 1540 2452 si
1553 2423 1606 2454 ex
1621 2422 1675 2454 eo
1692 2406 1817 2471 quod
1832 2406 2000 2456 Paulus
2021 2408 2202 2458 nullam

1185 2487 1379 2535 salutem
1412 2487 1577 2536 dixerit
1610 2486 1744 2536 Petro
1768 2524 1785 2550 ‚
1815 2489 2028 2538 concludi
2052 2501 2202 2555 posset
2228 2479 2237 2494 ⁴

84 2665 209 2697 versa
253 2652 428 2698 ratione
467 2651 617 2699 eidem
670 2654 921 2700 occuritur.
965 2650 1102 2717 Quod

85 2741 258 2795 spectat
270 2732 330 2780 ad
347 2733 581 2781 silentium
599 2733 1075 2798 Act.Apostolicorum
1086 2771 1098 2792 ‚

84 2813 458 2863 animadvertunt
480 2814 722 2876 Catholici,
743 2818 1026 2882 propositum
1055 2816 1101 2864 S.

86 2895 223 2945 Lucae
248 2915 343 2945 non
375 2898 516 2946 fuisse
546 2897 665 2947 Petri
708 2909 830 2963 gesta
863 2900 1030 2947 referre
1059 2909 1105 2948 et

85 2982 298 3046 persequi
318 3017 331 3037 ,
354 2980 432 3029 sed
451 2991 548 3029 acta
574 2984 859 3047 potissimum
884 2981 931 3030 S.
953 2982 1103 3043 Pauli,

89 3064 220 3128 eujus
249 3062 506 3129 discipulus
522 3074 567 3112 et
589 3066 1006 3129 peregrinationum
1023 3081 1101 3112 co·

88 3160 186 3192 mes
212 3145 334 3207 fuit3
366 3164 637 3213 quanquam
670 3163 757 3195 nec
789 3147 945 3194 omnia
971 3145 1104 3194 Pauli

99 3235 221 3287 gesta
247 3232 497 3278 narraverit
515 3266 527 3289 ,
548 3239 598 3276 ut
623 3238 803 3277 constat
817 3246 871 3277 ex
892 3230 1024 3293 epist.
1047 3229 1106 3277 ad

99 3306 280 3356 Galatas
298 3346 312 3369 ‚
337 3326 441 3374 cap.
480 3326 496 3358 1
523 3346 540 3371 ‚
588 3326 643 3374 ¹7
664 3347 677 3368 ‚
725 3306 803 3357 18.
839 3308 971 3374 Quod
999 3327 1105 3359 vero

98 3392 259 3439 attinet
278 3391 336 3439 ad
360 3393 572 3456 epistolas
591 3391 720 3441 Pauli
741 3431 754 3454 ‚
780 3394 920 3443 iidem
946 3394 1102 3442 obser-

98 3482 224 3531 vant,
243 3471 428 3521 Petrum
443 3478 647 3539 potuisse
670 3492 766 3524 esse
788 3475 1028 3524 absentem
1046 3475 1105 3524 ab

98 3553 239 3613 Urbe,
253 3555 349 3603 sive
368 3570 474 3604 cum
487 3555 726 3621 Apostolus
743 3556 924 3623 scripsit
937 3560 1108 3623 ‘episto-

96 3637 187 3685 lam
205 3637 263 3686 ad
285 3637 519 3688 Romanos
533 3675 548 3700 ‚
566 3643 661 3689 sive
685 3657 793 3690 cum
813 3641 930 3691 urbe
958 3641 1106 3689 Roma

96 3722 344 3771 nonnullas
364 3724 539 3788 scripsit
554 3724 779 3789 epistolas.
795 3723 965 3775 Notant
983 3740 1097 3790 prae·

1185 2570 1372 2619 Petrum
1397 2570 1593 2619 Romam
1612 2589 1710 2621 non
1733 2574 1918 2622 venisse
1942 2610 1955 2632 ‚
1986 2573 2202 2622 concludi
2224 2632 2228 2637 f

1184 2656 1355 2718 pariter
1369 2665 1521 2718 posset
1540 2690 1552 2714 ,
1567 2672 1664 2703 nou
1685 2655 1826 2704 fuisse
1842 2654 1869 2703 J
1872 2654 2071 2704 acobum
2086 2655 2201 2721 Epi-

1183 2754 1373 2801 scopum
1417 2734 1709 2802 Solymorum
1729 2774 1744 2800 ‚
1777 2756 1831 2787 eo
1869 2739 1997 2804 quod
2031 2737 2203 2788 Paulus

1183 2819 1387 2868 scribens
1406 2820 1466 2867 ad
1488 2820 1705 2869 Hebraeos
1736 2821 1968 2870 Jacobum
2001 2838 2098 2869 non
2127 2839 2202 2870 sa-

1184 2902 1413 2951 lutaverit.
1434 2902 1563 2951 Idem
1587 2903 1663 2951 dic
1686 2903 1743 2951 de
1768 2905 1991 2968 episcopis
2022 2902 2204 2952 Galata-

1183 3002 1287 3032 rum
1303 3021 1315 3043 ,
1345 2984 1651 3049 Ephesiorum
1670 3023 1683 3044 ‚
1722 2985 2203 3034 Thessalonicensium

1186 3065 1480 3132 aliorumque
1493 3067 1794 3132 populorum.
1809 3085 1924 3133 quos
1939 3069 1990 3115 in
1998 3066 2204 3133 epistolis

1186 3148 1245 3196 ad
1267 3165 1345 3197 eos
1359 3149 1480 3196 datis
1504 3165 1717 3213 expresse
1734 3135 1832 3197 non
1846 3159 2069 3198 memorat
2084 3147 2206 3198 Pau-

1188 3231 1278 3279 lus.
1319 3231 1535 3280 Attamen
1575 3231 1666 3279 hoc
1705 3231 1938 3280 silentium
1973 3242 2040 3280 est
2081 3240 2205 3280 totus

1190 3312 1389 3361 Achilles
1425 3311 1608 3361 Calvini
1624 3346 1640 3372 ‚
1678 3312 1852 3379 Illyrici
1871 3351 1886 3377 ‚
1914 3311 2206 3379 Spanhemii,

1189 3411 1244 3443 ac
1262 3395 1452 3444 demum
1470 3395 1614 3443 nostri
1633 3399 1943 3460 provocatoria
1967 3394 2205 3446 Geneven-

1191 3478 1267 3525 sis.
1290 3475 1390 3526 Cfr.
1418 3475 1668 3542 Fogginius
1693 3515 1707 3538 ‚
1738 3496 1816 3544 op.
1838 3482 1919 3528 cit.
1941 3480 2128 3528 exercit.
2150 3473 2201 3539 4,

1191 3559 1272 3607 ubi
1292 3562 1484 3608 istorum
1501 3576 1636 3626 nugae
1650 3561 1789 3627 plane
1809 3560 2143 3622 dissolvuntur.

1262 3640 1329 3705 (2)
1366 3641 1507 3689 Rom.
1537 3655 1588 3702 1,
1623 3657 1701 3692 12.

1254 3723 1317 3788 (3)
1335 3724 1435 3774 Cfr.
1452 3724 1701 3791 Fogginius
1716 3762 1730 3782 ,
1748 3742 1825 3790 op.
1842 3727 1919 3774 cit.
1945 3715 2131 3773 exereit-
2155 3742 2203 3789 v,
