2514 4218
319 247 397 308 84
913 265 1104 304 mser.
1152 264 1219 299 nn
1245 260 1412 301 'zonis
1455 262 1828 304 rusozoelcis

320 409 512 469 denuo
559 406 860 490 stupidum
905 403 1177 464 excitavit
1227 400 1940 486 anthropomorphismum
1972 452 1987 481 ‚
2029 405 2419 489 negligendus

322 504 562 563 omnino
587 513 673 563 est
698 501 807 583 (1).
1662 507 1664 509 ’
1703 507 1706 512 ‘

280 667 282 670 ⁵
408 598 540 658 141.
591 596 677 657 Ad
705 598 824 668 6¹³,
864 595 1024 652 Dist.
1069 590 1343 665 Miracula
1379 591 1605 674 aliaque
1639 595 2091 656 extraordinaria
2120 596 2272 657 dona
2298 619 2419 657 non

321 714 552 775 semper
574 685 945 750 ineluctabile
966 698 1376 768 argumentum
1404 685 1787 769 suppeditant
1807 691 2125 751 sanctitatis
2140 737 2156 769 ,
2180 693 2246 752 in
2275 715 2422 752 non-

324 788 501 848 nullis
539 783 762 846 casibus
796 781 1215 865 peculiaribus,
1252 787 1440 842 trans.
1468 783 1560 845 vel
1590 804 1774 852 eonem
1811 805 1944 844 cum
1978 784 2100 845 haec
2134 775 2424 849 ordinaria

323 894 461 943 sunt
487 892 546 940 et
573 878 980 960 permanentia
1001 922 1017 952 ,
1045 899 1174 958 neq.
1206 877 1474 961 Alioquin
1495 877 1722 937 nullam
1746 880 1962 960 pariter
1992 880 2114 941 vim
2134 867 2424 944 haberent

324 978 399 1037 ad
420 975 682 1037 divinam
703 973 1040 1034 missionem
1062 972 1275 1032 Christi
1302 984 1363 1033 et
1387 973 1796 1056 Apostolorum
1823 975 2205 1040 evincendam
2223 1022 2240 1054 ‚
2268 977 2424 1061 quod

321 1071 578 1154 profecto
610 1069 928 1131 adversarii
974 1089 1096 1131 non
1129 1067 1452 1128 admittunt
1479 1070 1589 1150 (2).

414 1165 551 1225 142.
595 1163 726 1243 Obj.
765 1163 959 1225 tertia.
1012 1162 1230 1222 Saltem
1267 1163 1499 1224 nullum
1524 1165 1728 1246 ⁴colligi
1775 1178 1968 1249 potest
2018 1180 2426 1248 argumentum

325 1284 432 1345 pro
460 1260 727 1321 Ecclesiae
764 1259 882 1319 vita
913 1280 984 1318 ex
1015 1260 1139 1337 ejus
1179 1258 1578 1321 foecunditate.
1635 1263 1697 1321 1Ο
1732 1262 2003 1344 Alioquin
2038 1265 2198 1323 enim
2223 1285 2428 1347 pecca-

326 1370 511 1431 toreS‚
551 1356 651 1437 qui
694 1366 850 1415 certe
896 1354 1014 1417 vivi
1051 1376 1172 1413 non
1208 1366 1382 1430 sunt,
1422 1356 1654 1417 nullum
1687 1357 1941 1418 fructum
1983 1359 2155 1420 edere
2191 1370 2430 1443 possent

326 1475 399 1514 ex
434 1453 549 1511 suis
585 1448 976 1509 missionibus.
1019 1449 1088 1507 2⁰
1112 1448 1297 1509 Nullae
1319 1462 1485 1512 sectae
1509 1464 1746 1534 possent
1767 1452 1960 1536 aliquo
1991 1454 2141 1514 felici
2169 1476 2432 1516 successu

326 1543 703 1626 Evangelium
733 1543 1064 1604 infidelibus
1096 1545 1450 1605 annunciare
1472 1589 1490 1620 ‚
1519 1568 1655 1624 cum
1677 1558 1877 1609 tamen
1899 1551 2257 1632 experientia
2283 1572 2427 1611 con-

327 1643 571 1702 trarium
619 1640 865 1700 evincat.
908 1639 973 1699 30
1009 1641 1227 1698 Notum
1269 1651 1357 1699 est
1397 1640 1546 1700 illud
1595 1630 1908 1722 Augustini.
1938 1645 2178 1705 effatum
2202 1691 2218 1721 ,
2271 1646 2430 1728 quod

324 1737 583 1798 Christus
615 1756 716 1795 seu
752 1734 994 1795 Ecclesia
1030 1735 1204 1823 etiam
1238 1756 1346 1818 per
1378 1746 1612 1798 uterum
1649 1737 1993 1800 ancillarum
2024 1751 2289 1822 procreet
2321 1740 2429 1802 sibi

311 1832 492 1893 filios
524 1832 688 1911 Ergo.

308 2051 434 2095 ror,
470 2034 596 2100 quod
613 2051 693 2099 eqo
725 2035 1018 2096 erraverim3
1041 2032 1124 2081 sed
1155 2033 1334 2092 miror,
1416 2038 1617 2096 pensem
1649 2047 1738 2095 que
1761 2027 1895 2077 Πίσα
1925 2037 1992 2078 est
2018 2029 2243 2080 invisible
2276 2040 2321 2079 et
2352 2031 2433 2079 in·

319 2115 451 2181 quod
475 2131 604 2163 unus
631 2113 846 2162 deliram
864 2122 929 2163 tot
941 2112 1116 2162 deliros
1123 2113 1338 2179 potuerit

319 2197 607 2263 producere.
633 2196 730 2246 Cfr.
753 2199 892 2246 etiam
922 2196 1135 2245 Moehler
1155 2230 1170 2258 ‚
1199 2194 1339 2260 Sym-

318 2279 512 2344 holique
541 2289 656 2328 tom.
687 2295 719 2327 n
737 2316 751 2340 ,
779 2296 829 2344 p.
860 2279 957 2328 310
987 2296 1088 2345 seq.

395 2361 464 2425 (1)
501 2361 570 2410 Ita
615 2363 666 2411 in
695 2378 770 2425 op.
821 2351 914 2407 Les
964 2358 1228 2409 merveilles
1273 2359 1341 2409 du

327 2441 420 2491 ciel
444 2450 489 2489 et
530 2441 592 2490 de.
616 2440 782 2506 I'enfer
806 2475 820 2500 ,
846 2459 927 2506 par
967 2440 1249 2490 Emmanuel
1284 2441 1342 2489 de

327 2522 636 2587 Swedenborg
659 2558 674 2584 ,
726 2524 944 2572 traduites
990 2523 1054 2571 du
1097 2523 1212 2571 latin
1260 2539 1342 2588 par

328 2605 445 2655 A.J.
463 2605 515 2654 P.
531 2605 715 2667 Berlin,
743 2604 896 2669 1782,
922 2615 1037 2653 tom.
1058 2603 1270 2672 1',n.·78
1299 2614 1343 2652 et

251 2684 259 2695 ⁸
323 2705 462 2754 seqq.
490 2687 574 2736 nbi
594 2689 714 2736 inter
735 2692 892 2736 cetera
904 2686 1064 2735 scribit
1086 2703 1100 2734 ε
1120 2683 1187 2734 La
1206 2684 1340 2734 Divi·

324 2768 536 2835 mitescit
557 2767 600 2817 le
621 2767 712 2818 ciel
727 2803 743 2827 ‚
770 2766 813 2816 le
833 2766 926 2816 ciel
950 2784 983 2815 a
1012 2766 1060 2814 la
1078 2767 1231 2831 forme
1251 2765 1340 2815 hu-

328 2853 493 2899 maine
520 2887 534 2912 ‚
578 2849 689 2900 ἀόὺ
721 2848 816 2898 l’on
871 2849 970 2898 doit
999 2849 1223 2898 conclus-e
1255 2865 1345 2913 que

328 2932 382 2981 la
394 2931 614 2982 Divinae
634 2949 665 2980 a
692 2932 830 2981 aussi
852 2929 902 2979 la
919 2931 1073 2996 forme
1088 2930 1341 2992 hannoiae,-

330 3031 417 3063 σαν
438 3015 726 3064 l’humam‘ce
744 3014 802 3063 de
832 3016 962 3064 Dieu
999 3022 1066 3062 est
1087 3013 1338 3063 divinisee.

333 3097 391 3146 Et
428 3095 567 3146 n.-81
605 3109 650 3148 et
681 3095 746 3146 82
779 3117 792 3146 :
833 3095 990 3145 L’idee
1018 3113 1110 3161 que
1163 3095 1344 3161 chaque

327 3178 512 3228 homme
534 3196 576 3227 —a
601 3179 720 3228 d’un
756 3178 895 3227 Dieu
935 3194 1046 3226 sous
1074 3177 1226 3242 forme
1255 3178 1338 3225 lm·

325 3263 488 3311 maine
517 3260 589 3309 lui
616 3270 686 3310 est
714 3262 887 3327 influee
905 3259 974 3308 du
999 3259 1095 3308 ciel
1110 3298 1123 3318 ‚
1149 3261 1213 3308 οὺ
1235 3258 1337 3308 l’on

324 3361 388 3393 ne
413 3346 614 3392 commit
642 3343 778 3392 Dieu
792 3361 887 3409 que
905 3359 1014 3392 sous
1039 3350 1153 3391 cette
1161 3342 1336 3408 forme.

327 3427 526 3477 Demum
542 3462 555 3486 ‚
575 3426 673 3475 aliis
694 3428 871 3475 omissis
892 3463 906 3484 ‚
935 3422 1082 3475 n.·86
1113 3442 1127 3473 ε
1151 3424 1247 3472 Les
1261 3428 1338 3472 ce-

320 3507 484 3566 lio-oles
506 3525 565 3557 ne
575 3514 785 3575 penvent
806 3510 996 3557 revenit·
1009 3506 1071 3556 de
1091 3505 1197 3556 leur
1211 3511 1338 3555 eton-

325 3587 514 3641 nomem
533 3628 546 3652 ‚
581 3588 749 3655 quand
790 3588 849 3636 ils
874 3598 1078 3655 pensent
1109 3596 1153 3638 ec
1183 3589 1339 3637 voient

316 3692 410 3740 que
451 3675 529 3724 des
565 3689 681 3740 qens
712 3674 770 3721 de
813 3688 865 3720 ce
911 3673 1083 3722 monde
1102 3710 1115 3733 ‚
1163 3673 1250 3737 qui
1287 3688 1335 3720 se

314 3759 498 3807 arcione
530 3755 644 3824 plus
672 3753 869 3805 bolairhs
900 3771 990 3820 que
1033 3754 1102 3805 les
1136 3762 1329 3816 autres,

1423 2111 1820 2179 comprehensible
1839 2150 1852 2172 ‚
1895 2120 1940 2160 et
1972 2111 2222 2176 reqardent
2255 2128 2432 2161 comme

1421 2194 1505 2242 des
1534 2201 1628 2242 sots
1651 2202 1698 2241 et
1722 2193 1803 2242 des
1822 2192 2059 2241 imbeciles
2077 2195 2198 2242 ceux
2219 2196 2306 2258 qui
2325 2194 2433 2242 n’en

1427 2284 1509 2325 ont
1527 2292 1622 2342 pas
1637 2275 1685 2326 la
1709 2277 1860 2324 meme
1874 2276 1976 2323 ideo
1995 2275 2186 2340 qu’eux.
2215 2276 2432 2326 Attamen

1404 2358 1566 2424 ⁴hujus
1584 2360 1813 2407 visionarii
1840 2374 1976 2422 opera
1999 2359 2049 2406 in
2076 2357 2229 2423 plures
2253 2358 2432 2423 linguas

1429 2449 1669 2489 vertuntur
1697 2477 1710 2500 ‚
1750 2449 1793 2489 et
1840 2439 1994 2505 plnres
2034 2449 2271 2488 sectatores
2313 2442 2430 2488 inter

1428 2531 1723 2587 protest-antes
1762 2523 2009 2587 acquirunt
2052 2531 2098 2569 et
2147 2520 2427 2569 defensores.

1428 2603 1553 2652 Talis
1581 2614 1647 2652 est
1670 2602 1848 2651 indoles
1873 2602 2063 2650 humani
2089 2603 2291 2666 ingenii,
2323 2619 2431 2652 cum

1427 2685 1566 2733 semel
1595 2687 1720 2734 viam
1746 2685 1940 2732 veritatis
1966 2683 2175 2733 deseruit
2196 2685 2208 2732 !

1499 2765 1564 2829 (2)
1615 2765 1717 2814 Cfr.
1749 2764 2076 2826 'MaldonatuS‚
2121 2769 2171 2814 in
2212 2784 2318 2833 cap.
2369 2778 2432 2817 vn

1427 2846 1479 2896 S.
1522 2847 1690 2896 Matth.
1744 2862 1843 2908 22,
1886 2849 1969 2896 ubi
2011 2851 2191 2914 copiose
2238 2850 2434 2899 ostendit

1427 2930 1693 2990 discrimen,
1713 2931 1839 2996 quod
1853 2931 2226 2981 interceditinter
2251 2932 2430 2981 donnm

1429 3013 1755 3062 miraculorum
1785 3014 2199 3062 extraordinarium
2233 3016 2280 3061 in
2317 3016 2430 3063 casi-

1428 3094 1515 3143 bus
1571 3094 1880 3159 singularibus
1945 3105 1991 3144 et
2045 3095 2221 3143 donum
2274 3095 2395 3142 istud
2415 3130 2429 3155 ,

1429 3173 1850 3244 quumfrequense
1897 3192 2168 3241 permanens
2191 3185 2287 3237 est,
2313 3192 2432 3225 con-

1426 3259 1702 3324 cluditque:
1741 3256 1870 3306 Nam
1910 3259 2001 3305 etsi
2036 3260 2134 3305 n'on
2166 3258 2428 3305 necessario

1426 3342 1670 3405 sequitur,
1699 3354 1808 3387 eum
1826 3375 1840 3400 ,
1873 3340 1960 3403 qui
1986 3338 2222 3387 miracula
2251 3339 2425 3403 faciat,

1427 3439 1587 3471 veram
1610 3421 1777 3470 habere
1801 3420 1945 3486 fidem
1979 3422 2039 3486 (et
2069 3423 2118 3468 in
2142 3437 2249 3469 casu
2274 3430 2425 3469 nostro

1426 3522 1579 3555 veram
1601 3505 1881 3553 sanctitatem
1899 3504 1941 3566 );
1970 3511 2126 3550 tamen
2164 3502 2426 3551 necessario

1425 3588 1666 3654 sequitur,
1692 3602 1794 3634 eam
1819 3624 1830 3646 ‚
1870 3588 1926 3633 in
1960 3603 2057 3651 qua
2074 3586 2347 3651 frequentia
2382 3592 2426 3632 et

1422 3670 1564 3735 quasi
1591 3668 1844 3717 ordinaria
1880 3667 2116 3718 miracula
2153 3668 2303 3732 fiant,
2349 3683 2425 3715 ve-

1424 3767 1531 3801 ram
1555 3767 1652 3801 esse
1681 3748 2012 3803 Ecclesiam...
2034 3746 2422 3815 Nulliqoneroli-
