2514 4218
2132 175 2264 234 183,

588 191 752 230 PART.
798 191 840 227 1.
889 190 1012 228 GAP.
1063 192 1150 228 111.
1195 192 1264 229 ΒΕ
1308 189 1579 230 Eccmsm
1621 192 1792 231 noris,

137 359 363 419 quens:
408 336 549 396 Non
589 335 776 407 cedit,
815 334 1043 415 inquit,
1080 335 1242 414 quod
1267 341 1681 414 consequenter
1718 335 2046 396 videndum
2080 342 2242 416 fuit,

136 435 265 492 illos
297 432 564 491 videlicet
588 433 659 488 in
683 431 908 508 Africa
940 429 1315 489 Christianos
1332 432 1631 509 pertinere
1658 428 1745 487 ad
1771 429 2109 491 Ecclesiam
2130 444 2241 494 toto

135 529 274 587 orbe
301 526 587 605 diffusam
610 567 632 596 ,
669 529 783 604 qui
815 527 1020 603 utique
1044 545 1165 583 non
1197 529 1329 583 istis
1366 526 1446 583 ab
1481 524 1742 602 ejusdem
1771 524 2055 585 Ecclesz‘ae
2083 550 2246 588 com-

135 624 420 680 munione
452 630 629 699 atque
664 624 900 679 unitate
926 621 1239 696 seqandas,
1284 619 1392 676 sed
1435 623 1563 698 apsi
1599 619 1738 678 orbi
1780 629 2089 680 terrarum
2125 645 2244 702 per

131 719 608 775 communionem
631 722 1120 774 connecterentur
1142 710 1259 790 (l).
1293 711 1361 771 ld
1394 712 1587 794 ipsum
1627 735 1733 774 nos
1761 715 2096 796 reponimus
2132 719 2242 776 An·

133 809 384 890 glicanis,

212 905 351 963 292.
397 903 532 983 obj.
569 903 843 964 secunda.
885 902 948 962 1⁰
977 900 1104 959 Suis
1137 898 1395 959 tenebris
1435 899 1624 966 obsita
1673 915 1760 963 est
1800 905 2115 988 apostolica
2145 929 2243 967 ro·-

133 1021 443 1060 manorum
491 1000 838 1059 Pontificum
885 993 1207 1055 successio,v
1239 995 1600 1056 Dissentiunt
1657 998 1884 1081 antiqui
1929 1002 2240 1082 scriptores

129 1095 275 1154 circa
300 1094 707 1155 immediatum
732 1091 888 1164 Petri
913 1110 1300 1149 successorem
1320 1135 1336 1165 ‚
1376 1113 1552 1173 quem
1583 1092 1681 1151 alii
1707 1093 1951 1171 Linum,
1982 1096 2080 1154 alii
2110 1096 2245 1158 Cle-

130 1202 391 1250 mentem
413 1191 587 1250 fuisse
603 1186 906 1260 scribunt3
943 1186 1102 1245 idem
1127 1185 1219 1244 dic
1254 1186 1329 1244 de
1357 1186 1523 1246 Cleto
1556 1199 1618 1246 et·
1637 1187 1935 1265 Anaclet0.,
1972 1212 2116 1271 quos
2145 1191 2244 1251 alii

130 1287 368 1370 quidem
405 1287 766 1368 distinguunt
788 1327 806 1358 .,
847 1282 944 1342 alii
987 1300 1125 1345 vero
1163 1279 1549 1341 identificant.
1592 1284 1662 1340 2⁰
1700 1285 1912 1344 Incerti
1963 1298 2242 1367 praeterea

130 1394 269 1441 sunt
295 1379 602 1454 nonnulli,
640 1379 742 1460 qui
775 1378 841 1437 in
882 1376 1029 1437 serie
1061 1378 1459 1435 Romanorum
1485 1375 1799 1457 praesulum
1825 1393 2203 1441 recensentur
2224 1427 2241 1456 ,

129 1476 274 1536 adeo
302 1488 366 1535 ut
392 1474 540 1534 mira
584 1473 659 1532 sit
690 1474 753 1531 in
785 1472 1023 1531 illorum
1057 1470 1313 1551 catalogo
1343 1469 1705 1531 contexendo
1738 1472 2007 1545 varietas,
2041 1474 2108 1532 30
2137 1477 2244 1535 Per

130 1592 313 1631 annos
346 1569 478 1652 plus
514 1569 708 1627 minus
745 1568 1114 1649 septuaginta
1137 1566 1485 1626 Pontificum
1517 1566 1681 1626 sedes
1721 1588 1844 1626 non
1868 1569 2098 1644 Romae‚
2138 1571 2243 1630 sed

130 1666 424 1728 Avenione
452 1665 582 1723 fuit.
626 1663 694 1722 40
725 1661 1055 1723 Identidem
1086 1661 1391 1722 Pontifices
1427 1660 1589 1720 dubii
1614 1660 1882 1721 eamdem
1910 1662 2112 1723 sedem
2140 1685 2241 1723 oc-

129 1770 449 1842 cuparunt3
477 1757 744 1841 pluribus
765 1758 891 1840 ipsa
910 1756 1083 1816 vannis
1105 1777 1258 1838 saepe
1283 1756 1537 1830 vacavits,
1570 1755 1731 1815 haud
1750 1757 1921 1837 pauci
1943 1759 2242 1818 simoniaci

126 1854 363 1914 fuerunt
396 1865 455 1915 et
490 1854 701 1913 intrusi
721 1898 738 1928 .,
768 1853 871 1935 qui
900 1851 1110 1911 Sedem
1145 1849 1308 1909 illam
1346 1851 1511 1910 omni
1542 1851 1818 1911 vitiorum
1850 1872 2018 1911 coeno
2051 1852 2241 1913 foeda-

127 1961 287 2010 runt.
324 1949 462 2023 Quis
491 1969 666 2032 porro
689 1945 974 2027 ejusmodi
998 1944 1344 2005 successioni
1377 1944 1551 2004 inniti
1585 1955 1779 2028 potest
1807 1945 1882 2005 ad
1906 1947 2240 2028 apostolici-

128 2055 309 2105 tatem
334 2043 595 2105 Ecclesiae
618 2041 1035 2103 adstruendam
1061 2039 1194 2122 (2)?
1236 2042 1403 2121 Ergo,

191 2274 262 2338 (l)
303 2272 470 2324 Contr.
504 2274 643 2338 epist.
685 2273 918 2322 Parmen.
954 2273 1038 2321 lib.
1082 2290 1097 2319 1
1120 2308 1135 2333 ,

126 2373 225 2421 cap.
257 2370 302 2405 1.
336 2353 566 2403 Caeterum
595 2355 646 2402 in
678 2354 877 2418 publicis
906 2355 1017 2401 actis
1049 2355 1139 2400 im-

125 2438 239 2501 perii
253 2436 504 2484 britannici
527 2436 722 2483 romani
736 2444 955 2484 vocantur
974 2432 1137 2481 catho-

125 2517 226 2566 lici.
255 2515 452 2582 Quando
471 2518 521 2563 in
542 2533 756 2581 supremo
782 2515 905 2564 illius
925 2532 1138 2564 consessu

127 2599 199 2665 (Ie
219 2597 514 2665 parlement)
535 2609 689 2647 actum
706 2608 772 2647 est
785 2599 843 2647 de
862 2599 1139 2664 emancipa-

122 2683 276 2739 tione,
301 2698 441 2747 quam
474 2690 669 2735 vocant,
700 2676 947 2728 Catholicis
977 2682 1028 2727 in
1045 2679 1139 2728 bri-

124 2764 308 2811 tannica
341 2762 515 2811 ditione
538 2761 817 2829 degentibus
834 2761 1133 2825 conserenda,

122 2854 378 2893 constanter
389 2843 616 2893 catholici
626 2844 817 2892 romani
830 2846 977 2892 vocati
987 2855 1096 2892 sunt
1119 2862 1134 2893 ε

123 2925 239 2975 Data
268 2937 425 2975 autem
451 2933 521 2974 est
549 2927 621 2974 die
638 2923 703 2975 25
717 2925 826 2975 Jan.
855 2923 999 2992 1829}

191 3009 255 3073 (2)
280 3009 359 3057 ‘lta
391 3010 560 3075 passim
587 3011 864 3058 recentiores
883 3018 1136 3073 protestan-

125 3099 207 3139 tes.
237 3090 377 3140 Porro
405 3090 582 3140 Palmer
624 3109 732 3139 cum
762 3091 856 3138 suis
885 3090 1137 3155 anglicanis

126 3165 257 3220 nobis
285 3173 384 3235 dat,
419 3170 671 3222 Ecclesiam
691 3171 1034 3239 particularem
1066 3189 1138 3220 ro-

127 3269 310 3300 manam
345 3257 543 3304 extitisse
567 3274 592 3304 a
626 3254 677 3304 S.
708 3248 840 3304 Petro
866 3292 879 3315 ‚
907 3271 960 3302 ac
982 3253 1137 3318 plures

127 3331 239 3381 alias
275 3332 495 3386 Ecclesiae
521 3337 646 3385 illius
683 3335 961 3386 obedienti-‘ac
979 3371 994 3396 ‚
1025 3351 1131 3400 quae

130 3413 186 3462 ab
215 3413 292 3461 illa
309 3417 496 3479 pacifice
519 3421 743 3483 originem
762 3427 1034 3476 traxerunt,
1054 3427 1133 3464 aut

131 3495 188 3542 ab
210 3495 310 3542 aliis
332 3494 546 3546 Ecclesiis
577 3501 835 3565 apostolicis
854 3535 868 3559 ‚
884 3502 988 3566 jure
1006 3515 1134 3563 posse

130 3580 197 3624 uti
222 3575 499 3642 apostolicas
518 3584 727 3644 spectari.
746 3581 919 3630 Verum
944 3590 1136 3629 conten-

1196 2253 1487 2321 ⁶britannicis
1506 2274 1601 2321 sive
1619 2272 1891 2336 anglicanis3
1907 2273 2034 2339 quod
2049 2273 2238 2339 quidem

1196 2354 1359 2417 ·paulo
1395 2363 1497 2418 post
1535 2353 1865 2417 expendemus.
1916 2354 2112 2402 Interim
2138 2354 2239 2420 ejus

1219 2438 1566 2483 concessionem
1608 2435 1936 2498 amplectimur
1985 2454 2080 2484 una
2129 2453 2236 2484 cum

1219 2517 1433 2583 ejusdem
1449 2516 1664 2565 Ecclesiae
1674 2533 1892 2576 romanae,
1912 2535 2052 2583 quam
2067 2521 2233 2579 texuit,

1217 2598 1426 2664 apologia
1444 2616 1470 2647 a
1491 2599 1813 2647 criminatione
1836 2598 2130 2661 idololatriae,
2150 2599 2239 2648 sal-

1218 2690 1311 2728 tem
1352 2681 1403 2727 in
1444 2697 1629 2744 genere.
1670 2678 1793 2728 Ibid.
1830 2679 1924 2729 Sed
1970 2699 2087 2729 num
2119 2683 2237 2730 inter

1215 2760 1486 2828 hujusmodi
1540 2763 1809 2826 scriptores,
1867 2764 2005 2810 errori
2063 2779 2237 2828 propu-

1216 2843 1402 2908 gnando
1419 2843 1644 2904 addictos,
1661 2844 1880 2892 doctrinae
1894 2846 2134 2892 consensio
2153 2860 2239 2893 ex-

1216 2925 1442 2989 pectanda
1466 2927 1560 2974 est!
1589 2925 1714 2974 Dum
1733 2927 1796 2974 ita
1828 2925 1888 2973 ab
1917 2943 2013 2973 uno
2047 2942 2236 2975 romana

1217 3016 1434 3072 purgatur
1463 3006 1664 3056 Ecclesia
1684 3043 1699 3067 ‚
1735 3007 1847 3055 dum
1878 3024 1930 3056 ea
1971 3008 2132 3056 saltem
2167 3014 2236 3057 est

1217 3104 1319 3152 pars
1364 3087 1600 3138 catholicae
1649 3088 1861 3136 Ecclesiae
1895 3125 1909 3149 ,
1942 3089 2149 3155 adeoque
2185 3101 2236 3138 ut

1216 3170 1440 3218 catholica
1458 3180 1735 3236 agnoscatur
1757 3182 1806 3217 et
1827 3170 2104 3231 declaretur,
2126 3170 2233 3236 plu-

1217 3269 1289 3300 res
1305 3269 1364 3300 ex
1392 3251 1735 3300 oxoniensibus
1754 3253 1964 3301 eamdem
1982 3252 2234 3301 Ecclesiam

1217 3337 1268 3383 in
1299 3334 1519 3384 haeresim
1549 3345 1687 3400 atque
1720 3338 1991 3400 apostasiam
2031 3347 2234 3400 tempore

1215 3416 1474 3466 Tridentini
1493 3415 1687 3464 Concilii
1705 3418 1963 3482 prolapsam
1985 3435 2031 3465 es
2065 3434 2112 3464 se
2129 3432 2232 3462 con-

1217 3499 1445 3557 tendunt,
1484 3500 1535 3546 in
1568 3516 1713 3564 eoque
1757 3508 1874 3547 statu
1928 3513 2230 3563 perseverare.

1220 3575 1340 3631 Vide
1370 3581 1542 3629 Traeis
1558 3581 1637 3643 lbr
1672 3581 1746 3629 the
1778 3582 1915 3630 times
1934 3618 1946 3639 ,
1982 3597 2061 3628 scu
2093 3595 2231 3643 opus-

134 3659 234 3717 dit,
266 3659 393 3707 idem
416 3659 504 3707 dici
537 3677 665 3724 posse
687 3659 746 3711 de
775 3662 1072 3712 orientalibus
1097 3672 1139 3709 ct
1223 3663 1330 3712 cula
1371 3664 1634 3712 oxoniensia
1675 3681 1735 3725 v,
1771 3680 1872 3727 pag.
1910 3677 1998 3722 10,
2030 3660 2229 3709 Londin.
