2514 4218
273 207 350 265 44
876 236 1072 272 TRACT.
1118 237 1183 270 nn
1230 236 1381 273 toots
1427 240 1805 278 rnnotoexms.

270 370 445 443 surda
489 385 666 447 sunt,
703 376 791 434 ·30
836 375 1221 437 adversantur
1284 378 1561 457 Apostolo
1604 383 1879 445 scribenti
1943 387 2017 446 ad
2051 387 2326 470 Ephesios
2377 414 2391 450 ε

274 466 553 527 Christus
573 471 788 530 dileoeit
810 473 1142 535 Ecclesiam
1156 517 1172 540 ,
1208 482 1263 528 et
1281 478 1546 551 seipsum
1568 480 1826 539 tradidit
1839 503 1957 561 pro
1990 506 2059 542 ea
2077 529 2095 560 ,
2127 495 2199 543 ut
2223 487 2396 544 illam

267 568 713 646 sanctificaret,
754 569 1062 626 mundans
1099 570 1340 627 lavacro
1375 592 1552 649 aquoe
1595 576 1665 630 in
1706 579 1878 636 verbo
1916 585 2089 650 vitae,
2128 592 2198 639 ut
2224 582 2397 640 estleie

267 662 431 720 heret
448 666 574 742 ipse
594 666 720 723 sibi
734 666 1058 743 qlorz'osarn
1081 665 1448 736 Ecclesiam,
1478 689 1598 726 non
1628 669 1935 732 habentem
1959 679 2263 735 maculam·
2288 689 2399 738 aut

267 780 491 839 ruqam
537 772 650 819 aut
679 762 925 839 aliquid
957 762 1338 841 hujusmodi,
1370 766 1474 822 secl
1514 775 1583 822 ut
1620 770 1701 823 sit
1742 781 1951 828 sancta
1986 781 2043 828 et
2092 775 2396 833 immacu-

267 857 394 914 lata
427 857 535 937 (1).
579 856 647 914 40
689 858 827 930 Quae
879 856 1053 917 verba
1103 880 1404 940 exponens
1441 861 1830 942 Hieronymus
1874 865 2170 925 concludit
2211 889 2226 925 t
2277 869 2402 947 Qui

266 973 401 1031 erqo
421 963 697 1031 peccator
729 965 814 1012 est
834 965 892 1013 et
920 956 1138 1033 aliqua
1163 957 1331 1014 sorde
1359 959 1704 1016 maculatus
1723 1004 1738 1033 ,
1780 960 1850 1017 de
1871 960 2143 1021 Ecclesia
2174 962 2402 1022 Christi

265 1070 387 1136 non
410 1060 602 1128 potest
622 1052 956 1130 appellari,
993 1073 1100 1110 nec
1130 1051 1361 1111 Christo
1377 1054 1674 1131 subjectus
1703 1055 1925 1123 dici;...
1946 1068 2221 1135 peccator
2254 1081 2397 1118 eur-

265 1156 367 1202 rat
388 1146 474 1203 ad
492 1147 816 1210 medicum.
832 1193 842 1204 .
857 1190 872 1206 .
906 1158 965 1205 et
979 1148 1096 1223 fiat
1117 1149 1186 1205 de
1211 1148 1515 1220 Ecclesia,
1539 1172 1673 1228 quoe
1688 1171 1905 1232 corpus
1931 1163 2014 1211 est
2042 1153 2269 1213 Christi
2285 1154 2394 1235 (2).

266 1242 627 1322 Hieronymo
658 1243 831 1302 ceteri
859 1244 1059 1302 Patres
1080 1245 1483 1303 assentiuntur
1501 1291 1515 1319 ,
1540 1246 1697 1304 inter
1730 1269 1874 1328 quos
1900 1248 1965 1304 50
1990 1250 2048 1307 S.
2079 1251 2390 1309 Pacianus:

270 1338 545 1397 Ceterum
561 1384 578 1414 ,
608 1338 838 1416 scribit,
865 1350 1146 1419 peccator
1171 1351 1228 1398 et
1237 1344 1537 1419 poenitens
1559 1363 1679 1400 raon
1702 1354 1786 1401 est
1811 1344 2092 1405 Ecclesiae
2118 1348 2396 1413 macula:

232 1485 234 1487 .
262 1437 751 1514 quia,quamdiu
770 1448 978 1515 peccat
996 1447 1052 1495 et
1075 1458 1195 1494 nori
1209 1440 1455 1515 poenitet
1466 1448 1636 1497 extra
1652 1440 1988 1499 Ecclesiam
2016 1447 2394 1513 constitutus,

262 1541 348 1588 est
381 1529 494 1611 (3).
552 1532 618 1590 60
659 1533 717 1590 S.
751 1533 1102 1612 Augustinus
1139 1531 1212 1592 de
1239 1534 1465 1612 magnis
1499 1535 1898 1615 peccatoribus
1925 1540 2007 1596 ait
2039 1560 2051 1595 :
2084 1538 2227 1597 Non
2268 1540 2398 1598 ideo

163 1649 166 1653 ·
251 1629 533 1706 putandi
565 1639 710 1687 sunt
755 1650 870 1687 esse
910 1632 980 1687 in
1024 1630 1249 1687 Christi
1289 1651 1569 1710 corpore,
1599 1632 1764 1709 quod
1795 1643 1878 1690 est
1904 1633 2212 1705 Ecclesia,
2245 1638 2398 1713 quia

262 1725 793 1783 Sacramentorum
814 1730 941 1804 ejus
963 1727 1358 1805 corporaliter
1373 1727 1709 1804 participes
1724 1727 1889 1803 fiunt
1910 1726 2022 1808 (4).
2051 1730 2119 1786 Et
2140 1729 2355 1788 iterum
2378 1755 2393 1788 x

267 1820 426 1899 Quos
460 1844 581 1881 non
601 1827 912 1901 pertinere
948 1823 1035 1880 acl
1065 1833 1339 1880 sanctam
1372 1823 1709 1883 Ecclesiam
1745 1824 1891 1892 Dei,
1919 1828 2198 1902 quamvis
2229 1828 2399 1884 intus

261 1919 619 1986 videantur,
666 1939 737 1976 ea‘
784 1918 891 1977 hoc
925 1920 1304 1998 apertissime
1338 1929 1627 1997 apparet,
1668 1921 1819 1997 quia
1865 1924 1974 1978 isti
2007 1931 2152 1979 sunt
2183 1924 2398 1992 avari,

261 2026 559 2093 raptores,
604 2018 1039 2094 fornicatores,
1082 2017 1318 2084 invidi,
1364 2016 1644 2073 malevoli
1676 2025 1734 2073 et
1765 2026 1978 2074 eoetera
2015 2016 2369 2093 hujusmodi
2380 2040 2399 2082 ‚-

261 2112 374 2169 illa
401 2121 603 2170 autem
637 2112 916 2171 columba
954 2113 976 2189 (
1000 2109 1290 2191 Ecclesia)
1328 2114 1517 2168 unica
1536 2158 1552 2180 ,
1583 2112 1822 2190 pudica
1868 2122 1923 2169 et
1947 2123 2110 2170 casta
2125 2155 2150 2184 ,
2181 2134 2398 2191 sponsa

260 2210 388 2266 sine
423 2209 671 2266 macula
710 2219 764 2266 et
807 2200 1040 2288 ruffa...
1082 2209 1243 2286 quod
1274 2229 1395 2266 non
1439 2210 1805 2287 intelliyitar
1840 2212 1964 2266 nisi
2003 2211 2072 2266 in
2118 2210 2291 2267 honis
2347 2219 2402 2266 et

259 2309 520 2374 sanctis,
557 2315 615 2362 et
626 2307 822 2382 justis
852 2304 966 2384 (5).
1001 2304 1112 2377 Qui
1143 2314 1424 2385 praeterea
1453 2304 1607 2362 inter
1641 2303 1827 2362 bonos
1863 2315 1926 2362 et
1960 2303 2144 2362 malos
2173 2303 2284 2362 hoc
2310 2304 2397 2362 af—

261 2402 458 2458 firmat
496 2400 864 2459 incercedere
904 2399 1252 2475 discrimen,
1290 2399 1451 2480 quod
1489 2399 1629 2457 boni
1676 2401 1796 2458 sint
1843 2400 1905 2458 in
1945 2399 2194 2460 Ecclesia
2228 2411 2287 2459 et
2324 2399 2397 2459 de

259 2495 529 2572 Ecclesia,
546 2495 687 2554 mali
709 2518 850 2556 vero
873 2497 991 2555 sint
1017 2494 1256 2577 quidem
1273 2495 1335 2554 in
1354 2495 1626 2567 Ecclesia,
1647 2496 1752 2555 secl
1776 2518 1895 2555 non
1915 2495 1987 2555 de
2014 2496 2261 2556 Ecclesia
2277 2495 2388 2576 (6).

259 2592 321 2650 7ο
362 2594 677 2674 Comparat
722 2594 903 2652 etiam
945 2594 1003 2651 S.
1033 2595 1248 2651 Doctor
1294 2603 1626 2670 peccatores
1662 2591 2007 2650 humoribus
2047 2590 2215 2649 malis
2258 2591 2348 2672 (7)
2375 2637 2390 2665 ,

261 2689 361 2770 qui
399 2689 661 2771 profecto
703 2687 816 2746 dici
852 2709 974 2745 non
1008 2697 1256 2768 possunt
1304 2687 1559 2767 corporis
1604 2685 1896 2745 membra.
1945 2689 2196 2745 Demum
2222 2732 2238 2753 ,
2285 2687 2392 2745 etsi

262 2786 503 2845 daretur
531 2831 547 2863 ,
572 2796 905 2868 peccatores
949 2805 1075 2843 esse
1109 2782 1173 2840 in
1205 2781 1453 2841 Ecclesia
1476 2827 1492 2856 ,
1521 2802 1652 2839 cum
1681 2803 1802 2839 non
1839 2782 1956 2840 sint
1988 2783 2104 2841 nisi
2131 2781 2395 2842 membra

260 2896 491 2943 mortua
510 2929 527 2961 ,
557 2883 631 2943 ad
658 2882 808 2942 nihil
839 2881 1176 2941 inserviunt
1195 2927 1211 2957 7
1246 2901 1380 2938 cum
1412 2877 1563 2937 nihil
1588 2900 1755 2958 agere
1783 2880 2025 2961 possint.
2063 2881 2227 2961 Ergo.

343 2982 444 3040 74.
494 2984 671 3063 Resp.
714 2979 805 3041 Ad
849 2981 964 3052 1¹¹¹,
1003 2980 1162 3038 Dist.
1214 2975 1405 3037 Debet
1449 2986 1648 3034 sancta
1692 2996 1814 3034 esse
1852 2986 1910 3034 et
1952 2998 2157 3037 revera
2194 2988 2283 3035 est
2322 2998 2393 3036 ex

259 3078 572 3161 multiplici
601 3079 823 3161 capite,
855 3098 1054 3141 conc.‚·
1082 3074 1156 3134 ad
1182 3072 1577 3134 exclusionem
1598 3084 1996 3151 peccatorum,
2025 3095 2151 3153 noy.
2177 3073 2390 3153 Utique

261 3175 510 3235 Ecclesia
538 3177 736 3257 ¹reipsa
772 3184 972 3234 sancta
1006 3170 1187 3232 debet
1215 3190 1340 3231 esse
1367 3191 1434 3230 ac
1464 3189 1697 3251 semper
1733 3179 1821 3227 est
1841 3212 1857 3242 ,
1895 3179 1961 3226 ut
1988 3189 2119 3227 eam
2142 3169 2205 3226 in
2233 3189 2393 3248 sym-

332 3358 396 3422 (l)
437 3357 497 3414 V,
521 3355 585 3404 25
618 3371 663 3406 et
691 3375 818 3423 seqq.
1446 3351 1515 3414 (k)
1558 3348 1696 3397 Com.
1735 3347 1875 3395 litter.
1902 3346 2164 3404 Petiliam,
2205 3347 2292 3396 lib.
2324 3365 2358 3395 ιι
2378 3386 2391 3406 ,

327 3444 395 3504 (2)
437 3441 705 3491 Comment.
734 3443 791 3489 in
821 3443 960 3507 epist.
1001 3439 1064 3486 ad
1101 3437 1289 3504 Ephes.
1378 3455 1480 3501 cap.
1522 3431 1630 3484 108.

262 3528 343 3574 lib.
380 3543 440 3586 11,
472 3528 523 3583 in
555 3544 601 3573 v.
643 3522 725 3587 24.
1451 3519 1517 3581 (5)
1558 3517 1634 3565 De
1657 3516 1911 3581 Raptis-mo
1933 3550 1946 3575 ,
1982 3514 2065 3562 lib.
2091 3532 2169 3575 νι,
2209 3531 2314 3579 cap.
2353 3512 2399 3561 3.

331 3613 399 3676 (3)
436 3611 707 3677 Episc.1u‚
739 3609 804 3655 ad
824 3606 1084 3675 Sympron.
1108 3610 1159 3655 in
1202 3622 1297 3652 tna·
1453 3601 1518 3665 (6)
1557 3600 1684 3648 lbid.
1732 3598 1819 3646 lib.
1861 3613 1929 3645 vn
1953 3634 1965 3655 ,
2000 3615 2103 3662 cap.
2144 3595 2201 3646 51
2230 3607 2274 3644 ct
2311 3593 2395 3643 52.

261 3715 349 3759 gna
368 3696 604 3750 Bibliotk.
618 3699 822 3747 Patriam
842 3707 957 3748 tom.
974 3714 1039 3759 lv,
1059 3693 1293 3761 pag-239.
1450 3684 1518 3747 (7)
1564 3683 1729 3731 Tract.
1747 3699 1818 3729 ιιι.
1834 3684 1891 3729 in
1910 3698 1922 3727 ι
1940 3678 2106 3747 Epist.
2123 3678 2323 3728 Jocmm.
2345 3675 2395 3724 5.
