2514 4218
424 246 583 286 mnr.
632 245 673 281 1.
724 242 842 280 cn.
887 243 954 278 11.
1003 241 1071 278 ns
1115 238 1333 278 cnmsri
1378 236 1532 274 nect..
1582 234 1827 274 consur.
2092 214 2166 273 47

63 405 325 455 mentem
360 391 423 448 S.
444 386 678 447 Paciani
698 429 714 460 ,
751 393 1160 463 argumentum
1189 381 1368 464 ipsius
1397 377 1651 462 epistolae
1678 378 1983 460 patefacit,
2013 379 2171 462 quod

62 502 153 551 est
169 484 498 557 ostendere,
517 481 792 543 adversus
807 479 1175 552 Novatianos,
1191 498 1360 559 posse
1372 475 1680 536 Ecclesiam
1695 494 1863 556 pecca
1872 475 2095 536 toribus
2107 497 2171 536 ac

64 579 489 668 poenitentibus
509 577 641 636 filiis
669 577 786 635 suis
815 586 947 658 post
971 572 1331 654 baptismum
1356 579 1724 654 peccatorum
1748 569 1985 629 veniam
2011 570 2167 631 dare.

144 678 244 738 79.
294 675 383 734 Ad
412 675 525 747 6¹1¹,
570 675 723 733 Dist.
765 668 958 750 Magni
995 678 1326 748 peccatores
1362 677 1464 724 aut
1505 666 1683 725 etiam
1708 675 2035 746 peccatores
2066 665 2173 723 ab·

64 773 250 834 solute
273 794 394 830 non
422 781 559 830 sunt
588 769 662 829 de
698 764 957 826 Ecclesiae
984 782 1226 843 corpore
1245 805 1261 832 ,
1284 772 1460 841 prout
1483 761 1686 821 vivum
1713 771 1832 834 est,
1863 781 1965 818 seu
1992 759 2172 820 vivifi-

63 881 259 928 catum
290 888 396 949 per
424 864 668 945 gratiam
691 858 1154 920 sanctificantem
1182 876 1217 913 a
1246 854 1510 930 Christo,
1544 876 1735 922 comm
1772 876 1895 912 non
1926 865 2065 913 sunt
2098 855 2174 914 de

67 965 309 1045 corpore
327 959 564 1033 Christi,
584 966 868 1039 quatenus
886 950 997 1010 hoc
1023 947 1310 1009 conflatur
1327 969 1358 1007 e
1375 949 1646 1008 societate
1674 948 2039 1009 credentium
2064 949 2173 1009 sub

65 1057 337 1142 legitimis
373 1051 732 1136 pastoribuS,
767 1068 899 1127 ney-
940 1047 1087 1104 Cum
1126 1045 1286 1104 enim
1324 1063 1534 1124 corpus
1569 1042 1784 1102 Christi
1818 1045 2126 1125 mysticum
2155 1091 2171 1121 ,

67 1154 226 1237 quod
255 1164 342 1212 est
362 1148 603 1210 Ecclesia
623 1189 641 1220 ‚
667 1142 774 1204 sub
800 1142 1017 1225 duplici
1038 1151 1307 1224 respectu
1330 1138 1683 1199 considerari
1710 1141 1892 1222 possit
1909 1186 1927 1217 ,
1956 1153 2015 1201 et
2038 1165 2175 1225 qua-

69 1262 239 1309 tenus
269 1248 471 1308 vivum
498 1252 620 1315 est,
659 1250 727 1297 ut
761 1237 936 1321 paulo
971 1248 1106 1319 post
1138 1236 1511 1295 ostendemus
1537 1280 1553 1310 .,
1593 1245 1652 1294 et
1676 1244 1963 1317 quatenus
1986 1237 2176 1297 solum

73 1344 325 1403 exterius
356 1349 444 1400 est
464 1382 480 1409 ‚
516 1346 576 1396 et
599 1356 629 1394 e
651 1333 1034 1392 multitudine
1055 1353 1158 1390 seu
1185 1331 1460 1390 societate
1477 1327 1740 1389 fidelium
1765 1332 2138 1391 constituitur
2156 1376 2174 1404 ,

70 1431 509 1521 praescindendo
528 1430 602 1490 ab
624 1430 887 1489 interiori
907 1450 1111 1488 eorum
1127 1437 1282 1485 statu
1301 1471 1319 1502 ,
1351 1427 1417 1484 fit
1433 1436 1497 1484 ut
1513 1424 1811 1485 interdum
1835 1428 1932 1486 SS.
1952 1426 2175 1494 Patres,

71 1537 226 1593 inter
243 1551 388 1613 quos
413 1527 592 1587 etiam
607 1527 664 1584 S.
686 1524 1064 1604 AugustinuS,
1091 1523 1154 1580 in
1181 1521 1418 1600 objectis
1447 1519 1820 1601 locis⁷‘negare
1843 1521 2175 1599 videantur,
2249 1596 2258 1603 ·

73 1637 396 1711 peccatores
431 1622 504 1682 de
538 1641 778 1702 corpore
814 1619 1029 1678 Christi
1064 1638 1216 1691 esse,
1253 1617 1375 1676 sive
1407 1615 1481 1676 de
1519 1614 1785 1675 Ecclesia.
1826 1617 1928 1676 Ast
1961 1639 2181 1677 nomen

72 1724 334 1803 corporis
357 1729 413 1777 et
438 1719 722 1779 Ecclesz'oe
751 1725 1047 1774 coarctant
1071 1712 1146 1772 ad
1174 1710 1621 1792 significandum
1648 1733 1881 1794 corpus,
1905 1712 2065 1794 quod
2102 1714 2182 1775 vi·

71 1839 211 1880 vum
235 1826 321 1875 est
342 1860 358 1890 ,
386 1822 488 1874 'seu
519 1816 681 1891 cujus
714 1809 977 1869 membra
1010 1810 1220 1869 vivunt
1257 1822 1364 1890 per
1395 1808 1674 1887 gratiam3
1705 1830 1821 1889 quo
1844 1829 2015 1868 sensu
2042 1831 2184 1890 pro-

72 1913 222 1972 fecto
251 1920 581 1992 peccatores
605 1928 727 1965 non
751 1916 890 1964 sunt
917 1904 990 1963 de
1020 1924 1260 1985 corpore
1291 1902 1551 1962 Ecclesiae
1570 1948 1586 1979 ,
1614 1902 1749 1962 licet
1773 1903 1890 1962 sint
1917 1903 2182 1963 membra

69 2006 321 2088 corporis
351 2004 510 2078 vivi,
539 2011 717 2084 prout
733 2001 809 2060 ad
835 2001 1172 2059 societatem
1201 1997 1565 2057 credentium
1583 2043 1600 2074 ,
1627 1997 1735 2057 sub
1753 1998 2023 2077 legitimis
2046 2021 2185 2080 pas-

71 2100 292 2160 toribus
317 2145 333 2175 ,
375 2099 693 2182 pertinent.
742 2097 864 2155 Hac
904 2093 1412 2154 animadversione
1450 2092 1616 2153 facile
1666 2092 2034 2175 explicantur
2071 2115 2187 2175 ap-

74 2206 345 2275 parentes
397 2193 725 2273 antilogiae,
781 2212 915 2273 quae
959 2188 1129 2248 nobis
1175 2199 1559 2271 opponuntur
1595 2188 1717 2250 sive
1755 2209 1827 2248 ex
1867 2189 2187 2268 Augustino

77 2290 198 2346 sive
223 2308 293 2346 ex
321 2288 523 2346 ceteris
549 2287 848 2361 Patribus,
874 2306 1006 2344 cum
1036 2283 1406 2365 exploratum
1429 2285 1535 2358 sit,
1564 2295 1692 2342 tum
1715 2285 1775 2342 S.
1806 2283 2189 2363 Angustia-um

78 2393 206 2440 tum
227 2383 422 2440 Patres
435 2380 686 2462 reliquos
707 2399 1076 2461 propugnare
1103 2378 1380 2438 adversus
1398 2380 1750 2437 ¹*Iovatianos
1775 2388 1836 2437 et
1853 2379 2189 2438 Donatistas

77 2475 552 2534 commixtionem
583 2474 873 2533 bonorum
905 2484 965 2533 et
1000 2471 1290 2530 malorum
1318 2472 1380 2529 in
1420 2470 1684 2530 Ecclesia.
1774 2481 1777 2483 ’

157 2568 261 2630 80.
309 2569 398 2629 Ad
421 2570 539 2646 7¹¹¹,
578 2572 732 2629 Dist.
759 2570 835 2626 Ut
862 2567 1103 2626 denotet
1126 2576 1453 2647 peccatores
1481 2587 1602 2625 esse
1629 2564 1895 2624 membra
1926 2576 2155 2624 mortua
2172 2611 2188 2639 .,

78 2686 268 2735 conc.,·
299 2676 366 2724 ut
400 2663 640 2724 denotet
677 2685 797 2722 non
831 2684 956 2722 esse
982 2659 1250 2720 membra
1289 2659 1589 2736 Ecclesiae,
1629 2682 1756 2739 περ.
1793 2658 1879 2719 Ibi
1916 2660 2074 2718 enim
2104 2660 2195 2719 af-

81 2764 308 2835 firmat,
342 2759 500 2842 quod
523 2805 539 2836 ,
570 2780 703 2818 cum
741 2760 804 2817 in
828 2757 922 2817 die
946 2756 1151 2835 judicii
1179 2756 1430 2815 exierint
1465 2777 1537 2816 ex
1570 2777 1810 2837 corpore
1846 2754 2105 2814 Ecclesiae
2130 2755 2194 2815 hi

82 2858 224 2916 mali
258 2857 568 2938 humoreS,
614 2854 717 2936 qui
747 2853 900 2912 illud
941 2873 1097 2911 nunc
1141 2863 1426 2931 gravant,
1466 2849 1617 2911 bene
1662 2873 1724 2911 se
1766 2849 2025 2910 habebit.
2076 2853 2195 2910 Nec

84 2953 362 3013 debemus
390 2951 674 3025 oblivisci,
699 2950 803 3008 has
826 2971 947 3007 non
975 2969 1098 3007 esse
1122 2947 1236 3006 nisi
1259 2947 1675 3006 similitudines
1689 2967 1754 3005 ac
1771 2946 2015 3028 tropicas
2042 2945 2196 3005 locu-

88 3049 272 3107 tiones
308 3093 325 3122 ,
377 3066 504 3128 quae
535 3068 655 3105 non
699 3065 931 3126 semper
961 3053 1102 3102 sunt
1130 3030 1403 3122 urge'ndae
1450 3053 1667 3123 praeter
1708 3062 1949 3123 scopum
1977 3041 2196 3123 princi-

90 3141 281 3222 palem
298 3186 316 3216 ,
347 3134 438 3200 ad'
452 3162 627 3224 quem
653 3150 1051 3200 assumuntur.

98 3331 217 3378 reses
243 3333 342 3366 non
381 3318 558 3367 habens
574 3354 591 3381 ,
626 3335 724 3367 non
772 3316 1062 3365 Valentinos
1084 3368 1097 3390 ⁹
1182 3317 1307 3363 tium
1323 3315 1576 3364 ornatibus
1592 3314 1883 3364 invidentes.
1900 3314 2076 3363 Verum
2091 3332 2198 3364 cum

95 3413 195 3444 non
239 3397 564 3464 Cataphryqas
595 3438 610 3461 ,
663 3416 763 3448 non
801 3398 1102 3447 Novatianos
1181 3398 1352 3446 subdat
1392 3415 1406 3446 ε
1444 3397 1682 3444 Caeterum
1702 3405 1941 3462 ‘peccator
1964 3404 2011 3444 et
2039 3398 2200 3462 poem‘·

106 3483 121 3539 (
146 3496 241 3525 non
282 3478 560 3531 Lutheranos
582 3520 595 3544 ,
641 3483 750 3531 addi
787 3492 938 3548 posset
957 3518 971 3541 ,
1004 3498 1101 3528 non
1182 3488 1283 3526 tens
1302 3515 1316 3538 ,
1335 3488 1426 3528 etc.
1446 3495 1525 3543 per
1547 3478 1669 3526 hanc
1689 3480 1962 3544 particulam
1979 3515 1993 3539 ,
2009 3496 2109 3544 quaa
2124 3479 2201 3525 hic

99 3560 370 3608 Calvinistas
393 3596 408 3619 ‚
450 3580 545 3611 non
569 3564 875 3612 protestantes
896 3600 910 3624 ,
945 3572 1033 3612 etc.
1059 3562 1098 3625 ).
1182 3561 1280 3609 vim
1317 3561 1457 3609 habet
1485 3561 1818 3611 adversativam
1841 3596 1855 3619 ,
1885 3577 1983 3607 non
2015 3559 2201 3609 videtur

95 3642 165 3689 In
203 3640 279 3688 bie
307 3650 419 3689 sunt
443 3645 571 3692 enim
599 3645 799 3710 quidam
834 3647 973 3695 sinus
998 3660 1100 3691 ma·
1182 3639 1310 3708 loqui
1339 3643 1397 3691 de
1423 3642 1648 3690 haereticis
1665 3678 1679 3703 ,
1703 3659 1729 3690 a
1748 3642 1918 3708 quibus
1944 3650 2202 3706 peccatores

98 3721 247 3771 culosi
271 3731 411 3787 atque
454 3727 615 3788 ruqosi
646 3728 969 3791 pretiosarum
999 3742 1099 3774 ves·
1182 3727 1228 3771 et
1262 3728 1533 3790 poenitentes
1570 3727 1768 3775 secernit
1796 3723 1849 3772 S.
1882 3723 2067 3772 Doctor-
