2514 4218
296 216 375 277 64
905 233 1096 273 rerr.
1145 231 1213 267 nn
1257 229 1406 267 mois
1447 230 1823 270 meosoolms.

294 404 435 463 ergo
482 381 728 441 interest
750 424 765 455 ,
816 380 864 438 si
905 373 1160 459 Apostoli
1206 393 1329 431 non
1374 372 1747 436 vindicarunt
1799 374 1909 435 sibi
1959 375 2417 458 appellationem

296 477 640 538 hierarchae
653 520 677 549 ,
707 472 946 557 quando
974 479 1228 543 constat7
1257 489 1354 528 eos
1382 467 1707 530 vindicasse
1730 471 1841 531 sibi
1864 471 2285 532 hierarchicam
2309 495 2418 555 po-

295 584 603 646 testatem,
638 589 883 650 eamque
908 587 1030 624 non
1054 563 1273 646 populo
1296 609 1312 639 ‚
1338 563 1440 623 sed
1473 566 1595 623 Deo
1631 578 1925 647 acceptam
1950 568 2259 629 retulisse?
2284 570 2418 628 Esto

297 669 473 750 igitur
492 714 508 743 ,
544 663 867 726 hierarchia
894 663 968 720 sit
991 681 1211 720 nomen
1241 659 1470 741 imperii
1494 684 1510 733 ς
1538 670 1627 718 ast
1653 662 1800 720 sacri
1828 673 1889 721 et
1924 664 2287 724 ecclesiastici
2315 666 2419 723 im-

297 766 445 849 perii
486 783 704 824 nomen
745 771 870 833 est,
910 756 1069 839 quod
1098 778 1169 817 ex
1205 755 1372 815 dictis
1415 777 1608 837 neque
1647 755 1860 816 Christi
1887 779 2079 841 neque
2111 760 2418 841 Apostolo-

296 884 430 929 rum
468 859 740 920 instituto
768 865 1074 936 repugnat.

383 954 516 1014 110.
565 951 649 1011 Ad
674 951 789 1026 4¹¹²,
813 952 970 1011 Disc.
997 951 1130 1009 Non
1166 947 1521 1008 definierunt
1558 949 1889 1009 Tridentini
1924 952 2121 1012 Patres
2136 996 2160 1025 ,
2200 974 2324 1025 esse
2357 953 2419 1010 in

296 1050 550 1112 Ecclesia
592 1048 998 1107 hieroduliam
1033 1056 1135 1103 aut
1172 1045 1687 1104 hierodiaooniam
1711 1089 1731 1116 ,
1773 1047 1907 1127 quia
1945 1047 2007 1105 id
2045 1070 2165 1106 non
2199 1047 2422 1108 ferebat

293 1149 557 1230 ipsorum
593 1165 799 1226 scopus
821 1188 837 1218 ‚
873 1142 994 1201 imo
1028 1140 1222 1201 eidem
1252 1142 1486 1222 penitus
1523 1140 1806 1220 ejusmodi
1847 1163 2012 1202 voces
2043 1143 2421 1226 opponeban-

293 1254 427 1317 tur,
457 1261 658 1309 conc.,·
685 1260 848 1299 secus
866 1284 882 1314 ,
922 1259 1050 1318 neq.
1075 1235 1211 1296 Ideo
1237 1236 1564 1297 Tridentini
1586 1238 2001 1298 hierarchiam
2018 1241 2210 1320 potius
2243 1261 2419 1322 quam

295 1339 700 1400 hieroduliam
742 1347 843 1394 aut
888 1334 1405 1392 hierodiaconiam
1447 1334 1509 1391 in
1552 1332 1799 1393 Ecclesia
1845 1355 1967 1394 esse
2018 1335 2375 1394 definierunt
2401 1380 2417 1408 .,

296 1435 435 1518 quia
464 1433 580 1492 duo
611 1433 851 1491 nomina
889 1428 1089 1488 isthaec
1123 1450 1353 1488 sacrum
1392 1440 1625 1489 tantum
1668 1430 2065 1488 ministerium
2099 1431 2423 1510 significant

297 1530 517 1613 absque
552 1528 670 1588 ulla
699 1525 887 1587 eidem
928 1524 1150 1604 adjecta
1189 1523 1476 1607 spirituali
1507 1534 1818 1607 potestate.
1852 1526 2001 1585 Cum
2040 1548 2174 1589 vero
2215 1547 2422 1608 scopus

297 1625 782 1686 Tridentinorum
813 1622 991 1682 fuerit
1020 1620 1231 1702 dogma
1268 1620 1618 1679 catholicum
1648 1620 1864 1702 quod
1884 1644 1917 1680 a
1957 1621 2422 1681 protestantibus

299 1721 799 1826 impugnabatur,
843 1728 1068 1778 sartum
1121 1727 1459 1798 tectumque
1502 1717 1697 1790 tueri3
1750 1716 1882 1775 ideo
1922 1715 2253 1776 debuerunt
2293 1738 2422 1776 eam

297 1839 502 1880 vocem
532 1835 907 1888 consecrare
933 1834 1064 1895 quae
1086 1824 1300 1894 praeter
1327 1811 1719 1872 ministerium
1750 1811 1914 1871 illam
1941 1811 2426 1894 complecteretur

307 1913 743 1983 auctoritatem,
775 1931 950 1992 quam
980 1908 1242 1967 Christus
1273 1908 1556 1967 ministris
1574 1908 1690 1967 suis
1709 1909 2192 1982 communicavit,
2217 1919 2276 1968 et
2297 1929 2424 1990 quae

204 2021 207 2024 “
295 2011 359 2069 in
391 2009 637 2069 Ecclesia
668 2027 900 2088 semper
924 2003 1197 2064 obtinuit.
1228 2005 1348 2064 Etsi
1372 2025 1511 2066 vero
1543 2006 1796 2085 antiquis
1827 2004 2094 2063 Patribus
2133 2004 2425 2083 incognita

295 2106 469 2165 fuerit
500 2102 838 2164 hierarchiae
876 2123 988 2161 vox
1018 2100 1139 2180 (1),
1172 2099 1330 2180 apud
1358 2100 1595 2160 eosdem
1630 2112 1830 2160 tamen
1859 2121 1924 2159 ea
1950 2101 2190 2159 nomina
2214 2119 2419 2159 occur-

298 2212 474 2276 runt,
511 2220 638 2282 quae
662 2197 737 2257 ad
766 2201 887 2275 ejus
916 2197 1219 2256 notionem
1255 2197 1519 2278 proxime
1543 2196 1861 2270 acceduntt,
1898 2218 2037 2254 nam
2061 2207 2119 2255 et
2144 2195 2422 2274 Origenes

298 2297 532 2360 vocavit
576 2295 888 2378 Episcopos
940 2293 1203 2356 Ecclesiae
1244 2299 1559 2374 principes
1607 2292 1732 2375 (2)3
1788 2291 2232 2372 Chrysostomus
2280 2293 2423 2350 item

369 2507 434 2573 (1)
471 2506 653 2555 Primus
673 2542 687 2566 ‚
712 2507 794 2571 qui
822 2503 1118 2570 perhibeatur
1142 2505 1193 2551 in
1233 2520 1316 2551 an-

300 2593 516 2659 tiquitate
537 2575 781 2653 usurpasse
805 2586 1093 2635 hierarchice
1118 2604 1312 2645 nomen,

299 2683 368 2724 est
407 2671 658 2737 Dionysius
708 2669 853 2735 vulgo
896 2669 1158 2733 areopagita
1193 2684 1317 2714 nun-

296 2765 525 2822 cupatus,
553 2751 694 2801 seculi
724 2770 749 2799 v
793 2752 985 2815 scriptor
1018 2751 1134 2815 (qui
1174 2758 1314 2814 puta-

301 2848 377 2887 tur
415 2837 583 2903 aliquis
614 2833 937 2899 monophysita
966 2870 979 2893 ,
1026 2842 1106 2880 aut
1150 2830 1313 2902 saltem

302 2920 669 2986 monophysismi
698 2935 851 2968 errore
877 2916 1099 2975 infectus,
1122 2914 1181 2964 ab
1210 2932 1315 2964 eru-

302 3003 398 3052 dito
412 3003 477 3052 Le
494 3002 646 3067 Quien
664 3038 677 3062 ,
714 2998 844 3050 Dias.
869 3016 901 3048 ιι
921 2998 1313 3061 Damascenica).

301 3086 392 3134 Hic
423 3086 539 3134 duos
562 3084 707 3133 libros
750 3084 986 3149 vulgavit,
1017 3081 1215 3130 alterum
1245 3078 1317 3128 De

296 3167 479 3217 caelesti
508 3165 815 3228 hierarchia,
856 3167 907 3213 in
955 3162 1014 3213 15
1046 3166 1194 3228 capita
1225 3163 1318 3210 dis-

300 3251 550 3309 tributum,
567 3251 760 3299 alterum
777 3266 884 3299 vero
905 3247 984 3296 De
1000 3245 1317 3296 ecclesiastica

301 3332 576 3382 hierarchia
596 3370 609 3393 ,
639 3333 1027 3398 complectentem
1065 3332 1212 3394 capita
1244 3344 1271 3394 7
1301 3366 1313 3389 ‚

301 3434 419 3484 quos
448 3418 570 3464 inter
612 3425 783 3464 ceteros
819 3416 962 3464 latine
1010 3411 1243 3471 reddidit,
1275 3421 1319 3459 et

301 3517 396 3549 una
440 3516 548 3547 cum
610 3498 800 3564 reliquis
858 3495 1065 3564 ejusdem
1120 3494 1318 3543 auctoris

302 3581 520 3647 operibus
602 3580 758 3629 denuo
818 3581 1021 3646 vulgavit
1084 3576 1318 3626 Balthasar

302 3663 547 3713 Corderius
575 3660 625 3710 S.
650 3661 719 3725 J.,
746 3664 828 3727 qui
866 3671 1091 3726 praeterea
1127 3658 1320 3708 adnota-

305 3745 513 3794 tionibus
534 3763 585 3795 ea
604 3746 733 3794 auxit
756 3749 802 3791 et
829 3743 1091 3794 illustravit.
1129 3741 1198 3791 De
1238 3759 1320 3789 au-

1408 2514 1506 2553 tore
1520 2519 1712 2569 operum
1738 2505 2143 2568 areopagiticorum
2158 2500 2422 2566 praeclaram

1406 2586 1773 2634 dissertationem
1815 2584 2077 2633 lucubravit
2127 2580 2424 2631 doctissimus

1409 2667 1463 2716 P.
1493 2667 1539 2716 J.
1578 2667 1632 2716 F.
1678 2666 1941 2715 Bernartius
1982 2663 2128 2712 Maria
2160 2665 2216 2713 de
2249 2663 2422 2713 Rubeis

1406 2748 1492 2797 Or.
1518 2749 1590 2796 Pr.
1608 2765 1714 2815 quae
1729 2759 1797 2797 est
1823 2765 1868 2795 lx
1885 2750 2006 2797 inter
2024 2766 2118 2809 eae,
2140 2766 2255 2814 quas
2279 2749 2422 2813 scrip-

1406 2834 1464 2881 sit
1500 2831 1581 2880 De
1609 2832 1757 2896 yestis
1797 2839 1843 2879 et
1874 2832 2068 2896 scriptis
2101 2846 2159 2878 ac
2202 2830 2421 2879 doctrina

1406 2914 1565 2964 sancti
1616 2913 1817 2961 Thomoe
1875 2913 2144 2978 Aquinatis
2163 2951 2176 2974 ,
2225 2913 2318 2963 vol.
2367 2915 2419 2961 in

1407 2997 1491 3046 fol.
1527 2996 1696 3045 Venet.
1751 2994 1895 3062 1750.
1940 2996 1998 3044 In
2030 2996 2120 3045 hac
2160 3013 2295 3061 porro
2328 2996 2423 3044 dis·

1411 3081 1653 3129 sertatione
1687 3079 1890 3127 vindicat
1904 3079 1961 3127 de
1980 3078 2154 3127 Rubeis
2180 3079 2308 3125 hunc
2339 3095 2422 3125 au-

1409 3173 1583 3212 ctorem
1618 3162 1676 3211 ab
1706 3164 1833 3209 omni
1863 3161 2201 3227 apollinarismi
2233 3197 2247 3220 ‚
2297 3169 2428 3225 euty-

1411 3246 1652 3295 chianismi
1717 3254 1763 3292 et
1812 3242 2160 3292 monothelismi
2220 3242 2325 3291 labe
2374 3258 2427 3290 ac

1412 3331 1690 3393 suspicione.

1479 3410 1546 3474 (2)
1581 3410 1718 3458 Tom.
1750 3425 1829 3457 xv1
1857 3444 1870 3468 ‚
1901 3411 1953 3456 in
1982 3407 2155 3456 Matth.
2179 3425 2288 3473 opp.
2312 3407 2423 3456 edit.

1413 3493 1569 3543 Caroli
1589 3490 1662 3542 De
1691 3492 1733 3539 la
1751 3490 1872 3554 Rue,
1888 3500 2002 3539 tom.
2020 3505 2096 3549 111,
2124 3507 2229 3554 pag.
2258 3489 2354 3555 723
2383 3499 2429 3537 et

1409 3592 1538 3642 seqq.
1553 3572 1639 3623 ubi
1653 3571 2081 3638 constanterOrigen
2088 3590 2134 3620 es
2153 3570 2429 3635 vocatEpis-

1411 3675 1579 3723 copum
1594 3654 1894 3720 e’yoo'pcoerov,et
1908 3657 2109 3704 instituit
2121 3654 2428 3718 comparatio-

1414 3742 1656 3791 neminter
1672 3738 1821 3790 seculi
1850 3738 2082 3804 Principes
2115 3746 2157 3785 et
2192 3734 2426 3799 Principes
