2514 4218
311 154 425 213 160

916 178 1136 219 TRACT„
1162 179 1242 235 DE.
1274 179 1420 217 [oms
1463 181 1839 219 THEOLOGICIS.

307 319 555 404 quilibet*
582 319 688 379 sub
725 310 882 400 gravi
914 341 1145 380 servare
1179 331 1452 396 tenetur,
1489 345 1582 382 nea
1604 346 1665 387 se
1702 324 1963 407 implicet
1998 330 2248 406 peccatis
2283 330 2424 390 alie-

304 407 396 476 nis
420 463 434 486 q
471 440 599 498 neq.
642 420 828 477 Nemo
866 438 1077 497 porro7
1124 437 1194 475 ex
1237 416 1502 476 doctrina
1544 418 1796 491 Ecclesiae
1835 421 2130 482 catholicae
2165 426 2424 505 exposita

305 513 368 571 in
393 513 647 572 Concilio
674 511 1019 571 Tridentino
1036 556 1053 587 ‚
1087 512 1195 570 rite
1216 510 1439 571 absolvi
1461 524 1689 595 potest,
1719 517 2060 594 quisince1·e
2083 540 2204 577 non
2231 518 2426 580 doleat

305 607 380 668 de
413 610 658 690 peccatis
690 606 1001 687 praeteritis
1024 652 1040 675 ,
1080 619 1139 666 et
1172 607 1419 667 firmiter
1446 630 1569 666 non
1610 622 1902 689 proponat
1927 633 2047 670 non
2084 635 2320 696 peccare
2350 614 2424 675 de

304 714 508 763 caetero
546 704 656 780 (l).
694 702 751 759 Si
781 722 943 760 casus
960 713 1273 783 propterea
1304 704 1633 782 contingat,
1673 703 1737 761 in
1767 725 1883 785 quo
1907 704 2034 766 haec
2068 700 2263 788 regula
2297 732 2422 769 non

302 811 602 872 servetur,
653 820 775 856 non
825 797 1091 858 Ecclesiae
1143 797 1454 869 doctrinae,
1502 798 1755 878 sed-aut
1802 801 2424 868 confessariorumaut

277 894 717 978 poenitentium
741 894 885 953 vitio
907 895 1057 954 verti
1077 893 1271 955 debet.
1302 894 1469 968 Quod
1496 917 1631 954 vero
1652 894 1919 974 adjicitur
1931 896 2387 972 dexabsolutione
2403 944 2422 976 ‚

300 1013 477 1074 quam
520 992 582 1068 in
627 980 764 1052 vitae
812 992 971 1051 exitu
1004 1013 1127 1050 non
1168 991 1419 1072 denegat
1459 992 1706 1052 Ecclesia
1751 993 1929 1051 etiam
1970 993 2422 1071 scelestissimiS‚

298 1088 436 1147 alias
473 1086 749 1146 diluimus
779 1112 796 1161 ς
827 1086 1111 1146 alluditur
1148 1088 1310 1147 enim
1343 1088 1450 1147 hac
1484 1088 1826 1148 difficultate
1864 1088 1941 1148 ad
1970 1111 2231 1150 errorem
2278 1114 2425 1173 prae-

298 1195 648 1266 conceptum
679 1183 1094 1243 haereticorum
1128 1183 1242 1265 (2).
1464 1179 1469 1183 ’

378 1279 522 1339 258.
573 1281 864 1359 Negamus
887 1298 1089 1361 porro7
1117 1300 1383 1361 unquam
1405 1279 1666 1339 docuisse
1686 1280 2004 1340 Ecclesiam
2049 1281 2418 1355 catholicam,

296 1374 579 1456 haereticis
609 1374 789 1433 fidem
810 1396 931 1432 non
961 1394 1084 1433 esse
1101 1373 1490 1457 servandamg
1528 1387 1813 1457 perpetua
1840 1375 1964 1435 haec
1991 1388 2076 1435 est
2101 1376 2416 1449 calumnia,

298 1493 476 1554 quam
524 1470 660 1530 licet
696 1490 847 1551 saepe
886 1468 1031 1528 adeo
1079 1468 1407 1551 repulerint
1451 1471 1759 1552 scriptores
1803 1471 2102 1546 catholici,
2153 1473 2425 1532 nonnulli

295 1565 551 1628 haeretici
578 1577 638 1626 et
679 1564 1057 1625 rationalistae
1084 1585 1194 1624 sec.
1220 1567 1351 1624 XIX
1389 1587 1674 1626 renovare
1701 1588 1823 1625 non
1857 1567 2168 1643 desinunt,
2221 1591 2426 1650 quam·

296 1665 384 1724 vis
416 1684 547 1722 eam
582 1662 696 1744 ipsi
728 1661 1063 1720 doctrinam
1086 1682 1208 1719 non
1233 1661 1416 1720 semel
1445 1659 1724 1721 adversus
1750 1660 2075 1722 Catholicos
2096 1663 2159 1722 in
2195 1666 2424 1746 praxim

295 1758 650 1819 deduxerint
664 1757 783 1838 (3).

374 1854 519 1913 259.
550 1853 782 1913 Falsum
803 1863 1082 1936 praeterea
1106 1863 1216 1928 est,
1251 1852 1633 1913 Sacerdotum
1659 1851 1900 1912 arbitrio
1915 1855 2183 1935 permitti
2206 1856 2424 1917 relaxa-

293 1951 516 2010 tionem
551 1950 877 2028 jura'menti
909 1949 1232 2009 aliarumve
1269 1946 1725 2027 obligationum,
1767 1948 1813 2006 si
1854 1950 2181 2028 praesertim
2217 1962 2420 2030 agatur

294 2047 367 2107 de
395 2051 529 2126 jure
562 2045 743 2105 tertii.
786 2044 989 2118 Quoad
1020 2066 1115 2104 eas
1147 2066 1287 2107 vero
1326 2042 1708 2124 obligationes
1744 2064 1876 2125 quae
1916 2044 2136 2102 nullius
2172 2047 2268 2124 jus
2303 2047 2431 2106 vio-

291 2142 452 2216 lant,
495 2153 555 2201 et
577 2144 699 2201 Deo
722 2151 956 2200 tantum
980 2139 1183 2200 fideles
1214 2139 1624 2220 adstringunt,
1644 2144 1802 2218 justa
1824 2140 2225 2201 intercedente
2258 2163 2428 2204 causa

297 2240 465 2298 Rom.
503 2237 773 2297 Pontifex
793 2283 808 2312 .,
847 2247 946 2295 aut
975 2236 1251 2296 Praesules
1274 2237 1451 2297 etiam
1471 2281 1487 2311 ,
1512 2235 1814 2296 declarant
1833 2282 1849 2311 a
1885 2258 1980 2297 eas
2017 2260 2140 2297 non
2171 2237 2427 2319 obligare

292 2334 354 2393 in
385 2332 772 2415 peculiaribus
815 2332 1105 2411 adjunctis
1126 2378 1141 2407 ,
1184 2332 1248 2390 in
1286 2330 1496 2413 quibus
1537 2330 1813 2392 cederent
1848 2334 2272 2416 inperniciem
2295 2337 2427 2395 ani-

291 2451 552 2503 marum,
594 2450 729 2487 cum
762 2449 917 2510 saepe
958 2427 1262 2507 contingat
1303 2426 1621 2486 nonnullos
1661 2439 1880 2489 temere
1910 2441 2013 2488 aut
2035 2430 2418 2508 jurejurando

291 2537 393 2585 aut
426 2536 566 2587 voto
594 2546 655 2584 se
686 2523 1067 2609 obstringere.

371 2621 511 2681 260.
547 2620 908 2703 Corruptelae
932 2607 1101 2696 ver0‚'
1127 2641 1268 2702 quas
1301 2630 1631 2678 memorant
1657 2618 2009 2693 adversarii,
2054 2641 2124 2678 ex
2154 2640 2419 2702 praecon-

290 2718 471 2801 ceptis
528 2738 730 2777 eorum
786 2715 1159 2798 opinionibus
1207 2713 1398 2773 solum
1445 2714 1756 2789 oriuntur3
1825 2712 2097 2773 alludunt
2137 2717 2295 2776 enim
2341 2716 2418 2777 ad

359 2899 421 2963 (1)
459 2897 582 2947 Sess.
608 2913 690 2946 xrv
714 2934 727 2957 ,
758 2913 861 2962 cap.
888 2897 941 2959 4.

360 2981 427 3044 (2)
464 2981 519 3030 In
549 2990 683 3029 tract.
716 2977 797 3027 De
816 2976 1076 3027 Poenitent.
1106 2994 1211 3042 cap.
1245 2977 1274 3025 3
1298 3013 1313 3041 ,

291 3082 426 3131 prop.
444 3082 491 3121 1,
520 3082 610 3113 an.
647 3060 773 3121 125,
796 3072 912 3111 tom.
933 3072 1007 3120 vi,
1037 3078 1087 3125 p.
1109 3058 1210 3124 414
1234 3060 1317 3109 ubi

292 3148 424 3213 plura
451 3148 541 3196 alia
575 3147 873 3214 disjecimus,
920 3159 1023 3211 quae
1059 3143 1138 3191 hic
1162 3143 1315 3191 denuo

292 3229 433 3297 objici
464 3228 617 3277 solent
638 3264 654 3289 ‚
674 3238 717 3277 et
745 3245 880 3294 prop.
911 3234 999 3286 lil,
1034 3244 1060 3274 a
1093 3244 1146 3274 n.
1190 3222 1311 3286 166,

293 3323 337 3362 et
366 3332 417 3362 n.
447 3309 817 3377 174,not.(1)‚
849 3328 896 3376 p.
924 3306 1042 3373 436.

357 3394 429 3460 (3)
468 3394 580 3442 Haec
625 3394 761 3442 nobis
797 3402 1098 3460 protestantes
1154 3401 1198 3439 et
1242 3408 1315 3440 ra-

291 3475 533 3527 tionalistae
582 3475 639 3524 ad
666 3476 762 3524 haec
799 3495 944 3543 usque
982 3486 1187 3540 tempora
1231 3473 1316 3522 ob-

289 3563 513 3619 trudunt,
551 3559 657 3607 licet
684 3550 870 3607 nullum
922 3574 1132 3624 unquam
1169 3555 1309 3603 docu-

291 3653 506 3692 mentum
530 3678 542 3702 ‚
557 3657 649 3708 quo
671 3640 791 3688 hanc
806 3643 1144 3689 accusationem
1172 3639 1302 3686 evin-

288 3735 396 3773 cant
435 3724 550 3773 adeo
578 3732 805 3781 atrocem,
833 3721 1084 3786 proferant.
1130 3718 1302 3768 Contra

1399 2910 1506 2942 vero
1534 2911 1619 2942 nos
1645 2910 1703 2942 ex
1741 2893 1937 2958 publicis
1977 2895 2143 2956 factis,
2190 2912 2295 2962 quae
2341 2898 2415 2947 vel

1399 2978 1488 3026 hac
1522 2980 1617 3042 ipsa
1646 2987 1780 3025 aetate
1805 2988 1958 3027 nostra
1992 2982 2315 3044 contigerunt,
2342 2982 2412 3030 fa—

1399 3060 1484 3108 cile
1510 3062 1575 3108 eis
1607 3059 1845 3108 ostendere
1862 3078 2097 3125 possemus
2116 3097 2130 3122 ,
2159 3064 2332 3126 passim
2352 3062 2411 3111 ab

1400 3145 1509 3207 ipsis
1543 3141 1758 3190 violatam
1785 3141 1927 3190 fuisse
1964 3142 2105 3191 fidem
2147 3143 2332 3207 publice
2359 3162 2411 3194 ac

1400 3225 1663 3274 solemniter
1700 3222 1953 3271 Catholicis
2001 3224 2153 3272 datam
2202 3236 2246 3273 et
2276 3222 2406 3293 jura-

1402 3309 1547 3356 menti
1574 3307 1798 3372 religione
1822 3307 2074 3354 firmatam‚
2102 3307 2274 3356 Verum
2299 3325 2407 3357 cum

1398 3392 1455 3440 de
1479 3409 1527 3440 re
1551 3392 1691 3438 nimis
1711 3389 1865 3437 odiosa
1897 3400 2052 3454 agatur
2069 3428 2082 3450 ,
2118 3391 2241 3439 malo
2268 3408 2319 3440 ea
2344 3394 2406 3440 si-

1396 3473 1539 3522 lentio
1568 3473 1811 3538 praeterire.
1831 3470 2008 3522 Interea
2027 3473 2114 3522 cfr.
2130 3489 2232 3540 quae
2246 3475 2404 3538 scripsi

1392 3557 1442 3603 in
1461 3564 1590 3604 tract.
1621 3552 1700 3601 De
1714 3555 1927 3603 matrim.
1946 3554 2025 3603 ubi
2051 3557 2197 3620 agitur
2217 3552 2290 3604 De
2301 3571 2403 3602 ma-

1389 3636 1632 3686 trimoniis
1656 3635 1834 3683 mixtis.
