2514 4218
2098 176 2218 234 485

344 198 505 234 PART.
554 199 595 233 1.
644 196 793 235 SEcr.
839 197 903 233 11.
949 196 1077 235 GAP,
1119 195 1201 235 111.
1247 196 1314 233 DE
1359 195 1603 261 mmmm·
1647 194 1767 234 mn.
1821 195 1981 233 Pluu-

183 339 319 399 708.
371 338 483 399 Sed
529 337 738 396 falsum
782 349 1060 420 praeterea
1102 349 1189 398 est
1227 337 1619 419 principium,
1653 338 1744 396 cui
1769 337 2058 419 praedictae
2099 339 2220 398 ‹lis-

100 434 388 495 tinctionis
438 432 846 493 adinventores
882 429 1238 491 innituntur.
1279 432 1638 513 Principium
1688 433 1884 508 enim,
1944 433 2008 491 in
2062 433 2221 514 quod

102 539 499 611 superstructa
554 528 653 586 illa
714 527 1011 587 distinctio
1076 525 1409 601 incumbit,
1472 538 1561 586 est
1591 572 1608 601 7
1673 527 1831 608 quod
1892 531 2219 606 antiquum

100 623 360 683 Ecclesiae
401 627 496 701 jus
542 623 615 681 sit
657 644 893 704 prorsus
930 619 1330 695 immutabile,
1371 621 1451 679 ita
1491 631 1558 679 ut
1605 642 1825 680 novum
1859 626 1953 700 jus
1993 623 2215 681 censeri

99 717 308 778 debeat
352 717 677 798 corruptela
725 729 783 776 et
828 717 1161 798 usurpati0‚
1209 737 1278 774 ex
1333 714 1662 774 isidorianis
1713 715 2102 776 decretalibus
2152 727 2214 776 et

97 812 365 872 barbarie
407 813 687 894 profecta.
734 815 909 871 Porro
940 808 1223 890 ejusmodi
1254 811 1606 892 principium
1641 807 1998 894 falsum-cst3
2042 811 2217 892 siqui-

101 907 276 983 dem7
322 909 529 967 ceteris
572 908 795 967 omissis
819 954 835 982 .,
877 929 1009 966 cum
1043 908 1138 983 jus
1183 905 1663 979 ecclesiasticum,
1705 896 1776 965 eit
1821 928 1936 988 quo
1967 907 2215 988 patriar-

98 1003 278 1062 chalis
326 1013 385 1061 et
428 1001 852 1084 metropolitica
908 1001 1216 1060 auctoritas
1282 1000 1498 1080 prodiit
1524 1044 1541 1074 ‚
1606 1001 1679 1060 sit
1747 1001 2082 1061 mutationi*
2106 999 2214 1060 ob-

98 1098 339 1155 noxium
368 1142 384 1170 .,
421 1097 498 1155 ita
531 1119 638 1179 pro
663 1108 996 1179 temporum
1023 1117 1086 1153 ac
1116 1095 1377 1153 locorum
1409 1095 1721 1170 varietate,
1757 1095 2018 1158 Ecclesiae
2054 1095 2213 1155 bono

99 1190 161 1249 id
195 1203 578 1273 exposcente,
617 1201 810 1273 potest
846 1189 1087 1264 variari,
1134 1201 1198 1247 ut
1240 1211 1463 1249 novum
1506 1195 1602 1268 jus
1650 1212 1682 1250 a
1716 1190 1973 1271 legitima
2010 1202 2213 1252 aucto-

100 1287 272 1344 ritate
290 1285 697 1345 constituatur.
734 1285 1123 1365 Quapropter2
1157 1284 1263 1342 etsi
1289 1283 1527 1343 daretur
1547 1330 1562 1359 ,
1588 1286 1747 1366 quod
1772 1297 1972 1346 tamen
2000 1286 2210 1346 falsum

98 1391 217 1452 est,
251 1379 323 1439 ab
351 1378 676 1439 Isidorianis
701 1376 993 1438 mercibus
1021 1399 1239 1439 novam
1275 1379 1447 1438 fuisse
1482 1377 1852 1461 disciplinam
1880 1383 2174 1442 invectam
2192 1428 2207 1456 .,

98 1497 230 1535 cum
280 1476 402 1536 haec
437 1486 634 1534 tamen
683 1473 855 1552 longo
899 1474 1226 1534 seculorum
1268 1496 1376 1532 usu
1417 1473 1492 1533 ab
1548 1473 1793 1535 Ecclesia
1837 1488 2067 1557 recepta
2101 1478 2210 1552 sit,

98 1582 156 1631 et
184 1569 257 1629 ab
281 1568 651 1641 oecumenicis
680 1568 944 1627 Conciliis
977 1569 1320 1628 confirmata
1341 1613 1358 1646 ‚
1394 1569 1456 1627 in
1492 1570 1695 1649 primis
1724 1591 1863 1630 vero
1896 1592 1929 1628 a
1965 1571 2212 1631 Triden-

98 1667 257 1742 tino,
313 1687 485 1725 nemo
528 1664 741 1723 dixerit
781 1686 997 1726 novam
1043 1664 1197 1723 hanc
1236 1663 1604 1745 disciplinam
1650 1686 1774 1726 esse
1823 1667 2214 1748 corruptelam

96 1774 269 1844 atque
311 1761 747 1843 usurpationem
774 1761 882 1840 (l).
913 1762 987 1820 Ea
1017 1761 1236 1843 quippe
1260 1759 1635 1836 auctoritate,
1668 1782 1782 1842 qua
1819 1761 2042 1843 aliquid
2077 1785 2204 1821 san·

100 1858 280 1917 citum
324 1869 411 1916 est
438 1902 453 1931 .,
501 1855 706 1916 eadem
749 1866 985 1937 potest,
1030 1857 1200 1934 justis
1247 1854 1743 1915 intercedentibus
1790 1857 2008 1931 causis,
2057 1857 2214 1938 quod

99 1964 382 2013 statutum
417 1953 640 2027 fuerat,
677 1952 979 2011 immutari
1014 1952 1183 2034 eique
1223 1950 1506 2032 derogari.

181 2049 217 2108 7
225 2047 324 2107 09.
377 2049 587 2108 Verum
620 2093 635 2122 ,
699 2047 856 2130 quod
917 2046 1173 2108 secu-ndo
1229 2045 1356 2106 loco
1416 2047 1823 2128 proposuimus
1857 2092 1873 2122 .‚
1939 2047 2214 2130 praedicta

102 2313 293 2363 Isidoro
307 2314 515 2362 severius
525 2321 898 2378 conqueruntur,
912 2313 1116 2379 perinde

105 2411 166 2453 ao
192 2396 238 2464 si
262 2396 367 2459 ejus
396 2395 677 2460 imposturis
703 2393 962 2460 disciplina
987 2404 1119 2443 vetus

104 2475 281 2524 abolita
301 2514 314 2536 ‚
363 2484 407 2523 et
442 2491 566 2523 nova
600 2475 755 2539 fuerit
783 2475 1118 2525 introducta...

98 2559 382 2624 perturbata
413 2555 762 2623 Episcoporum
784 2567 828 2605 et
839 2560 1119 2623 provincia-

104 2639 226 2688 lium
262 2638 587 2688 Conciliorum
606 2641 764 2704 J‘uru,
800 2639 1015 2687 sublatas
1031 2641 1119 2705 ju-

105 2723 343 2771 diciorum
376 2722 526 2787 kqes,
567 2721 756 2787 aliaque
785 2724 858 2769 rei
896 2722 1117 2770 ecclesia-

106 2808 237 2855 sticae
256 2807 437 2853 damna
449 2804 587 2852 illata
612 2806 784 2869 fuisse.
813 2803 933 2854 Hoec
962 2814 1119 2853 autem

105 2905 240 2936 novoe
271 2883 612 2935 et'immutatoe
655 2885 927 2951 disciplinae
965 2904 1120 2954 repre-

108 2970 272 3018 hensio
292 2987 437 3034 quam
458 2970 624 3016 minus
642 2986 780 3033 oequa
807 2970 902 3029 sit,
922 2971 1121 3034 quisque

106 3050 252 3114 facile
272 3050 499 3116 iutelliqet
513 3088 525 3111 ‚
549 3053 596 3099 si
620 3050 715 3099 duo
737 3050 1118 3111 animadvertat,

112 3132 346 3179 nimirum
371 3133 595 3199 pleraque
607 3133 791 3199 pseudo
812 3130 1121 3198 epistolarum

117 3213 301 3260 Isidori
353 3223 571 3281 excerpta
626 3231 723 3262 esse
771 3231 829 3261 ex
876 3215 1122 3262 sententiis

113 3290 211 3342 SS.
244 3294 446 3342 Petrum
463 3331 479 3356 ‚
512 3313 570 3343 em
598 3298 799 3345 sinceris
822 3297 1119 3344 constitutio-

113 3376 259 3423 nibus
285 3392 400 3422 rom.
421 3370 716 3440 Pontificum
730 3386 840 3443 post
853 3376 1091 3425 Siricium
1106 3415 1120 3436 ‚

113 3472 171 3504 em
195 3456 459 3504 canonibus
493 3456 819 3507 Consiliorum
835 3495 850 3519 ,
890 3476 946 3506 ac
973 3476 1031 3506 ea:
1050 3476 1125 3506 ro-

117 3540 280 3585 manis
309 3537 519 3603 leqibu33
557 3556 663 3603 quw
693 3556 806 3588 sane
828 3543 952 3591 novi,
957 3543 1121 3606 juris,

119 3634 341 3684 novoeque
371 3620 644 3686 disciplinas
667 3637 766 3669 non
790 3631 904 3670 sunt
925 3640 944 3683 ,-
974 3632 1124 3671 cetera

119 3717 226 3749 vero
256 3719 359 3749 eam
395 3701 702 3768 disciplinam
732 3701 1012 3769 plerumque
1044 3720 1124 3752 ea:-

1200 2313 1392 2374 hibere‚
1434 2331 1541 2378 quae
1584 2313 1661 2362 vel
1684 2315 1888 2380 jczmdiu
1930 2314 2215 2373 inoleverat&

1200 2394 1386 2461 veljam
1405 2406 1519 2444 aute
1538 2395 1784 2460 aliquanto
1803 2396 1982 2454 induci
1995 2406 2215 2461 coeperat.

1201 2477 1480 2543 Impostura
1498 2486 1659 2526 autem
1678 2480 1734 2527 in
1761 2495 1812 2526 eo
1839 2480 1934 2526 sita
1963 2487 2057 2536 est,
2091 2478 2219 2543 quod

1202 2555 1396 2608 Pseudo
1413 2558 1638 2608 Isidorus
1658 2576 1739 2608 eas
1758 2562 2019 2609 sententias
2047 2561 2111 2608 iis
2127 2577 2219 2609 au-

1201 2641 1408 2689 ctoribus
1425 2643 1722 2706 imposuerit,
1741 2659 1940 2707 quorum
1962 2658 2061 2690 non
2081 2652 2220 2700 suut,

1202 2730 1247 2770 et
1281 2724 1564 2788 posterioris
1604 2727 1700 2772 aevi
1740 2723 2051 2789 disciplinam
2092 2726 2223 2772 anti-

1200 2805 1453 2869 quioribus
1485 2801 1802 2868 Pontificibus
1821 2805 2052 2870 affixerit,
2081 2806 2224 2870 quasi

1195 2889 1448 2953 prioribus
1478 2887 1712 2939 Ecclesioe
1745 2887 1936 2936 saeculis
1975 2905 2118 2953 aeque.
2142 2891 2218 2936 vi·

1201 2972 1396 3034 quisset.
1425 2968 1529 3019 Cfr.
1559 2970 1646 3019 loc.
1674 2972 1755 3019 cit.
1777 2988 1880 3035 pag.
1899 2985 2015 3017 221.
2034 2969 2215 3019 Ibidem

1205 3068 1310 3099 vero
1338 3051 1606 3112 ostendunt,
1627 3053 1915 3117 propositum
1943 3051 2083 3118 hujus
2118 3051 2214 3100 col-

1203 3132 1382 3181 lectoris
1429 3133 1554 3180 haud
1600 3133 1741 3182 fuisse
1785 3130 1920 3182 Sedis
1960 3132 2219 3197 apostolicae

1201 3217 1304 3280 jura
1335 3215 1642 3280 amplificare.
1676 3213 1775 3264 Cfr.
1806 3217 1947 3263 etiam
1976 3210 2217 3272 Zacoaria,
2260 3234 2270 3243 =

1205 3298 1254 3344 in
1292 3295 1632 3361 Antifhbronio
1675 3295 1949 3356 vindicato,
1987 3306 2104 3361 part.
2139 3312 2218 3353 iv,

1207 3376 1315 3427 diss.
1343 3395 1389 3426 1x
1408 3415 1423 3438 ‚
1458 3395 1560 3442 cap.
1592 3374 1644 3440 4.

1279 3458 1344 3522 (l)
1383 3457 1485 3507 Cfr.
1510 3458 1727 3507 Ballerin.
1770 3460 1820 3506 in
1853 3476 1932 3523 op.
1968 3454 2024 3503 V
2018 3454 2219 3504 indioioe

1208 3541 1509 3588 auctoritatis
1561 3539 1831 3607 pontificia»
1891 3547 2056 3587 contra
2104 3553 2223 3603 opus

1210 3619 1401 3673 Justin.
1428 3620 1695 3683 Febrom'i,
1729 3638 1833 3687 cap.
1864 3618 1894 3669 5
1912 3657 1925 3679 ,
1953 3618 1981 3686 ᾗ
2010 3617 2058 3668 3'.
