2514 4218
263 203 344 261 22
871 227 1066 264 raam.
1113 228 1179 262 ns
1224 226 1374 262 roms
1418 228 1790 266 rneorocims.

268 366 650 446 Evangelistae
670 412 686 443 .,
707 368 769 426 in
791 367 948 427 idem
977 366 1284 427 consilium
1307 370 1712 447 convenerint,
1738 371 1813 430 ad
1835 392 2142 454 personam
2174 371 2389 431 scilicet

267 461 714 542 contingendam
732 485 803 524 ex
821 474 1105 545 conceptu
1123 461 1297 522 ideali
1318 508 1333 537 7
1372 472 1433 521 et
1460 460 1535 520 ad
1557 461 1881 527 doctrinam
1909 466 2053 526 adeo
2078 466 2392 526 sublimem

262 558 783 641 promulgandam,
830 558 1016 641 qualis
1056 560 1120 616 in
1159 557 1472 638 Evangelio
1503 558 1769 620 traditur.
1813 563 2152 622 Inventores
2192 563 2389 638 enim,

266 666 333 713 ut
370 653 627 736 loquitur
668 656 961 713 Rousseau
991 698 1006 725 a
1055 655 1488 735 praestantiores
1538 665 1731 713 essent
1769 655 1942 716 heroe
1981 680 2015 716 a
2058 679 2119 717 se
2160 658 2396 738 excogi-

266 761 390 809 tato
427 751 534 829 (l).
586 749 673 810 Ad
708 750 867 822 haec,
907 750 954 807 si
998 749 1296 809 addantur
1334 750 1687 810 documenta
1737 752 1931 811 omnia
1960 752 2293 831 judaeorum
2335 765 2395 813 et

266 834 644 928 profanorum
687 845 1039 926 scriptorum
1076 846 1165 925 (2)
1188 891 1203 919 ‚
1242 846 1458 928 scripta
1499 846 1710 905 itidem
1749 847 2084 930 apocrypha
2107 848 2397 929 antiquis-

269 944 418 1002 sima
448 939 734 1023 Apostolis
756 940 875 1001 fere
902 961 1095 1001 coaeva
1117 941 1207 1023 (3)
1228 986 1244 1015 ‚
1277 941 1515 1001 effectus
1535 964 1741 1002 omnes
1758 987 1773 1014 ,
1797 942 1899 1023 qui
1932 942 2057 1002 sine
2084 942 2397 1003 existentia

271 1038 413 1099 reali
449 1048 510 1097 et
546 1036 816 1096 historica
837 1082 853 1109 .
894 1060 927 1097 a
949 1059 1064 1119 qua
1098 1036 1411 1096 dimanant
1432 1087 1447 1116 a
1486 1036 1650 1096 nulla
1681 1039 1906 1097 ratione
1939 1035 2189 1098 obtineri
2225 1048 2398 1120 pote-³

270 1145 406 1193 rant
430 1178 445 1208 ‚
490 1132 665 1215 plena
708 1132 854 1192 adeo
888 1155 953 1192 ac
979 1132 1220 1193 evidens
1251 1132 1404 1192 illius
1440 1132 1728 1193 certitudo
1762 1133 1988 1212 exurgit
2009 1178 2024 1207 a
2055 1143 2122 1191 ut
2146 1132 2242 1194 vel
2269 1133 2400 1192 his-

271 1231 437 1289 toriae
461 1249 664 1288 omnes
690 1228 1014 1306 rejiciendae
1039 1229 1187 1305 sint,
1211 1240 1268 1288 et
1291 1229 1601 1289 existentia
1624 1228 1939 1290 Alexandri
1961 1274 1976 1302 ‚
2002 1231 2036 1288 J
2042 1227 2145 1287 ulii
2168 1228 2402 1290 Caesazis

273 1325 634 1406 aliorumque
660 1325 946 1403 ejusmodi
972 1346 1338 1384 summorum
1366 1325 1630 1384 virorum
1663 1325 1738 1383 sit
1774 1346 2009 1405 prorsus
2035 1322 2399 1383 eliminanda

280 1432 457 1502 atque
487 1419 563 1478 ad
586 1419 746 1479 ideas
773 1419 1118 1500 symbolicas
1149 1420 1477 1480 revocanda
1502 1466 1518 1495 ,
1560 1420 1658 1482 vel
1682 1422 2035 1494 necessario,
2071 1422 2188 1480 imo
2224 1419 2406 1499 magis

280 1514 496 1575 Christi
528 1517 668 1574 Jesu
703 1514 872 1575 realis
908 1537 1008 1574 seu
1036 1515 1307 1574 historica
1342 1515 1651 1578 ¹existentia
1679 1516 1910 1579 admitti
1940 1514 2186 1590 debeat3
2222 1536 2407 1597 quum

280 1609 496 1669 nullius
512 1632 583 1670 ex
608 1609 720 1668 illis
737 1608 1011 1681 heroibus
1039 1611 1345 1670 existentia
1370 1610 1515 1671 adeo
1546 1611 1818 1679 foecunda
1847 1611 2023 1672 fuerit
2050 1622 2406 1683 eventuum,

278 1707 377 1789 qui
403 1705 675 1764 cumillis
700 1704 1080 1785 colligantur,
1112 1705 1199 1763 uti
1233 1718 1322 1764 est
1353 1706 1662 1766 existentia
1696 1706 1912 1766 Christi
1942 1706 2054 1785 (4).

357 1802 455 1861 38.
501 1801 591 1863 Ad
628 1801 746 1874 3¹1²,
785 1801 937 1881 Nes).
973 1803 1043 1860 Et
1067 1801 1179 1860 hoc
1216 1802 1376 1860 enim
1414 1813 1818 1865 commentum
1854 1823 1985 1861 sero
2021 1805 2411 1884 excogitatum

272 1909 359 1957 est
391 1920 421 1956 a
450 1896 827 1956 rationalistis
853 1896 1075 1977 absque
1097 1895 1219 1954 ullo
1242 1895 1523 1956 historico
1553 1896 1940 1957 fundamento
1956 1943 1972 1972 ‚
1998 1897 2101 1957 sed
2122 1919 2229 1980 per
2249 1898 2412 1979 inep-

276 2003 364 2052 tas
395 1996 761 2070 conjecturas
793 1990 1128 2050 deductum.
1182 1992 1248 2050 In
1278 1991 1523 2050 istorum
1572 1992 1731 2051 enim
1773 2003 2090 2073 systemate
2128 1991 2411 2071 ejusmodi

347 2185 413 2249 (l)
452 2183 528 2233 Sic
562 2187 687 2231 enim
714 2184 872 2232 scribit
907 2185 957 2231 in
995 2183 1180 2231 AEmilio
1208 2201 1220 2231 :
1247 2182 1301 2232 Il
1383 2182 1479 2248 245
1501 2220 1514 2245 ,
1540 2185 1720 2251 jamdiu
1750 2184 2162 2234 animadvertimus
2182 2217 2198 2244 ‚
2225 2184 2397 2234 Christi

276 2268 425 2315 serait
435 2265 550 2332 plus
583 2265 920 2314 inconcevable
942 2283 1032 2330 que
1051 2264 1301 2331 plusieurs
1382 2271 1611 2333 praecipua
1641 2277 1765 2332 gesta
1787 2304 1799 2325 ‚
1819 2269 1914 2315 imo
1941 2277 1986 2316 et
2013 2267 2243 2316 miracula
2259 2272 2363 2315 tum
2380 2284 2407 2317 a

277 2348 485 2396 hommes
523 2346 745 2396 d'aceord
779 2355 971 2395 eussent
1011 2352 1224 2412 compo-se
1251 2363 1303 2395 ce
1379 2351 1544 2413 judaeis
1566 2359 1667 2398 tum
1688 2349 1746 2397 ab
1776 2337 1975 2397 ethnicis
2006 2348 2409 2414 impugnatoribus

274 2429 396 2478 livre
414 2464 428 2492 ‚
458 2428 581 2494 qu’il
610 2446 670 2477 oze
702 2428 803 2476 l’est
831 2429 983 2492 qu'tm
1011 2427 1117 2475 seul
1138 2445 1200 2476 en
1232 2430 1304 2475 ait
1387 2430 1653 2480 christianae
1675 2431 1907 2495 religionis
1924 2432 2107 2481 admitti
2134 2430 2288 2497 quoad
2303 2447 2409 2495 par-

272 2511 444 2575 fimrm'
483 2509 526 2558 le
571 2511 758 2575 sry'et...
804 2508 1113 2574 L'Evanqile
1155 2527 1187 2558 a
1224 2509 1311 2556 des
1388 2523 1482 2562 tem
1523 2514 1805 2561 historicam.

1461 2595 1527 2657 (3)
1566 2595 1664 2644 Cfr.
1713 2594 1889 2643 Codex.
1938 2592 2241 2659 Apocryphi.
2281 2591 2415 2642 Novi

1398 2678 1691 2723 Testamenti
1721 2693 1829 2723 cum
1876 2676 2140 2739 praefatione
2188 2676 2409 2725 Fabricii.

278 2599 541 2646 caracteres
563 2599 610 2644 si
623 2596 971 2662 parfaitement
992 2595 1306 2655 inimitables‚

280 2697 369 2744 que
409 2677 701 2726 l'inventeur
729 2694 789 2724 en
822 2678 970 2724 serait
999 2675 1116 2741 plus
1149 2676 1311 2740 grand

279 2779 368 2827 que
395 2760 436 2810 le
459 2760 615 2810 heros.
653 2761 892 2824 Integrum
920 2757 1016 2822 ejus
1042 2770 1217 2808 textum
1230 2777 1309 2808 ex-

284 2845 523 2893 hibuimus
539 2846 588 2892 in
600 2853 732 2891 tract.
749 2840 941 2891 Devera
959 2841 1097 2906 reliq.
1121 2853 1239 2906 part.
1266 2858 1282 2889 1
1296 2879 1310 2900 ‚

282 2944 384 2992 cap.
402 2928 451 2987 3,
469 2944 603 2992 prop.
624 2943 679 2987 11,
698 2935 852 2985 tom.1,
872 2943 968 2990 pag.
982 2924 1091 2983 131,
1108 2935 1204 2972 not.
1223 2924 1311 2987 (2).

287 3009 371 3056 His
409 3009 558 3070 adde,
597 3024 702 3074 quae
744 3025 798 3056 ex
833 3006 938 3071 Hug
967 3007 1140 3072 profert
1170 3005 1317 3054 Celle-

285 3094 374 3140 rier
391 3127 406 3151 ‚
438 3109 519 3156 op.
537 3093 618 3139 cit.
642 3089 694 3138 E
696 3091 800 3137 θεαί
814 3088 959 3136 d'une
977 3087 1317 3138 introduc-tion

283 3175 485 3239 critique
512 3191 579 3222 au
612 3173 848 3222 Nowveau
892 3171 1178 3220 Testament
1195 3210 1208 3231 ‚
1228 3171 1318 3219 Ge-

284 3257 404 3306 neve
450 3254 606 3316 1823,
653 3266 763 3304 sect.
796 3273 842 3312 1,
883 3253 965 3303 De
1007 3253 1225 3320 l'epoque
1255 3253 1318 3302 οἰι

282 3338 347 3388 les
371 3339 512 3387 liores
545 3339 611 3385 du
657 3338 894 3387 Nouveaw
927 3336 971 3388 T
968 3346 1204 3386 estament
1236 3347 1317 3386 ont

289 3428 355 3470 ete
380 3425 523 3470 ἐσήιε
551 3431 594 3469 et
621 3421 679 3468 de
710 3420 817 3468 leur
845 3421 1186 3480 authenticae,
1216 3420 1242 3487 S
1269 3435 1314 3481 1,

290 3502 487 3554 Indices
527 3506 772 3562 internos,
811 3514 902 3552 etc.
941 3516 984 3552 et
1026 3506 1199 3552 section
1244 3521 1307 3561 n,

293 3587 569 3636 Credibile&
590 3586 669 3634 des
688 3587 830 3634 ἐσήιε
845 3586 913 3633 du
928 3586 1164 3636 Nouveau
1197 3586 1315 3633 Tes-

292 3680 487 3719 tament.

357 3754 425 3816 (⁶2)
465 3754 523 3801 In
543 3752 704 3802 eodem
739 3763 871 3800 tract.
898 3752 998 3800 loco
1023 3755 1183 3812 citato,
1209 3769 1310 3816 pag.

1462 2759 1527 2822 (h)
1561 2758 1667 2806 Jam
1695 2761 1936 2806 innuimus
1959 2795 1977 2820 ‚
2006 2759 2288 2808 Straussium
2317 2778 2414 2809 non

1396 2841 1604 2889 absolute
1635 2858 1802 2906 negare
1843 2844 2156 2906 existentiam.
2182 2843 2415 2892 individui

1396 2921 1424 2972 J
1430 2940 1509 2971 esu
1530 2922 1787 2988 nuncupati
1809 2962 1822 2984 ,
1843 2924 1923 2972 sed
1956 2925 2107 2973 solum
2126 2929 2415 2975 existentiam

1405 3005 1608 3067 Christi,
1628 3016 1765 3071 prout
1781 3025 1806 3054 a
1829 3009 2130 3072 scriptoribus
2158 3010 2298 3057 sacris
2313 3026 2414 3075 per-

1399 3088 1588 3137 hibetur
1613 3089 1765 3154 quoad
1790 3091 1890 3155 ejus
1919 3093 2271 3156 conceptionem
2287 3128 2300 3150 ,
2333 3108 2409 3138 or-

1400 3183 1499 3220 tum
1515 3211 1531 3232 ,
1552 3172 1826 3234 inffinfiamf,
1851 3168 2107 3221 doctrinam
2126 3210 2140 3233 ,
2169 3172 2408 3234 miracula,

1402 3257 1779 3303 resurrectionem
1804 3292 1817 3314 s
1835 3258 2167 3313 ascensionem,
2186 3272 2289 3321 quae
2309 3273 2414 3320 par-

1403 3339 1484 3384 tim
1519 3338 1706 3402 exponit
1735 3337 1792 3384 de
1834 3337 1993 3403 mytho
2037 3337 2240 3403 quodam
2266 3337 2411 3386 histo-

1402 3422 1496 3467 rico
1519 3457 1532 3478 ‚
1556 3422 1720 3484 partim
1747 3419 1804 3467 de
1823 3420 1980 3485 mytho
2006 3422 2183 3484 poetico
2199 3457 2213 3481 ,
2243 3423 2412 3486 partim

1402 3506 1458 3553 (le
1491 3504 1654 3567 mytho
1680 3504 2048 3552 mixtoinvectis
2075 3522 2100 3551 a
2132 3507 2266 3569 genio
2286 3503 2411 3552 illius

1402 3589 1567 3652 gentis,
1590 3587 1648 3634 ad
1663 3603 1803 3652 quam
1823 3586 2076 3651 pertinebat
2099 3624 2112 3647 ,
2144 3598 2189 3635 et
2207 3601 2412 3653 praecon-

1402 3672 1541 3734 ceptis
1563 3666 1861 3734 opinionibus
1900 3669 2172 3718 asseclarum
2199 3707 2212 3729 ‚
2243 3685 2296 3717 ex
2321 3677 2413 3716 tra-

1400 3752 1572 3801 ditione
1602 3751 1821 3816 mythico.
