2514 4218
296 133 415 193 486
910 150 1108 188 ruer.
1159 151 1227 186 mi
1271 148 1421 188 mels
1464 150 1843 188 THEOLOGIGIS.

295 295 590 357 distinctio
635 294 985 355 adversatur
1035 294 1277 375 insuper
1322 303 1551 352 naturae
1592 293 1878 374 primatus
1923 292 2207 354 divinitus
2258 297 2429 357 Petro

294 397 532 472 ejusque
558 389 981 450 successoribus
1004 387 1220 448 collati.
1259 388 1492 446 Etenim
1518 433 1532 462 ,
1581 388 1668 446 uti
1706 387 2068 448 ostendimus
2090 435 2106 465 ‚
2143 390 2431 471 primatus

294 486 576 569 pontificii
618 497 827 544 natura
878 485 941 542 in
984 506 1052 544 eo
1088 483 1277 565 posita
1329 476 1455 555 est,
1502 493 1568 541 ut
1612 484 1687 541 sit
1731 484 2042 544 auctoritas
2081 486 2431 568 Episcopalis

295 604 471 665 super
514 582 854 641 universam
900 579 1248 651 Ecclesiam3
1297 599 1677 661 quaecumque
1721 589 2029 660 propterea
2049 616 2069 654 -,
2129 594 2430 643 annuente

294 700 442 737 rom.
481 677 759 736 Pontifice
781 722 797 747 ,
845 675 992 734 circa
1037 675 1300 756 regimen
1332 673 1593 734 Ecclesiae
1622 685 1681 733 et
1706 674 2076 757 disciplinam
2105 680 2429 760 antiquitus

295 772 391 833 vel
432 782 659 830 servata
702 770 797 830 vel
844 771 1159 829 constituta
1204 781 1378 844 sunt„
1429 770 1561 851 quia
1610 766 1689 827 ita
1731 770 1998 829 ferebant
2048 771 2203 831 illius
2243 775 2429 834 aetatis

295 867 567 946 adjuncta
595 912 612 940 7
655 866 812 926 hisce
845 866 1208 940 immutatis,
1252 877 1427 947 atque
1470 867 1549 923 ita
1593 865 1877 926 suadente
1928 867 2192 927 Ecclesiae
2237 868 2426 939 bono,

294 975 615 1046 potuerunt
647 985 678 1021 a
716 985 866 1022 rom.
918 961 1294 1021 Pontificibus
1336 963 1393 1021 vi
1430 962 1651 1043 proprii
1689 963 1977 1044 primatus
2013 964 2333 1025 immutari.
2364 966 2430 1027 Id

294 1059 539 1118 inficiari
574 1057 820 1141 perinde
857 1069 1008 1121 esset
1047 1079 1112 1116 ac
1153 1057 1329 1140 plane
1364 1058 1688 1139 primatum
1725 1058 1920 1140 ipsum
1959 1059 2242 1120 divinitus
2270 1061 2434 1121 insti-

296 1165 491 1213 tutum
531 1164 816 1213 evertere.
861 1155 1151 1212 Primatus
1192 1155 1348 1212 enim
1391 1174 1525 1211 cum
1559 1175 1681 1210 non
1728 1155 1804 1212 sit
1859 1154 2050 1213 solum
2093 1155 2331 1215 honoris
2373 1170 2433 1217 et

297 1248 599 1326 cujusdam
651 1248 1115 1331 praeeminentiae
1149 1294 1164 1317 ,
1230 1248 1332 1306 sed
1389 1269 1542 1309 verae
1592 1249 2011 1326 jurisdictionis
2041 1296 2058 1325 ‚
2121 1253 2431 1313 auctoritas

296 1365 512 1426 nempe
545 1366 678 1403 cum
702 1343 877 1426 plena
905 1355 1198 1425 potestate
1226 1365 1291 1402 ea
1322 1343 1619 1404 statuendi
1652 1366 1781 1426 quae
1809 1346 1882 1403 ad
1911 1346 2173 1408 Ecclesiae
2208 1346 2434 1407 bonum

295 1452 356 1499 et
405 1441 854 1501 aedificationem
893 1441 1157 1500 conferre
1198 1453 1482 1522 possunt,
1526 1452 1691 1523 patet
1728 1463 1801 1501 ex
1837 1443 2099 1520 ejusdem
2142 1445 2434 1526 primatus

295 1547 505 1595 natura
549 1558 615 1595 ac
662 1537 757 1610 vi,
790 1541 922 1614 jura
970 1538 1200 1610 omnia,
1258 1557 1388 1617 quae
1429 1537 1481 1595 ei
1529 1535 1756 1596 adnexa
1802 1550 1976 1612 sunt,
2031 1562 2137 1620 pro
2185 1540 2435 1602 diversis

295 1630 661 1710 temporibus
692 1631 921 1692 diversa
948 1653 1113 1712 posse
1144 1631 1370 1690 ratione
1397 1632 1670 1691 exerceri.
1709 1633 1796 1691 Ex
1837 1632 1946 1693 hae
1975 1647 2172 1695 autem
2202 1637 2434 1698 diversa

294 1727 561 1802 ratione,
600 1749 713 1808 qua
760 1749 867 1809 pro
920 1728 1363 1809 opportunitate
1409 1727 1652 1789 diversis
1701 1730 2069 1813 temporibus
2124 1734 2434 1795 Pontifices

286 1826 417 1900 jura
464 1822 561 1881 illa
605 1835 1022 1897 exercuerunt,
1062 1823 1226 1883 nullo
1267 1823 1443 1884 modo
1476 1825 1678 1884 inferri
1716 1826 1855 1886 licet·
1890 1828 2121 1889 invecta
2168 1829 2266 1889 illa
2312 1830 2434 1890 dis·

295 1919 536 1993 tinctio7
568 1920 648 1978 ita
680 1930 747 1977 ut
781 1918 892 1977 alia
934 1918 1049 1979 dici
1084 1919 1340 1980 debeant
1373 1925 1506 1999 jura
1550 1922 1916 1999 essentialia,
1958 1924 2068 1983 alia
2101 1947 2244 1986 vero
2283 1928 2434 1985 acei-

295 2012 551 2072 dentalia
600 2025 701 2072 aut
751 2015 1096 2091 accessoria,
1150 2036 1285 2075 cum
1334 2017 1529 2075 omnia
1576 2039 1813 2099 prorsus
1871 2040 1944 2078 ex
1998 2019 2205 2079 eadem
2248 2020 2434 2082 divini

295 2109 582 2189 primatus
620 2120 828 2168 natura
862 2108 1189 2170 dimanent.
1225 2113 1363 2171 Haec
1407 2114 1658 2194 proinde
1698 2113 1999 2174 distinctio
2043 2128 2272 2177 naturae
2307 2120 2431 2200 pri·

293 2214 485 2261 matus
521 2205 692 2262 Petro
725 2209 962 2286 ejusque
1005 2206 1430 2266 successoribus
1472 2208 1758 2269 divinitus
1799 2210 1995 2270 collati
2042 2213 2287 2273 omnino
2323 2212 2432 2274 ad-

291 2311 558 2359 versatur
590 2300 701 2379 (l).

373 2394 513 2454 710.
561 2395 730 2468 Quod
766 2395 1007 2455 demum
1046 2396 1252 2457 eadem
1290 2397 1588 2464 distinctio
1619 2401 1917 2482 incognita
1954 2402 2129 2463 fuerit
2164 2405 2276 2464 toti
2311 2427 2428 2464 an-

293 2488 573 2571 aquitan,
599 2489 835 2551 abunde
860 2488 1326 2575 deprehenditur
1349 2505 1477 2554 tum
1501 2517 1572 2554 ex
1597 2518 1687 2569 e0,
1718 2498 1878 2579 quod
1904 2510 2041 2559 ante
2057 2499 2429 2579 Febronium,

288 2586 390 2667 qui
431 2607 559 2644 eam
596 2586 821 2668 primus
860 2588 1124 2664 invexit,
1172 2601 1274 2649 aut
1317 2591 1363 2649 si
1404 2590 1635 2671 placet,
1685 2604 1823 2653 ante
1864 2596 2126 2655 Marcum
2171 2597 2308 2657 Ant.
2347 2598 2423 2658 de

287 2682 551 2740 Dominis
578 2727 594 2755 ‚
635 2684 961 2761 Launojum
996 2696 1055 2744 et
1096 2685 1470 2761 Richerium‚
1510 2709 1654 2769 quos
1693 2688 2011 2750 Febronius
2051 2703 2154 2751 aut
2193 2704 2421 2753 secutus
2485 2719 2487 2722 ’

288 2787 377 2836 est
419 2788 520 2836 aut
547 2778 883 2861 exscripsit,
924 2780 1197 2863 nuspiam
1231 2779 1384 2841 illius
1415 2783 1658 2863 vestigia
1699 2799 2042 2862 occurrant3
2077 2800 2206 2848 tum
2237 2791 2419 2850 etiam

355 3009 418 3072 (l)
438 3009 504 3058 Ex
521 3010 592 3059 his
606 3012 742 3077 plane
755 3013 1001 3078 colligitur,
1020 3014 1148 3063 haud
1164 3015 1311 3064 feren·
1396 3020 1664 3067 tinctionem
1680 3020 1991 3079 adsciverunt,
2010 3037 2104 3068 non
2118 3020 2241 3069 malo
2257 3025 2412 3072 animo

284 3089 391 3137 dam
432 3110 525 3140 esse
547 3095 774 3158 ejusmodi
805 3095 1145 3146 distinctionem
1160 3136 1174 3158 ‚
1206 3115 1309 3166 quae
1394 3102 1472 3150 aut
1491 3120 1628 3167 prava
1648 3105 1904 3151 intentione
1921 3103 2049 3150 ducti
2067 3103 2114 3151 id
2132 3107 2408 3168 praestitere,

279 3173 374 3238 jam
406 3174 577 3238 passim
597 3177 655 3224 ab
675 3188 809 3226 aetate
835 3178 1053 3227 Febronii
1076 3182 1125 3228 in
1161 3182 1302 3230 seho-
1389 3185 1486 3232 imo
1512 3195 1669 3250 aperte
1700 3187 1976 3249 impugnant
2001 3185 2282 3234 Febronium
2314 3192 2408 3253 pri·-

282 3255 338 3302 lis
366 3260 639 3320 germanicis
667 3261 959 3325 percrebuit,
990 3261 1110 3312 adeo
1144 3274 1196 3312 ut
1222 3268 1296 3315 vix
1388 3283 1520 3314 mum
1550 3270 1649 3334 ejus
1676 3269 1992 3326 inventorem,
2015 3268 2095 3316 sed
2114 3287 2287 3319 morem
2306 3289 2405 3335 ges-

281 3342 479 3402 reperire
511 3342 570 3388 sit
603 3342 803 3407 aliquem
827 3343 940 3408 juris
971 3349 1183 3395 canonici
1202 3358 1295 3396 tra·
1377 3355 1541 3399 serunt
1582 3351 1686 3397 usui
1735 3352 1831 3415 jam
1861 3352 1911 3397 in
1947 3347 2198 3400 Germania
2225 3353 2404 3403 invale-

278 3429 520 3483 ctatorem‚
541 3426 621 3488 qui
641 3441 741 3472 eam
755 3444 849 3474 non
870 3430 1182 3493 adoptaverit,
1200 3432 1295 3479 imo
1378 3434 1541 3480 scenti.
1567 3430 1846 3480 Adversariis
1874 3431 1923 3483 S.
1950 3432 2079 3483 Sedis
2103 3439 2210 3484 satis
2239 3447 2324 3496 est,
2350 3447 2401 3485 ut

279 3507 489 3564 auxerit,
510 3515 649 3572 atque
670 3507 860 3557 ulterius
880 3514 1017 3559 etiam
1036 3529 1295 3577 progressus
1378 3530 1430 3563 ea
1457 3514 1600 3563 semel
1627 3515 1922 3582 admittatur3
1949 3535 1974 3565 a
2003 3534 2050 3567 se
2067 3518 2233 3568 deinde
2252 3530 2397 3568 cetera

280 3586 367 3642 sit,
406 3589 470 3635 uti
504 3606 558 3636 ex
596 3589 806 3637 dicendis
840 3593 1034 3656 patebit.
1068 3594 1294 3644 Nonnulli
1376 3606 1586 3645 sumunt.

276 3676 428 3717 tamen
461 3688 517 3719 ex
547 3674 629 3732 iis,
656 3675 735 3740 qui
752 3676 939 3724 incaute
958 3678 1183 3742 ejusmodi
1203 3679 1295 3727 dis-

165 3781 183 3803 Ο
