2514 4218
251 167 370 229 250
845 185 1042 224 mser.
1091 184 1159 219 mi
1202 182 1356 220 noeis
1401 185 1786 227 rnnonoclcis.

252 335 371 395 Nec
412 330 592 392 aliter
652 328 896 413 exponit
940 327 1101 386 hunc
1141 322 1337 383 locum
1382 325 1631 386 Kuinoel
1684 329 1820 410 (1),
1881 341 2056 414 atque
2106 330 2382 394 Calvinus

248 431 372 513 ipse
409 428 521 509 (2).

331 524 474 585 375.
524 522 614 584 Ad
650 525 772 596 2¹¹²
814 519 973 598 Ney.
1004 516 1269 576 Christus
1297 518 1456 576 enim
1486 515 1746 598 loquitur
1773 519 1846 580 de
1885 523 2131 584 Ecclesia
2166 547 2267 584 sua
2295 526 2386 586 vi-

248 622 402 682 sibili
432 616 765 681 aedificanda
803 635 978 697 supra
1010 624 1242 696 petram
1291 635 1392 672 seu
1419 635 1595 696 supra
1623 615 1899 693 Petrum,
1945 640 2059 700 qua
2102 619 2176 681 de
2216 643 2387 681 causa

248 718 302 778 ei
336 718 560 778 confert
586 723 937 796 potestatem
965 709 1186 790 ligandi
1221 721 1399 792 atque
1435 709 1725 770 solvendi.

330 805 470 873 376.
518 809 609 870 Ad
650 809 772 883 3¹¹1„
821 810 980 868 Disc.
1018 808 1149 866 Una
1198 828 1332 866 cum
1381 806 1620 889 reliquis
1673 806 1810 868 fidei
1849 809 2142 887 articulis7
2183 834 2387 881 conc.,·

247 908 433 969 solam
465 905 682 966 Christi
717 853 1092 966 divinitatem
1115 950 1131 979 7
1170 926 1297 984 neq.
1330 904 1577 963 Ecclesia
1614 905 1773 964 enim
1804 904 1979 966 debet
2009 909 2274 990 profiteri
2299 910 2387 968 in-

246 1002 697 1085 tegramfidem‚
723 1023 826 1061 seu
848 1022 1054 1061 omnes
1080 1012 1138 1061 et
1160 999 1418 1081 singulos
1441 1000 1579 1060 fidei
1595 1001 1867 1061 articulos
1889 1048 1904 1078 ,
1929 1025 2074 1086 quos
2101 1027 2133 1064 a
2159 1004 2386 1065 Christo

244 1100 500 1182 accepit,
535 1110 604 1158 ut
643 1108 807 1181 patet
849 1119 919 1158 ex
963 1097 1231 1179 superius
1273 1097 1480 1171 dictis;
1544 1110 1902 1181 quapropter
1940 1101 1987 1159 si
2026 1100 2119 1162 vel
2161 1101 2223 1160 in
2267 1125 2387 1162 uno

244 1195 489 1257 articulo
533 1195 782 1255 Ecclesia
819 1217 852 1254 a
894 1195 1142 1256 veritate
1184 1193 1561 1270 descisceret,
1600 1201 1723 1274 jam
1766 1219 1897 1256 eam
1944 1198 2248 1259 vincerent
2289 1200 2386 1258 in·

241 1294 501 1354 ferorum
535 1303 740 1375 portae.
778 1290 1043 1366 Accedit,
1090 1290 1514 1372 professionem
1542 1292 1699 1351 Petri
1723 1292 1796 1352 de
1831 1293 2047 1353 Christi
2077 1294 2388 1356 divinitate

244 1412 369 1450 non
418 1390 592 1448 fuisse
644 1388 753 1447 nisi
803 1408 1071 1464 causam,
1113 1385 1188 1445 ob
1243 1409 1421 1469 quam
1474 1387 1739 1447 Christus
1798 1392 1992 1471 potius
2043 1412 2220 1472 super
2275 1391 2388 1450 Pe—

245 1496 405 1546 trum
430 1531 447 1561 ,
492 1507 671 1567 quam
712 1505 888 1566 super
931 1483 1186 1565 reliquos
1221 1482 1563 1565 ApostOIOS,
1620 1483 1995 1567 peculiariter
2048 1485 2385 1547 fundaverit

247 1582 561 1642 Ecclesiam
590 1603 757 1640 suam
782 1625 799 1652 a
837 1591 905 1639 ut
935 1602 1039 1639 suo
1077 1579 1204 1638 loco
1241 1579 1640 1639 ostendemus,

328 1679 470 1739 377.
521 1678 609 1738 Ad
654 1679 771 1755 lim,
817 1683 973 1737 Disc.
1018 1678 1080 1736 Si
1122 1676 1377 1736 Ecclesia
1422 1676 1703 1736 catholica
1747 1675 2028 1757 distingui
2068 1690 2266 1759 posset
2309 1678 2383 1739 ab

245 1776 494 1837 Ecclesia
527 1798 771 1835 romana
791 1823 807 1851 ,
845 1796 1046 1845 conc.,·
1071 1775 1119 1834 si
1148 1797 1264 1834 una
1296 1773 1622 1857 eademque
1648 1775 1723 1833 sit
1748 1774 1996 1835 Ecclesia
2021 1776 2301 1836 catholica
2324 1789 2385 1836 et

244 1871 494 1932 Ecclesia
529 1894 770 1932 romana
798 1918 814 1948 ,
849 1894 979 1953 neq.
1005 1874 1140 1931 Jam
1176 1871 1352 1954 paulo
1392 1881 1530 1930 ante
1567 1870 1965 1947 ostendimu3‚
1994 1872 2259 1933 Ecclesiae
2284 1895 2382 1932 ro·

242 1988 432 2028 manae
471 1970 711 2027 nomine
747 1967 1060 2027 Ecclesiam
1100 1966 1444 2027 catholicam
1482 1967 1790 2046 significari
1823 1977 1883 2026 et
1915 1967 2187 2029 vicissim.

324 2064 464 2123 378.
516 2063 604 2123 Ad
643 2064 762 2139 5¹1¹,
805 2066 962 2124 Dist.
1003 2064 1059 2123 Si
1095 2063 1360 2125 infernus
1398 2062 1673 2123 inducere
1711 2075 1906 2145 posset
1945 2063 2257 2122 Ecclesiam
2310 2063 2386 2123 ad

242 2157 710 2219 labefactandam
736 2182 973 2219 morum
998 2159 1259 2240 regulam
1283 2205 1298 2234 ,
1338 2179 1526 2228 conc.,·
1565 2160 1611 2218 si
1633 2204 1649 2231 ,
1684 2180 1805 2217 non
1835 2157 2205 2218 obstantibus
2227 2157 2387 2218 indi-

241 2256 556 2321 viduorum
577 2258 855 2339 peccatis,
896 2257 1121 2337 integra
1148 2277 1213 2316 ac
1244 2257 1595 2316 intemerata
1622 2257 1749 2339 ipsa
1780 2255 1978 2336 regula
2002 2265 2348 2337 permaneat
2366 2300 2382 2327 ,

241 2375 371 2433 neq.
411 2354 745 2412 Dummodo
775 2351 1025 2412 Ecclesia
1052 2354 1469 2412 intemeratam
1503 2373 1569 2412 ac
1607 2354 1895 2432 integram
1931 2362 2123 2433 servet
2155 2374 2388 2411 morum

239 2449 537 2530 regulam,
584 2448 1027 2510 individuorum
1069 2449 1209 2508 vitia
1255 2448 1490 2507 nullum
1525 2449 1576 2508 ei
1618 2436 2049 2507 'nocumentum
2086 2447 2382 2519 afferunt3

239 2544 343 2605 sed
372 2545 474 2628 qui
507 2557 774 2627 peccant,
813 2545 922 2604 sibi
946 2556 1199 2605 nocent..
1225 2547 1359 2604 Jam
1392 2566 1534 2606 vero
1565 2543 1814 2603 Ecclesia
1849 2563 1971 2600 non
1996 2542 2189 2599 minus
2212 2540 2387 2599 infal-

237 2640 416 2701 libilis
457 2662 489 2700 a
525 2644 646 2701 Deo
678 2639 993 2701 constituta
1028 2652 1118 2700 est
1152 2639 1347 2722 quoad
1386 2639 1651 2718 regulam
1684 2659 1953 2712 morum,
1984 2658 2162 2718 quam
2196 2635 2388 2718 quoad

238 2737 499 2819 regulam
537 2738 690 2798 fidei.
732 2736 951 2798 Eadem
974 2758 1149 2819 porro
1179 2737 1405 2794 ratione
1433 2780 1450 2811 7
1484 2757 1597 2816 qua
1623 2754 1845 2793 errores
1869 2733 2237 2815 privatorum
2267 2755 2388 2793 non

311 2960 374 3024 (l)
413 2958 489 3007 Sic
524 2961 652 3008 enim
694 2960 745 3006 in
779 2974 862 3005 suo
914 2954 1183 3004 Comment.
1219 2956 1270 3002 in
1352 2970 1517 3003 rorum
1536 2952 1807 3002 machinas.
1838 2951 2053 3003 Tametsi
2076 2953 2206 3003 enim
2231 2952 2306 3001 vel
2319 2953 2383 3000 ad

240 3039 386 3090 libros
416 3041 549 3090 Novi
582 3039 788 3089 Testam.
823 3038 1075 3094 historicos
1109 3037 1270 3085 scribit
1347 3037 1494 3102 fidem
1520 3036 1595 3085 vel
1619 3036 1683 3084 ad
1704 3033 1975 3085 Ecclesiam
1985 3053 2251 3103 pronomen
2276 3054 2380 3085 eam

238 3126 291 3173 in
321 3123 448 3171 hunc
482 3124 574 3173 loc.
610 3124 783 3189 Itaque
813 3138 981 3170 sensus
1021 3119 1270 3168 verborum
1353 3121 1526 3185 referri
1544 3127 1736 3186 potest,
1760 3121 1999 3186 posterior
2025 3127 2185 3166 tamen
2212 3135 2383 3168 sensus

244 3205 431 3255 Christi
470 3215 581 3253 est.
577 3205 771 3254 ·Nul1a
817 3205 1026 3253 hostiam
1071 3204 1177 3263 vis,
1212 3219 1272 3249 ne
1354 3204 1532 3251 melius
1559 3202 1811 3260 convenit,
1845 3199 1974 3266 quod
2000 3211 2167 3251 contra
2195 3218 2382 3250 omnem

233 3290 575 3356 potentissima
591 3289 843 3353 quidemet
861 3286 1107 3346 maxima,
1134 3301 1271 3333 aver·
1355 3283 1556 3336 Saeanoe
1583 3284 1848 3351 potenciam
1881 3285 2063 3332 invicta
2096 3285 2243 3332 stabit
2283 3282 2383 3332 Ec-

240 3380 355 3433 tere,
375 3371 889 3420 destruereEcclesiam
906 3386 1061 3417 meam
1074 3369 1272 3434 poterit.
1354 3367 1511 3418 clesioe
1538 3368 1789 3433 firmicum
1842 3383 2011 3433 nempe
2053 3368 2170 3432 quia
2215 3368 2383 3414 incon·

310 3455 375 3520 (2)
422 3454 689 3504 Comment.
736 3457 793 3502 in
853 3453 1159 3503 harmoniam
1217 3468 1276 3500 ex
1358 3468 1498 3500 cussa
1522 3458 1754 3517 perpetuo
1797 3450 2006 3499 manebit
2034 3448 2132 3499 Dei
2177 3452 2378 3511 veritas,

240 3539 397 3594 tribus
428 3536 789 3601 Evanqelistis‚
824 3540 873 3585 in
917 3538 1046 3586 hunc
1088 3535 1179 3583 loc.
1213 3537 1276 3583 ita
1358 3535 1444 3582 cui
1491 3533 1728 3581 innititur
1777 3533 1882 3599 ejus
1921 3532 2055 3599 fides.
2111 3531 2234 3598 Opp.
2268 3531 2378 3579 edit.

239 3620 436 3688 exponit
589 3619 814 3685 Surqeret
859 3637 982 3669 nova
1019 3616 1273 3685 Ecclesia,
1365 3616 1618 3667 Amstelod.
1665 3612 1786 3681 1667
1816 3654 1829 3677 ‚
1869 3627 1983 3665 tom.
2023 3634 2092 3675 vi,
2129 3633 2228 3681 pag.
2266 3610 2379 3678 195.

240 3721 345 3769 quoe
376 3705 554 3754 victrix
586 3710 730 3751 staret
755 3710 919 3750 contra
950 3718 1113 3751 omnes
1156 3700 1278 3766 infe-
