2514 4218
291 178 406 237 138

903 198 1096 236 TRACT.
1146 198 1214 235 DE
1259 198 1411 237 zocls
1456 201 1831 241 THEOLOGICIS.

287 347 354 406 in
373 341 644 424 gentibus
659 341 1074 406 convertendis
1097 339 1406 423 praeditam
1427 345 1696 405 eamdem
1720 347 2029 408 Ecclesiam
2052 369 2175 408 esse
2191 393 2206 424 ,
2238 348 2416 409 fidem

286 441 508 500 faciunt
546 440 990 524 populiomnes
1009 482 1026 510 ‚
1058 438 1161 519 qui
1197 435 1272 495 ab
1301 447 1470 497 aetate
1500 441 1810 520 apostolica
1828 444 1891 503 in
1922 444 2218 503 Christum
2243 443 2418 503 credi·

288 536 506 597 derunt
525 536 634 618 (1).
661 538 805 596 Cum
835 533 1012 612 igitur
1028 554 1099 592 ex
1130 532 1413 592 fructibus
1434 547 1812 614 cognoscatur
1837 538 2010 599 arbor
2030 587 2046 614 ,
2082 552 2144 600 et
2177 562 2246 599 ex
2276 540 2421 599 acti-

287 632 497 692 onibus
511 634 634 692 vita
655 678 670 705 ,
716 641 914 712 patet,
942 631 1270 689 Romanam
1306 629 1619 690 Ecclesiam
1653 652 1776 692 esse
1789 633 2212 715 plantationem
2234 635 2419 710 illam,

288 753 466 813 quam
489 727 781 812 plantavit
806 730 977 786 Pater
1007 726 1291 801 coelestis3
1320 749 1443 787 esse
1467 749 1677 811 corpus
1702 729 1908 814 vivum
1926 776 1942 805 ,
1975 752 2182 814 corpus
2206 731 2420 793 Christi

286 827 598 907 mysticum
618 869 634 899 ,
667 824 787 884 vita
817 845 883 883 ac
912 824 1110 903 vigore
1142 823 1405 906 pollenS,
1443 825 1639 884 anima
1675 846 1777 884 seu
1809 826 1992 905 gratia
2020 828 2423 891 *sanctificante

285 922 669 981 informatum
697 966 714 995 ,
754 941 887 980 cum
919 920 1237 981 virtutibus
1280 920 1520 1003 reliquis
1543 967 1558 996 ,
1597 942 1729 1003 quae
1757 942 1828 981 ex
1868 923 1993 1005 ipsa
2037 934 2097 983 et
2132 944 2266 983 cum
2297 923 2423 1002 ipsa

285 1016 636 1076 subsistunt.

365 1113 508 1172 237.
559 1113 921 1174 Catholicam
945 1114 1166 1196 pariter
1195 1135 1317 1175 esse
1338 1116 1665 1174 Romanam
1689 1113 1998 1174 Ecclesiam
2021 1160 2036 1189 ,
2071 1136 2172 1174 seu
2197 1114 2272 1174 ad
2295 1135 2425 1175 eam

288 1221 555 1292 spectare
585 1209 992 1269 catholicitatis
1021 1221 1223 1269 notam
1245 1248 1279 1286 ,·
1301 1210 1417 1269 duo
1454 1210 1555 1270 illa
1583 1211 1814 1271 criteria
1836 1257 1850 1283 ,
1891 1209 2101 1292 quibus
2124 1209 2252 1270 haec
2286 1221 2427 1270 nota

278 1313 449 1387 juxta
482 1306 636 1367 dicta
671 1306 1087 1387 distinguitur,
1126 1307 1491 1389 apertissime
1525 1308 1861 1366 conficiunt.
1905 1307 2139 1366 Etenim
2177 1305 2428 1366 Ecclesia

289 1406 551 1463 Romana
579 1403 853 1486 inprimis
883 1402 1103 1485 ubique
1140 1405 1374 1485 semper
1407 1403 1619 1462 diffusa
1657 1414 1779 1480 est,
1816 1425 1880 1462 ac
1908 1403 2125 1486 ubique
2150 1401 2428 1462 diffundi-

287 1511 416 1578 tur,
449 1512 509 1561 et
534 1501 618 1561 ita
645 1499 1022 1575 diffunditur,
1054 1511 1121 1558 ut
1139 1499 1348 1559 eadem
1379 1498 1554 1580 plane
1579 1499 1654 1558 sit
1673 1501 1796 1560 sive
1829 1500 2057 1559 unitate
2091 1499 2266 1571 fidei,
2306 1499 2429 1560 sive

287 1596 513 1657 unitate
556 1597 1020 1671 communionis,
1071 1606 1201 1654 tum
1243 1595 1472 1654 ratione
1508 1597 1826 1677 temporiS,
1867 1607 1997 1655 tum
2034 1596 2261 1655 ratione
2292 1594 2424 1655 loci.

288 1693 440 1753 Sane
494 1693 570 1753 ad
620 1693 1000 1752 diffusionem
1051 1691 1214 1773 quod
1251 1690 1512 1767 attinet,
1559 1691 1864 1751 universas
1917 1692 2248 1774 provincias
2305 1691 2429 1751 sive

292 1789 608 1850 orientales
630 1790 755 1851 sive
770 1787 1159 1849 occidentales
1178 1786 1494 1847 Ecclesiam
1511 1789 1839 1847 Romanam
1855 1809 2186 1869 occupasse,
2203 1797 2432 1845 constat

289 1906 361 1945 ex
375 1884 871 1967 disputationibus
886 1886 1128 1944 Patrum
1143 1883 1420 1945 adversus
1435 1883 1762 1957 haereticOS,
1782 1883 2156 1964 potissimum
2173 1903 2310 1942 vero
2332 1879 2432 1939 ad·

290 2003 492 2042 versus
516 1981 913 2042 schismaticos
939 1980 1315 2053 NovatianOS,
1341 1980 1699 2055 DonatistaS,
1725 1979 2112 2039 Luciferianos
2128 2021 2145 2051 ,
2162 1988 2272 2036 etc.
2305 1975 2427 2056 (2);

290 2179 483 2224 ciuntur
526 2174 586 2223 ab
629 2174 797 2222 iisdem
833 2172 1200 2238 postulatoribus
1237 2173 1314 2222 alii

289 2259 350 2309 ad
376 2261 534 2308 minus
578 2258 672 2307 duo
719 2257 889 2306 medici
937 2256 1151 2305 doctrina
1198 2274 1315 2322 prae-

293 2347 468 2391 stantes
486 2377 504 2404 ,
541 2352 592 2389 ut
618 2343 740 2389 circa
763 2340 916 2388 morbi
944 2350 1159 2388 naturam
1181 2350 1223 2388 et
1252 2357 1319 2388 sa·

291 2428 485 2474 nitatem
502 2424 774 2489 suffragium
811 2423 963 2471 ferant
978 2441 991 2485 3
1019 2433 1178 2488 praeter
1203 2440 1319 2488 quos

292 2511 387 2559 duo
417 2510 496 2559 alii
525 2528 551 2559 a
583 2527 711 2558 sacra
748 2508 1117 2574 Congregatione
1161 2507 1319 2572 depu-

293 2605 480 2651 tantur,
519 2604 571 2641 ut
598 2610 681 2658 pro
711 2594 775 2640 rei
805 2594 995 2640 veritate
1021 2593 1191 2639 iterum
1223 2608 1320 2638 rem

294 2676 564 2741 expendant
599 2685 644 2722 et
690 2674 973 2739 suffragium
1037 2676 1085 2721 in
1139 2674 1322 2736 scriptis

294 2762 536 2819 emittant,
569 2759 654 2826 qui
688 2775 851 2806 omnes
894 2766 940 2804 61
974 2755 1145 2820 singuli
1201 2772 1322 2802 non-

295 2845 384 2891 nisi
408 2843 676 2906 interposito
696 2836 1002 2905 jurisjurandi
1035 2844 1322 2884 sacramento

297 2944 426 2974 suam
450 2934 643 2991 possunt
670 2926 844 2989 aperire
869 2922 1167 2970 sententiam.
1186 2915 1240 2982 4⁰
1262 2918 1323 2967 Ut

298 3019 482 3058 constet
500 3010 558 3058 de
576 3009 869 3057 invocatione
893 3008 987 3054 sive
1002 3022 1212 3069 expressa
1229 3005 1325 3051 sive

299 3095 437 3140 tacita
476 3110 556 3157 per
595 3091 955 3158 applicationem
999 3089 1213 3151 imaginis
1250 3096 1327 3134 aut

299 3175 601 3242 reliquiarum
633 3177 751 3224 servi
778 3172 892 3233 Dei,
923 3171 997 3221 vel
1021 3170 1079 3219 ab
1113 3170 1326 3227 infirmo,

299 3257 373 3305 vel
399 3256 458 3305 ab
497 3257 587 3305 alio
618 3258 792 3324 aliquo.
833 3252 889 3303 5⁰
933 3253 1047 3301 Haec
1079 3253 1238 3300 omnia
1270 3251 1329 3299 ad

301 3344 525 3389 trutinam
552 3351 618 3388 ter
640 3351 913 3389 revocantur
933 3377 945 3400 ‚
968 3338 1186 3403 appositis
1211 3353 1330 3384 sem-

302 3440 384 3490 per
424 3426 557 3473 novis
591 3423 870 3473 Promotoris
923 3422 1031 3471 fidei
1062 3438 1143 3468 seu
1180 3437 1329 3484 oppu-

303 3510 487 3574 gnantis
530 3504 1048 3568 animadversionibus;
1083 3513 1129 3551 et
1168 3502 1320 3550 donec

306 3588 509 3658 cujusvis
525 3590 834 3637 dubitationis
860 3589 932 3636 vel
951 3587 1180 3636 levissima
1200 3583 1328 3631 haud

306 3676 447 3723 fuerit
473 3672 668 3739 depulsa
703 3671 932 3719 nubecula
952 3708 964 3728 ‚
1000 3686 1099 3717 11011
1123 3683 1332 3732 pronun-

274 3808 277 3813 ,
309 3761 397 3806 ciat
427 3757 476 3808 S.
506 3758 644 3806 Sedes
676 3760 911 3804 veritatem
954 3753 1163 3801 miraculi
1190 3789 1201 3812 2
1250 3753 1336 3797 sci-

1400 2172 1509 2220 licet
1535 2171 1593 2220 de
1616 2170 1700 2218 illo
1730 2179 1962 2218 constare.
1994 2167 2045 2216 Si
2071 2184 2182 2216 vero
2217 2167 2290 2217 vel
2310 2185 2432 2216 unus

1401 2257 1598 2320 supersit
1623 2255 1673 2301 in
1698 2254 1935 2301 recensitis
1952 2251 2158 2299 defectus
2176 2288 2189 2311 ‚
2218 2252 2299 2317 qui
2326 2250 2428 2299 tolli

1402 2355 1500 2386 non
1532 2340 1703 2403 possit,
1733 2336 2017 2384 miraculum
2038 2335 2174 2400 plane
2200 2332 2430 2401 reJicitur.

1403 2420 1502 2469 Cfr.
1534 2420 1780 2469 Benedict.
1816 2436 1925 2479 nv,
1964 2417 2044 2466 De
2088 2417 2347 2482 beatificat.
2388 2422 2433 2462 et

1403 2504 1686 2552 canonizat.
1710 2499 2009 2549 Sanctorum
2030 2537 2042 2559 ‚
2067 2499 2153 2548 lib.
2186 2515 2233 2546 xv
2251 2534 2265 2559 ,
2301 2515 2350 2562 p.
2379 2513 2422 2556 1,

1406 2603 1510 2651 cap.
1535 2583 1598 2643 8,
1636 2604 1687 2633 n.
1720 2601 1747 2631 2
1780 2594 1824 2631 61
1861 2600 1993 2648 seqq.
2040 2580 2177 2629 Nunc
2209 2593 2432 2645 provoca-

1408 2685 1511 2714 mus
1543 2666 1818 2714 acatholicos
1861 2679 2023 2713 omnes
2050 2699 2066 2725 ,
2103 2673 2155 2710 ut
2192 2665 2433 2710 inveniant

1407 2750 1580 2799 alicubi
1629 2749 1867 2811 tribunal,
1905 2751 1955 2795 in
1984 2765 2078 2814 quo
2115 2763 2271 2795 severo
2316 2745 2432 2793 adeo

1409 2835 1612 2882 examini
1643 2830 1949 2896 subjiciantur
1985 2844 2294 2896 quaecumque
2317 2844 2430 2876 cau-

1409 2935 1484 2964 sae.
1517 2915 1731 2962 Attamen
1756 2916 1842 2979 ipsi
1885 2926 1994 2961 sunt
2030 2915 2111 2979 qui
2160 2911 2315 2960 rident
2345 2911 2431 2958 mi-

1410 2998 1567 3047 racula
1595 2997 1808 3045 Ecclesiae
1840 3013 2044 3045 romanae
2072 2996 2084 3042 !

1481 3081 1550 3146 (I)
1586 3079 1725 3129 Nulla
1753 3097 1939 3145 prorsus
1969 3096 2081 3143 gens
2116 3087 2216 3134 cst,
2247 3093 2349 3142 quoe
2374 3076 2430 3123 ad

1412 3164 1651 3213 Christum
1689 3180 1905 3212 conversa
1951 3163 2040 3222 sit,
2084 3161 2173 3207 nisi
2220 3157 2433 3206 Ecclesiae

1413 3266 1617 3299 romanae
1647 3266 1730 3297 seu
1771 3246 2005 3295 catholicas
2029 3246 2303 3292 ministerio.
2336 3241 2432 3290 Cfr.

1415 3350 1519 3400 quae
1538 3333 1806 3397 scripsimus
1830 3332 1880 3377 in
1912 3339 2045 3377 tract.
2076 3327 2156 3375 De
2183 3343 2294 3374 vera
2315 3323 2431 3373 reli-

1410 3420 1555 3484 9ione
1574 3455 1586 3475 ‚
1611 3435 1659 3481 p.
1683 3431 1716 3463 11
1737 3453 1749 3474 ,
1786 3430 1918 3482 prop.
1944 3431 1993 3461 x.
2279 3399 2285 3408 ⁸

1481 3501 1547 3565 (2)
1568 3499 1667 3548 Cfr.
1700 3498 1823 3563 apud
1853 3497 2241 3555 Thomassinum,
2278 3510 2354 3558 op.
2399 3503 2444 3539 et

1414 3584 1507 3633 loc.
1527 3586 1604 3631 cit.
1625 3593 1668 3632 et
1684 3582 1805 3649 apud
1828 3581 2007 3629 Fratres
2022 3581 2079 3628 de
2090 3575 2441 3633 Walemburch‚

1417 3677 1624 3716 controv.
1664 3681 1719 3713 111
1740 3703 1751 3722 ‚
1786 3675 1903 3728 part.
1937 3681 1966 3711 11
1991 3702 2002 3724 ,
2038 3661 2071 3725 4
2110 3661 2242 3727 prob.
2275 3677 2327 3707 ex
2356 3656 2441 3704 Pa-

1422 3750 1586 3797 tribus.
