<?xml version="1.0" encoding="UTF-8"?>
<!DOCTYPE html PUBLIC "-//W3C//DTD XHTML 1.0 Transitional//EN"
    "http://www.w3.org/TR/xhtml1/DTD/xhtml1-transitional.dtd">
<html xmlns="http://www.w3.org/1999/xhtml" xml:lang="en" lang="en">
 <head>
  <title>
</title>
<meta http-equiv="Content-Type" content="text/html;charset=utf-8" />
  <meta name='ocr-system' content='tesseract 3.04.00' />
  <meta name='ocr-capabilities' content='ocr_page ocr_carea ocr_par ocr_line ocrx_word'/>
</head>
<body>
  <div class='ocr_page' id='page_1' title='image "a603693808perruoft_0036.png"; bbox 0 0 2514 4218; ppageno 0'>
   <div class='ocr_carea' id='block_1_1' title="bbox 280 225 358 285">
    <p class='ocr_par' dir='ltr' id='par_1_1' title="bbox 280 225 358 285">
     <span class='ocr_line' id='line_1_1' title="bbox 280 225 358 285; baseline -0.013 0"><span class='ocrx_word' id='word_1_1' title='bbox 280 225 358 285; x_wconf 80' lang='lat'>24</span> 
     </span>
    </p>
   </div>
   <div class='ocr_carea' id='block_1_2' title="bbox 888 240 1803 285">
    <p class='ocr_par' dir='ltr' id='par_1_2' title="bbox 888 240 1803 285">
     <span class='ocr_line' id='line_1_2' title="bbox 888 240 1803 285; baseline 0 -2"><span class='ocrx_word' id='word_1_2' title='bbox 888 241 1079 283; x_wconf 72' lang='lat' dir='ltr'>TRAGT.</span> <span class='ocrx_word' id='word_1_3' title='bbox 1126 243 1193 279; x_wconf 81' lang='lat' dir='ltr'>DE</span> <span class='ocrx_word' id='word_1_4' title='bbox 1237 240 1401 279; x_wconf 50' lang='lat' dir='ltr'>mets*</span> <span class='ocrx_word' id='word_1_5' title='bbox 1426 242 1803 285; x_wconf 68' lang='lat' dir='ltr'>rnEomeIS.</span> 
     </span>
    </p>
   </div>
   <div class='ocr_carea' id='block_1_3' title="bbox 284 383 2415 1712">
    <p class='ocr_par' dir='ltr' id='par_1_3' title="bbox 284 383 2415 1712">
     <span class='ocr_line' id='line_1_3' title="bbox 284 383 2399 473; baseline -0.001 -23"><span class='ocrx_word' id='word_1_6' title='bbox 284 397 505 473; x_wconf 85' lang='lat' dir='ltr'>spectat</span> <span class='ocrx_word' id='word_1_7' title='bbox 526 386 601 447; x_wconf 90' lang='lat' dir='ltr'>ad</span> <span class='ocrx_word' id='word_1_8' title='bbox 628 386 923 468; x_wconf 82' lang='lat' dir='ltr'>evangelia</span> <span class='ocrx_word' id='word_1_9' title='bbox 951 385 1171 465; x_wconf 84' lang='lat' dir='ltr'>reliqua</span> <span class='ocrx_word' id='word_1_10' title='bbox 1190 427 1208 459; x_wconf 83' lang='lat'>,</span> <span class='ocrx_word' id='word_1_11' title='bbox 1247 383 1547 465; x_wconf 88' lang='lat' dir='ltr'>supposita</span> <span class='ocrx_word' id='word_1_12' title='bbox 1567 386 1710 446; x_wconf 86' lang='lat' dir='ltr'>reali</span> <span class='ocrx_word' id='word_1_13' title='bbox 1729 387 1945 448; x_wconf 84' lang='lat' dir='ltr'>Christi</span> <span class='ocrx_word' id='word_1_14' title='bbox 1971 387 2230 447; x_wconf 82' lang='lat' dir='ltr'>historici</span> <span class='ocrx_word' id='word_1_15' title='bbox 2258 390 2399 448; x_wconf 82' lang='lat' dir='ltr'>exis·</span> 
     </span>
     <span class='ocr_line' id='line_1_4' title="bbox 288 473 2402 565; baseline 0 -21"><span class='ocrx_word' id='word_1_16' title='bbox 288 484 497 560; x_wconf 85' lang='lat' dir='ltr'>tentia,</span> <span class='ocrx_word' id='word_1_17' title='bbox 522 474 699 543; x_wconf 30' lang='lat' dir='ltr'>reddi*</span> <span class='ocrx_word' id='word_1_18' title='bbox 721 483 868 542; x_wconf 86' lang='lat' dir='ltr'>ratio</span> <span class='ocrx_word' id='word_1_19' title='bbox 904 482 978 541; x_wconf 90' lang='lat' dir='ltr'>de</span> <span class='ocrx_word' id='word_1_20' title='bbox 1005 480 1117 538; x_wconf 91' lang='lat' dir='ltr'>illis</span> <span class='ocrx_word' id='word_1_21' title='bbox 1144 489 1372 559; x_wconf 78' lang='lat' dir='ltr'>potest3</span> <span class='ocrx_word' id='word_1_22' title='bbox 1400 477 1503 536; x_wconf 88' lang='lat' dir='ltr'>illa</span> <span class='ocrx_word' id='word_1_23' title='bbox 1532 473 1758 541; x_wconf 81' lang='lat' dir='ltr'>sublata</span> <span class='ocrx_word' id='word_1_24' title='bbox 1778 528 1794 558; x_wconf 78' lang='grc'><em>,</em></span> <span class='ocrx_word' id='word_1_25' title='bbox 1825 505 2129 565; x_wconf 87' lang='lat' dir='ltr'>nunquam</span> <span class='ocrx_word' id='word_1_26' title='bbox 2150 486 2402 565; x_wconf 77' lang='lat' dir='ltr'>confingi</span> 
     </span>
     <span class='ocr_line' id='line_1_5' title="bbox 284 574 2403 662; baseline 0 -24"><span class='ocrx_word' id='word_1_27' title='bbox 284 590 626 662; x_wconf 90' lang='lat' dir='ltr'>potuerunt.</span> <span class='ocrx_word' id='word_1_28' title='bbox 661 581 770 639; x_wconf 89' lang='lat' dir='ltr'>Res</span> <span class='ocrx_word' id='word_1_29' title='bbox 787 578 950 638; x_wconf 89' lang='lat' dir='ltr'>enim</span> <span class='ocrx_word' id='word_1_30' title='bbox 966 620 982 648; x_wconf 76' lang='grc'><em>,</em></span> <span class='ocrx_word' id='word_1_31' title='bbox 1006 594 1135 655; x_wconf 85' lang='lat' dir='ltr'>quae</span> <span class='ocrx_word' id='word_1_32' title='bbox 1153 574 1217 631; x_wconf 90' lang='lat' dir='ltr'>in</span> <span class='ocrx_word' id='word_1_33' title='bbox 1230 574 1370 655; x_wconf 88' lang='lat' dir='ltr'>ipsis</span> <span class='ocrx_word' id='word_1_34' title='bbox 1391 574 1726 634; x_wconf 88' lang='lat' dir='ltr'>referuntur</span> <span class='ocrx_word' id='word_1_35' title='bbox 1744 624 1761 654; x_wconf 71' lang='lat'>‚</span> <span class='ocrx_word' id='word_1_36' title='bbox 1780 577 1922 638; x_wconf 86' lang='lat' dir='ltr'>tales</span> <span class='ocrx_word' id='word_1_37' title='bbox 1939 590 2107 656; x_wconf 80' lang='lat' dir='ltr'>sunt,</span> <span class='ocrx_word' id='word_1_38' title='bbox 2128 591 2194 638; x_wconf 93' lang='lat' dir='ltr'>ut</span> <span class='ocrx_word' id='word_1_39' title='bbox 2217 580 2403 661; x_wconf 88' lang='lat' dir='ltr'>liquet</span> 
     </span>
     <span class='ocr_line' id='line_1_6' title="bbox 286 669 2403 758; baseline -0.002 -22"><span class='ocrx_word' id='word_1_40' title='bbox 286 698 359 737; x_wconf 85' lang='lat' dir='ltr'>ex</span> <span class='ocrx_word' id='word_1_41' title='bbox 385 675 762 758; x_wconf 85' lang='lat' dir='ltr'>responsione</span> <span class='ocrx_word' id='word_1_42' title='bbox 792 672 868 732; x_wconf 87' lang='lat' dir='ltr'>ad</span> <span class='ocrx_word' id='word_1_43' title='bbox 899 673 979 728; x_wconf 82' lang='lat'>1¹¹¹</span> <span class='ocrx_word' id='word_1_44' title='bbox 1014 669 1416 729; x_wconf 88' lang='lat' dir='ltr'>difficultatem</span> <span class='ocrx_word' id='word_1_45' title='bbox 1434 715 1452 746; x_wconf 85' lang='lat'>‚</span> <span class='ocrx_word' id='word_1_46' title='bbox 1483 692 1612 751; x_wconf 87' lang='lat' dir='ltr'>quae</span> <span class='ocrx_word' id='word_1_47' title='bbox 1641 670 1804 729; x_wconf 90' lang='lat' dir='ltr'>nullo</span> <span class='ocrx_word' id='word_1_48' title='bbox 1832 673 2006 732; x_wconf 90' lang='lat' dir='ltr'>modo</span> <span class='ocrx_word' id='word_1_49' title='bbox 2035 695 2068 732; x_wconf 86' lang='lat' dir='ltr'>a</span> <span class='ocrx_word' id='word_1_50' title='bbox 2092 674 2254 735; x_wconf 88' lang='lat' dir='ltr'>fonte</span> <span class='ocrx_word' id='word_1_51' title='bbox 2279 697 2403 756; x_wconf 81' lang='lat' dir='ltr'>my·</span> 
     </span>
     <span class='ocr_line' id='line_1_7' title="bbox 289 765 2405 851; baseline -0.001 -20"><span class='ocrx_word' id='word_1_52' title='bbox 289 771 443 831; x_wconf 89' lang='lat' dir='ltr'>thico</span> <span class='ocrx_word' id='word_1_53' title='bbox 462 817 477 846; x_wconf 65' lang='lat' dir='ltr'>a</span> <span class='ocrx_word' id='word_1_54' title='bbox 507 772 653 831; x_wconf 87' lang='lat' dir='ltr'>sicut</span> <span class='ocrx_word' id='word_1_55' title='bbox 674 767 904 851; x_wconf 87' lang='lat' dir='ltr'>profani</span> <span class='ocrx_word' id='word_1_56' title='bbox 928 766 1194 825; x_wconf 91' lang='lat' dir='ltr'>homines</span> <span class='ocrx_word' id='word_1_57' title='bbox 1225 766 1549 848; x_wconf 88' lang='lat' dir='ltr'>loquuntur</span> <span class='ocrx_word' id='word_1_58' title='bbox 1570 811 1584 840; x_wconf 63' lang='lat'>7</span> <span class='ocrx_word' id='word_1_59' title='bbox 1614 765 1846 847; x_wconf 90' lang='lat' dir='ltr'>prodire</span> <span class='ocrx_word' id='word_1_60' title='bbox 1868 769 2209 850; x_wconf 87' lang='lat' dir='ltr'>potuissent.</span> <span class='ocrx_word' id='word_1_61' title='bbox 2236 769 2405 843; x_wconf 83' lang='lat' dir='ltr'>Quod</span> 
     </span>
     <span class='ocr_line' id='line_1_8' title="bbox 285 861 2406 945; baseline -0.002 -17"><span class='ocrx_word' id='word_1_62' title='bbox 285 889 426 928; x_wconf 86' lang='lat' dir='ltr'>vero</span> <span class='ocrx_word' id='word_1_63' title='bbox 460 867 725 945; x_wconf 77' lang='lat' dir='ltr'>adJ’icitur</span> <span class='ocrx_word' id='word_1_64' title='bbox 757 863 830 923; x_wconf 90' lang='lat' dir='ltr'>de</span> <span class='ocrx_word' id='word_1_65' title='bbox 858 861 1267 936; x_wconf 77' lang='lat' dir='ltr'>traditionibus</span> <span class='ocrx_word' id='word_1_66' title='bbox 1299 863 1473 923; x_wconf 83' lang='lat' dir='ltr'>variis</span> <span class='ocrx_word' id='word_1_67' title='bbox 1494 907 1511 938; x_wconf 63' lang='lat'>7</span> <span class='ocrx_word' id='word_1_68' title='bbox 1548 861 1640 920; x_wconf 80' lang='lat' dir='ltr'>hae</span> <span class='ocrx_word' id='word_1_69' title='bbox 1671 878 1874 921; x_wconf 88' lang='lat' dir='ltr'>omnes</span> <span class='ocrx_word' id='word_1_70' title='bbox 1908 863 2307 944; x_wconf 84' lang='lat' dir='ltr'>procedebant</span> <span class='ocrx_word' id='word_1_71' title='bbox 2334 885 2406 924; x_wconf 80' lang='lat' dir='ltr'>ex</span> 
     </span>
     <span class='ocr_line' id='line_1_9' title="bbox 286 957 2407 1041; baseline -0.002 -18"><span class='ocrx_word' id='word_1_72' title='bbox 286 963 547 1023; x_wconf 82' lang='lat' dir='ltr'>realitate</span> <span class='ocrx_word' id='word_1_73' title='bbox 568 961 698 1019; x_wconf 87' lang='lat' dir='ltr'>facti</span> <span class='ocrx_word' id='word_1_74' title='bbox 717 1004 734 1036; x_wconf 84' lang='lat'>‚</span> <span class='ocrx_word' id='word_1_75' title='bbox 767 970 827 1018; x_wconf 92' lang='lat' dir='ltr'>et</span> <span class='ocrx_word' id='word_1_76' title='bbox 856 958 1068 1019; x_wconf 84' lang='lat' dir='ltr'>exinde</span> <span class='ocrx_word' id='word_1_77' title='bbox 1085 959 1367 1038; x_wconf 83' lang='lat' dir='ltr'>originem</span> <span class='ocrx_word' id='word_1_78' title='bbox 1390 957 1706 1017; x_wconf 83' lang='lat' dir='ltr'>duxerunt.</span> <span class='ocrx_word' id='word_1_79' title='bbox 1732 960 1813 1016; x_wconf 82' lang='lat' dir='ltr'>EX</span> <span class='ocrx_word' id='word_1_80' title='bbox 1834 959 2209 1038; x_wconf 83' lang='lat' dir='ltr'>Evangelistis</span> <span class='ocrx_word' id='word_1_81' title='bbox 2231 981 2407 1041; x_wconf 88' lang='lat' dir='ltr'>porro</span> 
     </span>
     <span class='ocr_line' id='line_1_10' title="bbox 288 1053 2403 1140; baseline -0.001 -24"><span class='ocrx_word' id='word_1_82' title='bbox 288 1069 536 1140; x_wconf 88' lang='lat' dir='ltr'>quatuor</span> <span class='ocrx_word' id='word_1_83' title='bbox 574 1055 959 1114; x_wconf 89' lang='lat' dir='ltr'>duo-fuerunt</span> <span class='ocrx_word' id='word_1_84' title='bbox 992 1065 1168 1113; x_wconf 91' lang='lat' dir='ltr'>testes</span> <span class='ocrx_word' id='word_1_85' title='bbox 1189 1053 1431 1128; x_wconf 71' lang='lat' dir='ltr'>oculati,</span> <span class='ocrx_word' id='word_1_86' title='bbox 1458 1053 1768 1113; x_wconf 82' lang='lat' dir='ltr'>Matthaeus</span> <span class='ocrx_word' id='word_1_87' title='bbox 1790 1053 2005 1112; x_wconf 88' lang='lat' dir='ltr'>scilicet</span> <span class='ocrx_word' id='word_1_88' title='bbox 2032 1065 2090 1114; x_wconf 89' lang='lat' dir='ltr'>et</span> <span class='ocrx_word' id='word_1_89' title='bbox 2112 1057 2403 1128; x_wconf 77' lang='lat' dir='ltr'>Joanne83</span> 
     </span>
     <span class='ocr_line' id='line_1_11' title="bbox 286 1149 2411 1233; baseline 0 -23"><span class='ocrx_word' id='word_1_90' title='bbox 286 1151 495 1233; x_wconf 90' lang='lat' dir='ltr'>reliqui</span> <span class='ocrx_word' id='word_1_91' title='bbox 534 1172 670 1212; x_wconf 88' lang='lat' dir='ltr'>vero</span> <span class='ocrx_word' id='word_1_92' title='bbox 699 1149 847 1227; x_wconf 84' lang='lat' dir='ltr'>duo,</span> <span class='ocrx_word' id='word_1_93' title='bbox 886 1170 1016 1232; x_wconf 86' lang='lat' dir='ltr'>quae</span> <span class='ocrx_word' id='word_1_94' title='bbox 1043 1149 1474 1208; x_wconf 87' lang='lat' dir='ltr'>commentariis</span> <span class='ocrx_word' id='word_1_95' title='bbox 1503 1149 1619 1207; x_wconf 88' lang='lat' dir='ltr'>suis</span> <span class='ocrx_word' id='word_1_96' title='bbox 1653 1150 2071 1228; x_wconf 79' lang='lat' dir='ltr'>consignarunt</span> <span class='ocrx_word' id='word_1_97' title='bbox 2096 1149 2169 1210; x_wconf 90' lang='lat' dir='ltr'>de</span> <span class='ocrx_word' id='word_1_98' title='bbox 2192 1150 2411 1210; x_wconf 85' lang='lat' dir='ltr'>Christi</span> 
     </span>
     <span class='ocr_line' id='line_1_12' title="bbox 287 1243 2410 1328; baseline -0.001 -20"><span class='ocrx_word' id='word_1_99' title='bbox 287 1249 461 1328; x_wconf 80' lang='lat' dir='ltr'>gestis</span> <span class='ocrx_word' id='word_1_100' title='bbox 493 1258 553 1306; x_wconf 92' lang='lat' dir='ltr'>et</span> <span class='ocrx_word' id='word_1_101' title='bbox 580 1245 864 1320; x_wconf 72' lang='lat' dir='ltr'>doctrina,</span> <span class='ocrx_word' id='word_1_102' title='bbox 901 1254 1251 1327; x_wconf 88' lang='lat' dir='ltr'>acceperunt</span> <span class='ocrx_word' id='word_1_103' title='bbox 1273 1243 1346 1303; x_wconf 93' lang='lat' dir='ltr'>ab</span> <span class='ocrx_word' id='word_1_104' title='bbox 1379 1245 1446 1303; x_wconf 89' lang='lat' dir='ltr'>iis</span> <span class='ocrx_word' id='word_1_105' title='bbox 1470 1290 1486 1319; x_wconf 75' lang='lat'>‚</span> <span class='ocrx_word' id='word_1_106' title='bbox 1506 1249 1616 1324; x_wconf 79' lang='lat' dir='ltr'>qui</span> <span class='ocrx_word' id='word_1_107' title='bbox 1643 1247 1722 1304; x_wconf 86' lang='lat' dir='ltr'>ab</span> <span class='ocrx_word' id='word_1_108' title='bbox 1744 1248 1921 1304; x_wconf 79' lang='lat' dir='ltr'>initio</span> <span class='ocrx_word' id='word_1_109' title='bbox 1949 1249 2069 1324; x_wconf 75' lang='lat' dir='ltr'>ipsi</span> <span class='ocrx_word' id='word_1_110' title='bbox 2097 1247 2410 1319; x_wconf 75' lang='lat' dir='ltr'>viderunt,</span> 
     </span>
     <span class='ocr_line' id='line_1_13' title="bbox 287 1340 2413 1424; baseline 0 -23"><span class='ocrx_word' id='word_1_111' title='bbox 287 1355 344 1402; x_wconf 79' lang='lat' dir='ltr'>et</span> <span class='ocrx_word' id='word_1_112' title='bbox 380 1346 661 1401; x_wconf 68' lang='lat' dir='ltr'>ministri</span> <span class='ocrx_word' id='word_1_113' title='bbox 686 1345 944 1420; x_wconf 81' lang='lat' dir='ltr'>fuerunt</span> <span class='ocrx_word' id='word_1_114' title='bbox 978 1346 1271 1400; x_wconf 75' lang='lat' dir='ltr'>sermonis</span> <span class='ocrx_word' id='word_1_115' title='bbox 1307 1340 1430 1421; x_wconf 72' lang='grc'>(1),</span> <span class='ocrx_word' id='word_1_116' title='bbox 1468 1352 1535 1398; x_wconf 89' lang='lat' dir='ltr'>ut</span> <span class='ocrx_word' id='word_1_117' title='bbox 1570 1340 1831 1422; x_wconf 89' lang='lat' dir='ltr'>loquitur</span> <span class='ocrx_word' id='word_1_118' title='bbox 1871 1342 1928 1399; x_wconf 89' lang='lat' dir='ltr'>S.</span> <span class='ocrx_word' id='word_1_119' title='bbox 1956 1342 2165 1418; x_wconf 80' lang='lat' dir='ltr'>LucaS‚</span> <span class='ocrx_word' id='word_1_120' title='bbox 2199 1363 2413 1424; x_wconf 88' lang='lat' dir='ltr'>nempe</span> 
     </span>
     <span class='ocr_line' id='line_1_14' title="bbox 291 1435 2415 1520; baseline 0 -22"><span class='ocrx_word' id='word_1_121' title='bbox 291 1438 367 1498; x_wconf 90' lang='lat' dir='ltr'>ab</span> <span class='ocrx_word' id='word_1_122' title='bbox 402 1437 690 1520; x_wconf 89' lang='lat' dir='ltr'>Apostolis</span> <span class='ocrx_word' id='word_1_123' title='bbox 722 1449 823 1496; x_wconf 87' lang='lat' dir='ltr'>aut</span> <span class='ocrx_word' id='word_1_124' title='bbox 855 1436 1150 1519; x_wconf 88' lang='lat' dir='ltr'>discipulis</span> <span class='ocrx_word' id='word_1_125' title='bbox 1183 1437 1426 1511; x_wconf 77' lang='lat' dir='ltr'>Christi3</span> <span class='ocrx_word' id='word_1_126' title='bbox 1469 1435 1968 1519; x_wconf 86' lang='lat' dir='ltr'>quemadmodum</span> <span class='ocrx_word' id='word_1_127' title='bbox 1999 1436 2072 1496; x_wconf 90' lang='lat' dir='ltr'>de</span> <span class='ocrx_word' id='word_1_128' title='bbox 2101 1442 2295 1497; x_wconf 88' lang='lat' dir='ltr'>Marco</span> <span class='ocrx_word' id='word_1_129' title='bbox 2318 1459 2415 1498; x_wconf 89' lang='lat' dir='ltr'>re-</span> 
     </span>
     <span class='ocr_line' id='line_1_15' title="bbox 289 1532 2410 1614; baseline 0 -22"><span class='ocrx_word' id='word_1_130' title='bbox 289 1535 487 1595; x_wconf 87' lang='lat' dir='ltr'>ferunt</span> <span class='ocrx_word' id='word_1_131' title='bbox 524 1534 798 1594; x_wconf 89' lang='lat' dir='ltr'>historica</span> <span class='ocrx_word' id='word_1_132' title='bbox 830 1533 1180 1593; x_wconf 87' lang='lat' dir='ltr'>documenta</span> <span class='ocrx_word' id='word_1_133' title='bbox 1217 1578 1234 1606; x_wconf 89' lang='lat'><strong>,</strong></span> <span class='ocrx_word' id='word_1_134' title='bbox 1290 1534 1486 1614; x_wconf 88' lang='lat' dir='ltr'>ipsum</span> <span class='ocrx_word' id='word_1_135' title='bbox 1537 1532 1915 1611; x_wconf 85' lang='lat' dir='ltr'>Evangelium</span> <span class='ocrx_word' id='word_1_136' title='bbox 1957 1534 2362 1614; x_wconf 88' lang='lat' dir='ltr'>conscripsisse</span> <span class='ocrx_word' id='word_1_137' title='bbox 2395 1578 2410 1605; x_wconf 74' lang='grc'><em>,</em></span> 
     </span>
     <span class='ocr_line' id='line_1_16' title="bbox 290 1627 2413 1712; baseline -0.001 -24"><span class='ocrx_word' id='word_1_138' title='bbox 290 1642 466 1712; x_wconf 92' lang='lat' dir='ltr'>prout</span> <span class='ocrx_word' id='word_1_139' title='bbox 491 1631 732 1689; x_wconf 90' lang='lat' dir='ltr'>Petrum</span> <span class='ocrx_word' id='word_1_140' title='bbox 759 1629 1113 1689; x_wconf 89' lang='lat' dir='ltr'>referentem</span> <span class='ocrx_word' id='word_1_141' title='bbox 1142 1628 1406 1690; x_wconf 88' lang='lat' dir='ltr'>audierat</span> <span class='ocrx_word' id='word_1_142' title='bbox 1434 1627 1544 1710; x_wconf 79' lang='lat'>(2).</span> <span class='ocrx_word' id='word_1_143' title='bbox 1583 1627 1745 1689; x_wconf 87' lang='lat' dir='ltr'>Nulli</span> <span class='ocrx_word' id='word_1_144' title='bbox 1769 1628 1944 1709; x_wconf 81' lang='lat' dir='ltr'>igitur</span> <span class='ocrx_word' id='word_1_145' title='bbox 1980 1628 2413 1711; x_wconf 89' lang='lat' dir='ltr'>amplificationi</span> 
     </span>
    </p>
   </div>
   <div class='ocr_carea' id='block_1_4' title="bbox 291 1723 1633 1807">
    <p class='ocr_par' dir='ltr' id='par_1_4' title="bbox 291 1723 1633 1807">
     <span class='ocr_line' id='line_1_17' title="bbox 291 1723 1633 1807; baseline -0.001 -23"><span class='ocrx_word' id='word_1_146' title='bbox 291 1725 449 1785; x_wconf 88' lang='lat' dir='ltr'>locus</span> <span class='ocrx_word' id='word_1_147' title='bbox 488 1746 611 1785; x_wconf 90' lang='lat' dir='ltr'>esse</span> <span class='ocrx_word' id='word_1_148' title='bbox 637 1736 867 1807; x_wconf 89' lang='lat' dir='ltr'>poterat</span> <span class='ocrx_word' id='word_1_149' title='bbox 892 1726 955 1784; x_wconf 89' lang='lat' dir='ltr'>in</span> <span class='ocrx_word' id='word_1_150' title='bbox 987 1723 1270 1804; x_wconf 88' lang='lat' dir='ltr'>ejusmodi</span> <span class='ocrx_word' id='word_1_151' title='bbox 1295 1724 1633 1785; x_wconf 82' lang='lat' dir='ltr'>traditione.</span> 
     </span>
    </p>
   </div>
   <div class='ocr_carea' id='block_1_5' title="bbox 283 1890 1316 3764">
    <p class='ocr_par' dir='ltr' id='par_1_5' title="bbox 283 1890 1316 3764">
     <span class='ocr_line' id='line_1_18' title="bbox 289 1890 1308 1957; baseline 0.001 -20"><span class='ocrx_word' id='word_1_152' title='bbox 289 1899 407 1939; x_wconf 86' lang='lat' dir='ltr'>cette</span> <span class='ocrx_word' id='word_1_153' title='bbox 451 1890 585 1951; x_wconf 80' lang='lat' dir='ltr'>idee‚</span> <span class='ocrx_word' id='word_1_154' title='bbox 616 1899 662 1938; x_wconf 90' lang='lat' dir='ltr'>et</span> <span class='ocrx_word' id='word_1_155' title='bbox 687 1891 998 1957; x_wconf 75' lang='lat' dir='ltr'>transfor-mer</span> <span class='ocrx_word' id='word_1_156' title='bbox 1027 1899 1141 1940; x_wconf 86' lang='lat' dir='ltr'>cette</span> <span class='ocrx_word' id='word_1_157' title='bbox 1177 1892 1308 1957; x_wconf 84' lang='lat' dir='ltr'>affir-</span> 
     </span>
     <span class='ocr_line' id='line_1_19' title="bbox 293 1973 1307 2039; baseline 0.002 -20"><span class='ocrx_word' id='word_1_158' title='bbox 293 1973 482 2020; x_wconf 79' lang='lat' dir='ltr'>mation</span> <span class='ocrx_word' id='word_1_159' title='bbox 511 1989 663 2037; x_wconf 77' lang='lat' dir='ltr'>voque</span> <span class='ocrx_word' id='word_1_160' title='bbox 694 1990 753 2021; x_wconf 79' lang='lat' dir='ltr'>en</span> <span class='ocrx_word' id='word_1_161' title='bbox 787 1990 883 2022; x_wconf 79' lang='lat' dir='ltr'>une</span> <span class='ocrx_word' id='word_1_162' title='bbox 914 1973 1165 2039; x_wconf 76' lang='lat' dir='ltr'>hypothese</span> <span class='ocrx_word' id='word_1_163' title='bbox 1187 1973 1307 2021; x_wconf 85' lang='lat' dir='ltr'>bril-</span> 
     </span>
     <span class='ocr_line' id='line_1_20' title="bbox 294 2052 1312 2118; baseline 0.001 -17"><span class='ocrx_word' id='word_1_164' title='bbox 294 2052 453 2115; x_wconf 79' lang='lat' dir='ltr'>lante,</span> <span class='ocrx_word' id='word_1_165' title='bbox 479 2056 759 2118; x_wconf 74' lang='lat' dir='ltr'>inqenieuse</span> <span class='ocrx_word' id='word_1_166' title='bbox 791 2064 836 2103; x_wconf 87' lang='lat' dir='ltr'>et</span> <span class='ocrx_word' id='word_1_167' title='bbox 867 2054 1092 2104; x_wconf 75' lang='lat' dir='ltr'>deci-sive.</span> <span class='ocrx_word' id='word_1_168' title='bbox 1125 2053 1200 2102; x_wconf 71' lang='lat' dir='ltr'>Ils</span> <span class='ocrx_word' id='word_1_169' title='bbox 1231 2064 1312 2104; x_wconf 81' lang='lat' dir='ltr'>ont</span> 
     </span>
     <span class='ocr_line' id='line_1_21' title="bbox 292 2135 1310 2203; baseline 0.001 -20"><span class='ocrx_word' id='word_1_170' title='bbox 292 2138 495 2183; x_wconf 78' lang='lat' dir='ltr'>aneanti</span> <span class='ocrx_word' id='word_1_171' title='bbox 522 2137 641 2184; x_wconf 82' lang='lat' dir='ltr'>d’un</span> <span class='ocrx_word' id='word_1_172' title='bbox 673 2137 787 2185; x_wconf 78' lang='lat' dir='ltr'>trait</span> <span class='ocrx_word' id='word_1_173' title='bbox 818 2137 875 2185; x_wconf 80' lang='lat' dir='ltr'>de</span> <span class='ocrx_word' id='word_1_174' title='bbox 891 2135 1057 2203; x_wconf 81' lang='lat' dir='ltr'>plume</span> <span class='ocrx_word' id='word_1_175' title='bbox 1103 2136 1167 2185; x_wconf 81' lang='lat' dir='ltr'>les</span> <span class='ocrx_word' id='word_1_176' title='bbox 1192 2139 1310 2186; x_wconf 80' lang='lat' dir='ltr'>trois</span> 
     </span>
     <span class='ocr_line' id='line_1_22' title="bbox 283 2218 1308 2285; baseline 0 -20"><span class='ocrx_word' id='word_1_177' title='bbox 283 2224 521 2284; x_wconf 73' lang='lat' dir='ltr'>premiere</span> <span class='ocrx_word' id='word_1_178' title='bbox 537 2218 775 2284; x_wconf 75' lang='lat' dir='ltr'>evanyiles</span> <span class='ocrx_word' id='word_1_179' title='bbox 794 2257 807 2279; x_wconf 92' lang='lat'>‚</span> <span class='ocrx_word' id='word_1_180' title='bbox 838 2228 883 2267; x_wconf 81' lang='lat' dir='ltr'>et</span> <span class='ocrx_word' id='word_1_181' title='bbox 902 2218 967 2267; x_wconf 81' lang='lat' dir='ltr'>les</span> <span class='ocrx_word' id='word_1_182' title='bbox 996 2228 1077 2267; x_wconf 84' lang='lat' dir='ltr'>ont</span> <span class='ocrx_word' id='word_1_183' title='bbox 1102 2218 1308 2285; x_wconf 82' lang='lat' dir='ltr'>rempla-</span> 
     </span>
     <span class='ocr_line' id='line_1_23' title="bbox 293 2301 1310 2368; baseline 0 -19"><span class='ocrx_word' id='word_1_184' title='bbox 293 2306 368 2349; x_wconf 74' lang='lat' dir='ltr'>ces</span> <span class='ocrx_word' id='word_1_185' title='bbox 390 2318 488 2366; x_wconf 82' lang='lat' dir='ltr'>par</span> <span class='ocrx_word' id='word_1_186' title='bbox 514 2319 583 2350; x_wconf 80' lang='lat' dir='ltr'>un</span> <span class='ocrx_word' id='word_1_187' title='bbox 616 2301 833 2367; x_wconf 78' lang='lat' dir='ltr'>evanqile</span> <span class='ocrx_word' id='word_1_188' title='bbox 856 2302 1107 2368; x_wconf 75' lang='lat' dir='ltr'>primitis,</span> <span class='ocrx_word' id='word_1_189' title='bbox 1146 2318 1310 2350; x_wconf 78' lang='lat' dir='ltr'>source</span> 
     </span>
     <span class='ocr_line' id='line_1_24' title="bbox 289 2385 1311 2448; baseline 0 -18"><span class='ocrx_word' id='word_1_190' title='bbox 289 2399 540 2431; x_wconf 78' lang='lat' dir='ltr'>commune</span> <span class='ocrx_word' id='word_1_191' title='bbox 577 2386 701 2431; x_wconf 78' lang='lat' dir='ltr'>mais</span> <span class='ocrx_word' id='word_1_192' title='bbox 733 2387 922 2448; x_wconf 69' lang='lat' dir='ltr'>iquoree</span> <span class='ocrx_word' id='word_1_193' title='bbox 951 2385 1006 2431; x_wconf 86' lang='lat' dir='ltr'>de</span> <span class='ocrx_word' id='word_1_194' title='bbox 1040 2393 1145 2432; x_wconf 79' lang='lat' dir='ltr'>tous</span> <span class='ocrx_word' id='word_1_195' title='bbox 1188 2400 1311 2431; x_wconf 70' lang='lat' dir='ltr'>ceux</span> 
     </span>
     <span class='ocr_line' id='line_1_25' title="bbox 289 2463 1311 2531; baseline -0.001 -19"><span class='ocrx_word' id='word_1_196' title='bbox 289 2482 379 2530; x_wconf 85' lang='lat' dir='ltr'>que</span> <span class='ocrx_word' id='word_1_197' title='bbox 408 2482 529 2513; x_wconf 77' lang='lat' dir='ltr'>nous</span> <span class='ocrx_word' id='word_1_198' title='bbox 570 2465 843 2530; x_wconf 75' lang='lat' dir='ltr'>possedons.</span> <span class='ocrx_word' id='word_1_199' title='bbox 880 2464 1196 2531; x_wconf 76' lang='lat' dir='ltr'>Supposition</span> <span class='ocrx_word' id='word_1_200' title='bbox 1236 2463 1311 2511; x_wconf 77' lang='lat' dir='ltr'>ln·-</span> 
     </span>
     <span class='ocr_line' id='line_1_26' title="bbox 290 2547 1311 2615; baseline -0.001 -20"><span class='ocrx_word' id='word_1_201' title='bbox 290 2565 431 2596; x_wconf 83' lang='lat' dir='ltr'>zarre</span> <span class='ocrx_word' id='word_1_202' title='bbox 458 2585 471 2610; x_wconf 93' lang='lat'><strong>‚</strong></span> <span class='ocrx_word' id='word_1_203' title='bbox 519 2550 633 2612; x_wconf 83' lang='lat' dir='ltr'>qui,</span> <span class='ocrx_word' id='word_1_204' title='bbox 685 2548 945 2597; x_wconf 77' lang='lat' dir='ltr'>concredite</span> <span class='ocrx_word' id='word_1_205' title='bbox 965 2566 1065 2615; x_wconf 82' lang='lat' dir='ltr'>par</span> <span class='ocrx_word' id='word_1_206' title='bbox 1103 2557 1209 2611; x_wconf 82' lang='lat' dir='ltr'>tous</span> <span class='ocrx_word' id='word_1_207' title='bbox 1245 2547 1311 2595; x_wconf 80' lang='lat' dir='ltr'>les</span> 
     </span>
     <span class='ocr_line' id='line_1_27' title="bbox 290 2622 1310 2694; baseline -0.005 -16"><span class='ocrx_word' id='word_1_208' title='bbox 290 2631 611 2694; x_wconf 72' lang='lat' dir='ltr'>temoiqnaqes</span> <span class='ocrx_word' id='word_1_209' title='bbox 648 2622 932 2694; x_wconf 72' lang='lat' dir='ltr'>historiques</span> <span class='ocrx_word' id='word_1_210' title='bbox 953 2667 965 2689; x_wconf 85' lang='lat'><strong>,</strong></span> <span class='ocrx_word' id='word_1_211' title='bbox 990 2644 1088 2694; x_wconf 80' lang='lat' dir='ltr'>por</span> <span class='ocrx_word' id='word_1_212' title='bbox 1111 2638 1215 2675; x_wconf 79' lang='lat' dir='ltr'>tous</span> <span class='ocrx_word' id='word_1_213' title='bbox 1246 2627 1310 2674; x_wconf 83' lang='lat' dir='ltr'>les</span> 
     </span>
     <span class='ocr_line' id='line_1_28' title="bbox 291 2709 1312 2769; baseline -0.005 -9"><span class='ocrx_word' id='word_1_214' title='bbox 291 2713 486 2760; x_wconf 75' lang='lat' dir='ltr'>criteres</span> <span class='ocrx_word' id='word_1_215' title='bbox 505 2713 717 2760; x_wconf 79' lang='lat' dir='ltr'>internes</span> <span class='ocrx_word' id='word_1_216' title='bbox 744 2747 758 2769; x_wconf 88' lang='lat'>‚</span> <span class='ocrx_word' id='word_1_217' title='bbox 798 2709 1179 2759; x_wconf 79' lang='lat' dir='ltr'>uon-seulement</span> <span class='ocrx_word' id='word_1_218' title='bbox 1204 2724 1312 2756; x_wconf 82' lang='lat' dir='ltr'>ren-</span> 
     </span>
     <span class='ocr_line' id='line_1_29' title="bbox 292 2790 1312 2852; baseline -0.004 -10"><span class='ocrx_word' id='word_1_219' title='bbox 292 2810 421 2843; x_wconf 83' lang='lat' dir='ltr'>verse</span> <span class='ocrx_word' id='word_1_220' title='bbox 457 2791 837 2852; x_wconf 74' lang='lat' dir='ltr'>l’authentieite,</span> <span class='ocrx_word' id='word_1_221' title='bbox 885 2791 933 2839; x_wconf 84' lang='lat' dir='ltr'>Ia</span> <span class='ocrx_word' id='word_1_222' title='bbox 975 2792 1180 2840; x_wconf 79' lang='lat' dir='ltr'>divinite</span> <span class='ocrx_word' id='word_1_223' title='bbox 1204 2828 1217 2850; x_wconf 86' lang='lat'>,</span> <span class='ocrx_word' id='word_1_224' title='bbox 1266 2790 1312 2838; x_wconf 88' lang='lat' dir='ltr'>Ia</span> 
     </span>
     <span class='ocr_line' id='line_1_30' title="bbox 294 2874 1312 2939; baseline -0.006 -14"><span class='ocrx_word' id='word_1_225' title='bbox 294 2878 497 2925; x_wconf 74' lang='lat' dir='ltr'>veracite</span> <span class='ocrx_word' id='word_1_226' title='bbox 531 2875 588 2924; x_wconf 81' lang='lat' dir='ltr'>de</span> <span class='ocrx_word' id='word_1_227' title='bbox 623 2892 708 2924; x_wconf 78' lang='lat' dir='ltr'>uos</span> <span class='ocrx_word' id='word_1_228' title='bbox 751 2874 992 2939; x_wconf 77' lang='lat' dir='ltr'>evauqiles</span> <span class='ocrx_word' id='word_1_229' title='bbox 1012 2891 1033 2935; x_wconf 87' lang='lat'>,·</span> <span class='ocrx_word' id='word_1_230' title='bbox 1072 2875 1198 2921; x_wconf 80' lang='lat' dir='ltr'>mais</span> <span class='ocrx_word' id='word_1_231' title='bbox 1243 2881 1312 2920; x_wconf 78' lang='lat' dir='ltr'>est</span> 
     </span>
     <span class='ocr_line' id='line_1_31' title="bbox 295 2955 1312 3024; baseline -0.003 -17"><span class='ocrx_word' id='word_1_232' title='bbox 295 2958 557 3024; x_wconf 65' lang='lat' dir='ltr'>combuttue</span> <span class='ocrx_word' id='word_1_233' title='bbox 580 2975 679 3024; x_wconf 77' lang='lat' dir='ltr'>par</span> <span class='ocrx_word' id='word_1_234' title='bbox 713 2965 865 3007; x_wconf 81' lang='lat' dir='ltr'>toutes</span> <span class='ocrx_word' id='word_1_235' title='bbox 904 2957 966 3005; x_wconf 85' lang='lat' dir='ltr'>les</span> <span class='ocrx_word' id='word_1_236' title='bbox 999 2956 1145 3022; x_wconf 75' lang='lat' dir='ltr'>reqles</span> <span class='ocrx_word' id='word_1_237' title='bbox 1178 2955 1235 3004; x_wconf 84' lang='lat' dir='ltr'>de</span> <span class='ocrx_word' id='word_1_238' title='bbox 1264 2955 1312 3004; x_wconf 85' lang='lat' dir='ltr'>la</span> 
     </span>
     <span class='ocr_line' id='line_1_32' title="bbox 294 3042 1312 3106; baseline -0.003 -17"><span class='ocrx_word' id='word_1_239' title='bbox 294 3042 525 3105; x_wconf 80' lang='lat' dir='ltr'>critique,</span> <span class='ocrx_word' id='word_1_240' title='bbox 569 3049 613 3088; x_wconf 85' lang='lat' dir='ltr'>et</span> <span class='ocrx_word' id='word_1_241' title='bbox 660 3057 723 3089; x_wconf 77' lang='lat' dir='ltr'>ue</span> <span class='ocrx_word' id='word_1_242' title='bbox 764 3049 878 3106; x_wconf 81' lang='lat' dir='ltr'>peut</span> <span class='ocrx_word' id='word_1_243' title='bbox 921 3053 1131 3105; x_wconf 82' lang='lat' dir='ltr'>prouver</span> <span class='ocrx_word' id='word_1_244' title='bbox 1176 3047 1312 3086; x_wconf 82' lang='lat' dir='ltr'>autre</span> 
     </span>
     <span class='ocr_line' id='line_1_33' title="bbox 295 3120 1311 3187; baseline -0.003 -16"><span class='ocrx_word' id='word_1_245' title='bbox 295 3122 431 3171; x_wconf 78' lang='lat' dir='ltr'>chose</span> <span class='ocrx_word' id='word_1_246' title='bbox 453 3140 542 3187; x_wconf 89' lang='lat' dir='ltr'>que</span> <span class='ocrx_word' id='word_1_247' title='bbox 569 3122 803 3172; x_wconf 74' lang='lat' dir='ltr'>l’extreme</span> <span class='ocrx_word' id='word_1_248' title='bbox 830 3121 1034 3170; x_wconf 79' lang='lat' dir='ltr'>habilete</span> <span class='ocrx_word' id='word_1_249' title='bbox 1066 3121 1147 3169; x_wconf 83' lang='lat' dir='ltr'>des</span> <span class='ocrx_word' id='word_1_250' title='bbox 1178 3120 1311 3169; x_wconf 76' lang='lat' dir='ltr'>hom-</span> 
     </span>
     <span class='ocr_line' id='line_1_34' title="bbox 296 3202 1309 3270; baseline -0.001 -18"><span class='ocrx_word' id='word_1_251' title='bbox 296 3222 394 3253; x_wconf 82' lang='lat' dir='ltr'>mes</span> <span class='ocrx_word' id='word_1_252' title='bbox 426 3206 545 3269; x_wconf 86' lang='lat' dir='ltr'>qui,</span> <span class='ocrx_word' id='word_1_253' title='bbox 572 3205 601 3252; x_wconf 86' lang='grc' dir='ltr'>ὰ</span> <span class='ocrx_word' id='word_1_254' title='bbox 615 3205 744 3269; x_wconf 84' lang='lat' dir='ltr'>force</span> <span class='ocrx_word' id='word_1_255' title='bbox 772 3205 966 3270; x_wconf 79' lang='lat' dir='ltr'>d’esprit</span> <span class='ocrx_word' id='word_1_256' title='bbox 992 3213 1034 3252; x_wconf 84' lang='lat' dir='ltr'>et</span> <span class='ocrx_word' id='word_1_257' title='bbox 1061 3203 1119 3251; x_wconf 82' lang='lat' dir='ltr'>de</span> <span class='ocrx_word' id='word_1_258' title='bbox 1144 3202 1309 3264; x_wconf 77' lang='lat' dir='ltr'>talem,</span> 
     </span>
     <span class='ocr_line' id='line_1_35' title="bbox 296 3285 1312 3352; baseline -0.001 -18"><span class='ocrx_word' id='word_1_259' title='bbox 296 3288 493 3335; x_wconf 80' lang='lat' dir='ltr'>avaient</span> <span class='ocrx_word' id='word_1_260' title='bbox 524 3288 676 3334; x_wconf 72' lang='lat' dir='ltr'>reussi</span> <span class='ocrx_word' id='word_1_261' title='bbox 713 3288 743 3335; x_wconf 85' lang='grc' dir='ltr'><em>ὰ</em></span> <span class='ocrx_word' id='word_1_262' title='bbox 787 3304 845 3335; x_wconf 82' lang='lat' dir='ltr'>en</span> <span class='ocrx_word' id='word_1_263' title='bbox 879 3286 1009 3351; x_wconf 79' lang='lat' dir='ltr'>faire</span> <span class='ocrx_word' id='word_1_264' title='bbox 1042 3302 1135 3333; x_wconf 78' lang='lat' dir='ltr'>une</span> <span class='ocrx_word' id='word_1_265' title='bbox 1163 3285 1312 3352; x_wconf 76' lang='lat' dir='ltr'>hypo-</span> 
     </span>
     <span class='ocr_line' id='line_1_36' title="bbox 296 3371 1312 3437; baseline -0.003 -17"><span class='ocrx_word' id='word_1_266' title='bbox 296 3372 420 3420; x_wconf 76' lang='lat' dir='ltr'>these</span> <span class='ocrx_word' id='word_1_267' title='bbox 462 3373 717 3437; x_wconf 65' lang='lat' dir='ltr'>spec-ieme.</span> <span class='ocrx_word' id='word_1_268' title='bbox 763 3371 1067 3437; x_wconf 79' lang='lat' dir='ltr'>N’importe,·</span> <span class='ocrx_word' id='word_1_269' title='bbox 1098 3375 1312 3435; x_wconf 77' lang='lat' dir='ltr'>attaques</span> 
     </span>
     <span class='ocr_line' id='line_1_37' title="bbox 298 3452 1313 3518; baseline -0.005 -14"><span class='ocrx_word' id='word_1_270' title='bbox 298 3472 410 3504; x_wconf 86' lang='lat' dir='ltr'>avee</span> <span class='ocrx_word' id='word_1_271' title='bbox 443 3462 568 3502; x_wconf 81' lang='lat' dir='ltr'>toute</span> <span class='ocrx_word' id='word_1_272' title='bbox 592 3453 639 3502; x_wconf 87' lang='lat' dir='ltr'>Ia</span> <span class='ocrx_word' id='word_1_273' title='bbox 659 3454 789 3518; x_wconf 76' lang='lat' dir='ltr'>force</span> <span class='ocrx_word' id='word_1_274' title='bbox 816 3453 871 3501; x_wconf 80' lang='lat' dir='ltr'>de</span> <span class='ocrx_word' id='word_1_275' title='bbox 902 3453 950 3502; x_wconf 86' lang='lat' dir='ltr'>la</span> <span class='ocrx_word' id='word_1_276' title='bbox 976 3454 1160 3502; x_wconf 78' lang='lat' dir='ltr'>soieuce</span> <span class='ocrx_word' id='word_1_277' title='bbox 1196 3461 1241 3500; x_wconf 84' lang='lat' dir='ltr'>et</span> <span class='ocrx_word' id='word_1_278' title='bbox 1256 3452 1313 3500; x_wconf 84' lang='lat' dir='ltr'>de</span> 
     </span>
     <span class='ocr_line' id='line_1_38' title="bbox 299 3533 1311 3599; baseline -0.001 -17"><span class='ocrx_word' id='word_1_279' title='bbox 299 3537 347 3586; x_wconf 85' lang='lat' dir='ltr'>la</span> <span class='ocrx_word' id='word_1_280' title='bbox 377 3537 523 3585; x_wconf 77' lang='lat' dir='ltr'>verite</span> <span class='ocrx_word' id='word_1_281' title='bbox 543 3572 555 3596; x_wconf 91' lang='lat'>,</span> <span class='ocrx_word' id='word_1_282' title='bbox 590 3534 764 3599; x_wconf 71' lang='lat' dir='ltr'>oblt&#39;ye&#39;s</span> <span class='ocrx_word' id='word_1_283' title='bbox 805 3552 917 3583; x_wconf 80' lang='lat' dir='ltr'>sans</span> <span class='ocrx_word' id='word_1_284' title='bbox 949 3552 1072 3583; x_wconf 83' lang='lat' dir='ltr'>cesse</span> <span class='ocrx_word' id='word_1_285' title='bbox 1106 3533 1311 3582; x_wconf 80' lang='lat' dir='ltr'>d&#39;aban·</span> 
     </span>
     <span class='ocr_line' id='line_1_39' title="bbox 300 3615 1316 3683; baseline -0.003 -17"><span class='ocrx_word' id='word_1_286' title='bbox 300 3619 484 3666; x_wconf 67' lang='lat' dir='ltr'>deviner</span> <span class='ocrx_word' id='word_1_287' title='bbox 504 3616 698 3683; x_wconf 82' lang='lat' dir='ltr'>quelque</span> <span class='ocrx_word' id='word_1_288' title='bbox 721 3618 884 3683; x_wconf 79' lang='lat' dir='ltr'>partie</span> <span class='ocrx_word' id='word_1_289' title='bbox 914 3618 1081 3665; x_wconf 81' lang='lat' dir='ltr'>ruine&#39;e</span> <span class='ocrx_word' id='word_1_290' title='bbox 1121 3616 1179 3665; x_wconf 86' lang='lat' dir='ltr'>de</span> <span class='ocrx_word' id='word_1_291' title='bbox 1211 3615 1316 3664; x_wconf 84' lang='lat' dir='ltr'>leur</span> 
     </span>
     <span class='ocr_line' id='line_1_40' title="bbox 301 3699 1316 3764; baseline 0.001 -19"><span class='ocrx_word' id='word_1_292' title='bbox 301 3699 462 3764; x_wconf 76' lang='lat' dir='ltr'>edifice</span> <span class='ocrx_word' id='word_1_293' title='bbox 480 3735 495 3763; x_wconf 89' lang='lat'>‚</span> <span class='ocrx_word' id='word_1_294' title='bbox 518 3716 588 3748; x_wconf 75' lang='lat' dir='ltr'>ses</span> <span class='ocrx_word' id='word_1_295' title='bbox 615 3708 809 3747; x_wconf 77' lang='lat' dir='ltr'>auteurs</span> <span class='ocrx_word' id='word_1_296' title='bbox 827 3737 839 3760; x_wconf 87' lang='lat'>,</span> <span class='ocrx_word' id='word_1_297' title='bbox 860 3706 1103 3747; x_wconf 74' lang='lat' dir='ltr'>entassant</span> <span class='ocrx_word' id='word_1_298' title='bbox 1131 3699 1316 3764; x_wconf 79' lang='lat' dir='ltr'>conjec-</span> 
     </span>
    </p>
   </div>
   <div class='ocr_carea' id='block_1_6' title="bbox 1394 1889 2418 3764">
    <p class='ocr_par' dir='ltr' id='par_1_6' title="bbox 1394 1889 2418 2529">
     <span class='ocr_line' id='line_1_41' title="bbox 1394 1889 2417 1956; baseline 0 -18"><span class='ocrx_word' id='word_1_299' title='bbox 1394 1908 1456 1938; x_wconf 80' lang='lat' dir='ltr'>en</span> <span class='ocrx_word' id='word_1_300' title='bbox 1490 1906 1758 1956; x_wconf 81' lang='lat' dir='ltr'>apparenee</span> <span class='ocrx_word' id='word_1_301' title='bbox 1796 1889 1993 1955; x_wconf 78' lang='lat' dir='ltr'>quelque</span> <span class='ocrx_word' id='word_1_302' title='bbox 2032 1889 2189 1938; x_wconf 87' lang='lat' dir='ltr'>ombre</span> <span class='ocrx_word' id='word_1_303' title='bbox 2221 1890 2279 1938; x_wconf 85' lang='lat' dir='ltr'>de</span> <span class='ocrx_word' id='word_1_304' title='bbox 2305 1889 2417 1938; x_wconf 71' lang='lat' dir='ltr'>soli-</span> 
     </span>
     <span class='ocr_line' id='line_1_42' title="bbox 1395 1970 2418 2037; baseline 0 -17"><span class='ocrx_word' id='word_1_305' title='bbox 1395 1973 1512 2022; x_wconf 73' lang='lat' dir='ltr'>dite.</span> <span class='ocrx_word' id='word_1_306' title='bbox 1552 1970 1685 2020; x_wconf 82' lang='lat' dir='ltr'>Mais</span> <span class='ocrx_word' id='word_1_307' title='bbox 1707 1970 1827 2037; x_wconf 79' lang='lat' dir='ltr'>Huq</span> <span class='ocrx_word' id='word_1_308' title='bbox 1846 1971 2069 2037; x_wconf 81' lang='lat' dir='ltr'>l’attaque</span> <span class='ocrx_word' id='word_1_309' title='bbox 2094 1972 2216 2020; x_wconf 80' lang='lat' dir='ltr'>dans</span> <span class='ocrx_word' id='word_1_310' title='bbox 2239 1971 2418 2037; x_wconf 77' lang='lat' dir='ltr'>lesfor·</span> 
     </span>
     <span class='ocr_line' id='line_1_43' title="bbox 1396 2052 2414 2120; baseline -0.002 -18"><span class='ocrx_word' id='word_1_311' title='bbox 1396 2071 1520 2115; x_wconf 80' lang='lat' dir='ltr'>mes,</span> <span class='ocrx_word' id='word_1_312' title='bbox 1577 2063 1622 2102; x_wconf 86' lang='lat' dir='ltr'>et</span> <span class='ocrx_word' id='word_1_313' title='bbox 1671 2053 1746 2102; x_wconf 79' lang='lat' dir='ltr'>lui</span> <span class='ocrx_word' id='word_1_314' title='bbox 1769 2063 1908 2119; x_wconf 79' lang='lat' dir='ltr'>porte</span> <span class='ocrx_word' id='word_1_315' title='bbox 1955 2052 1998 2102; x_wconf 88' lang='lat' dir='ltr'>le</span> <span class='ocrx_word' id='word_1_316' title='bbox 2034 2071 2155 2120; x_wconf 77' lang='lat' dir='ltr'>coup</span> <span class='ocrx_word' id='word_1_317' title='bbox 2197 2054 2382 2118; x_wconf 76' lang='lat' dir='ltr'>decisis</span> <span class='ocrx_word' id='word_1_318' title='bbox 2396 2072 2414 2114; x_wconf 79' lang='lat'>‚-</span> 
     </span>
     <span class='ocr_line' id='line_1_44' title="bbox 1395 2135 2412 2202; baseline 0.002 -19"><span class='ocrx_word' id='word_1_319' title='bbox 1395 2138 1701 2184; x_wconf 79' lang='lat' dir='ltr'>maintenaut</span> <span class='ocrx_word' id='word_1_320' title='bbox 1725 2135 1765 2183; x_wconf 78' lang='lat' dir='ltr'>il</span> <span class='ocrx_word' id='word_1_321' title='bbox 1780 2137 1899 2184; x_wconf 78' lang='lat' dir='ltr'>n&#39;est</span> <span class='ocrx_word' id='word_1_322' title='bbox 1916 2135 2032 2202; x_wconf 80' lang='lat' dir='ltr'>plus</span> <span class='ocrx_word' id='word_1_323' title='bbox 2051 2138 2239 2201; x_wconf 77' lang='lat' dir='ltr'>permis</span> <span class='ocrx_word' id='word_1_324' title='bbox 2264 2138 2412 2185; x_wconf 78' lang='lat' dir='ltr'>me&#39;me</span> 
     </span>
     <span class='ocr_line' id='line_1_45' title="bbox 1395 2218 2418 2283; baseline -0.001 -18"><span class='ocrx_word' id='word_1_325' title='bbox 1395 2219 1451 2266; x_wconf 82' lang='lat' dir='ltr'>de</span> <span class='ocrx_word' id='word_1_326' title='bbox 1486 2218 1652 2267; x_wconf 82' lang='lat' dir='ltr'>deuter</span> <span class='ocrx_word' id='word_1_327' title='bbox 1671 2236 1758 2266; x_wconf 80' lang='lat' dir='ltr'>sur</span> <span class='ocrx_word' id='word_1_328' title='bbox 1779 2227 1892 2266; x_wconf 81' lang='lat' dir='ltr'>cette</span> <span class='ocrx_word' id='word_1_329' title='bbox 1923 2220 2158 2283; x_wconf 73' lang='lat' dir='ltr'>question.</span> <span class='ocrx_word' id='word_1_330' title='bbox 2198 2218 2323 2265; x_wconf 87' lang='lat' dir='ltr'>Talis</span> <span class='ocrx_word' id='word_1_331' title='bbox 2351 2227 2418 2265; x_wconf 88' lang='lat' dir='ltr'>est</span> 
     </span>
     <span class='ocr_line' id='line_1_46' title="bbox 1396 2297 2414 2367; baseline 0 -18"><span class='ocrx_word' id='word_1_332' title='bbox 1396 2303 1526 2367; x_wconf 81' lang='lat' dir='ltr'>origo</span> <span class='ocrx_word' id='word_1_333' title='bbox 1553 2311 1600 2349; x_wconf 88' lang='lat' dir='ltr'>et</span> <span class='ocrx_word' id='word_1_334' title='bbox 1621 2304 1767 2349; x_wconf 84' lang='lat' dir='ltr'>exitus</span> <span class='ocrx_word' id='word_1_335' title='bbox 1787 2297 1931 2366; x_wconf 84' lang='lat' dir='ltr'>hujus</span> <span class='ocrx_word' id='word_1_336' title='bbox 1963 2299 2190 2363; x_wconf 84' lang='lat' dir='ltr'>evangelii</span> <span class='ocrx_word' id='word_1_337' title='bbox 2213 2301 2414 2350; x_wconf 82' lang='lat' dir='ltr'>aramaei.</span> 
     </span>
     <span class='ocr_line' id='line_1_47' title="bbox 1395 2380 2418 2446; baseline -0.002 -15"><span class='ocrx_word' id='word_1_338' title='bbox 1395 2380 1618 2431; x_wconf 81' lang='lat' dir='ltr'>Attamen</span> <span class='ocrx_word' id='word_1_339' title='bbox 1637 2381 1839 2430; x_wconf 87' lang='lat' dir='ltr'>Kuinoel</span> <span class='ocrx_word' id='word_1_340' title='bbox 1862 2416 1874 2439; x_wconf 94' lang='lat'>,</span> <span class='ocrx_word' id='word_1_341' title='bbox 1898 2380 2225 2445; x_wconf 81' lang='lat' dir='ltr'>Wegscheider</span> <span class='ocrx_word' id='word_1_342' title='bbox 2246 2382 2418 2446; x_wconf 88' lang='lat' dir='ltr'>aliique</span> 
     </span>
     <span class='ocr_line' id='line_1_48' title="bbox 1396 2464 2412 2529; baseline 0.001 -19"><span class='ocrx_word' id='word_1_343' title='bbox 1396 2466 1564 2529; x_wconf 88' lang='lat' dir='ltr'>passim</span> <span class='ocrx_word' id='word_1_344' title='bbox 1593 2466 1709 2511; x_wconf 87' lang='lat' dir='ltr'>mira</span> <span class='ocrx_word' id='word_1_345' title='bbox 1743 2467 1982 2512; x_wconf 85' lang='lat' dir='ltr'>securitate</span> <span class='ocrx_word' id='word_1_346' title='bbox 2014 2465 2099 2527; x_wconf 82' lang='lat' dir='ltr'>ipsi</span> <span class='ocrx_word' id='word_1_347' title='bbox 2129 2464 2412 2511; x_wconf 87' lang='lat' dir='ltr'>innituntur.</span> 
     </span>
    </p>

    <p class='ocr_par' dir='ltr' id='par_1_7' title="bbox 1465 2545 1860 2610">
     <span class='ocr_line' id='line_1_49' title="bbox 1465 2545 1860 2610; baseline 0.005 -18"><span class='ocrx_word' id='word_1_348' title='bbox 1465 2545 1536 2610; x_wconf 89' lang='lat'>(1)</span> <span class='ocrx_word' id='word_1_349' title='bbox 1574 2546 1691 2595; x_wconf 86' lang='lat' dir='ltr'>Luc.</span> <span class='ocrx_word' id='word_1_350' title='bbox 1726 2563 1743 2593; x_wconf 87' lang='lat'>1</span> <span class='ocrx_word' id='word_1_351' title='bbox 1767 2582 1781 2609; x_wconf 89' lang='lat'>‚</span> <span class='ocrx_word' id='word_1_352' title='bbox 1815 2562 1860 2594; x_wconf 83' lang='lat'>2.</span> 
     </span>
    </p>

    <p class='ocr_par' dir='ltr' id='par_1_8' title="bbox 1396 2627 2416 3764">
     <span class='ocr_line' id='line_1_50' title="bbox 1466 2627 2414 2692; baseline 0 -17"><span class='ocrx_word' id='word_1_353' title='bbox 1466 2629 1529 2692; x_wconf 76' lang='lat'>(2)</span> <span class='ocrx_word' id='word_1_354' title='bbox 1569 2629 1621 2676; x_wconf 87' lang='lat' dir='ltr'>ld</span> <span class='ocrx_word' id='word_1_355' title='bbox 1657 2632 1782 2677; x_wconf 89' lang='lat' dir='ltr'>enim</span> <span class='ocrx_word' id='word_1_356' title='bbox 1820 2637 2045 2675; x_wconf 81' lang='lat' dir='ltr'>testantur</span> <span class='ocrx_word' id='word_1_357' title='bbox 2089 2627 2256 2691; x_wconf 84' lang='lat' dir='ltr'>Papias</span> <span class='ocrx_word' id='word_1_358' title='bbox 2294 2628 2414 2692; x_wconf 84' lang='lat' dir='ltr'>apud</span> 
     </span>
     <span class='ocr_line' id='line_1_51' title="bbox 1397 2709 2412 2775; baseline 0.002 -17"><span class='ocrx_word' id='word_1_359' title='bbox 1397 2709 1670 2759; x_wconf 88' lang='lat' dir='ltr'>Euseb.lib.</span> <span class='ocrx_word' id='word_1_360' title='bbox 1691 2727 1761 2771; x_wconf 84' lang='lat'>111,</span> <span class='ocrx_word' id='word_1_361' title='bbox 1779 2718 1884 2775; x_wconf 84' lang='lat' dir='ltr'>cap.</span> <span class='ocrx_word' id='word_1_362' title='bbox 1904 2710 2018 2772; x_wconf 85' lang='lat' dir='ltr'>ult.;</span> <span class='ocrx_word' id='word_1_363' title='bbox 2037 2709 2254 2758; x_wconf 87' lang='lat' dir='ltr'>Clemens</span> <span class='ocrx_word' id='word_1_364' title='bbox 2277 2709 2412 2760; x_wconf 84' lang='lat' dir='ltr'>Alex.</span> 
     </span>
     <span class='ocr_line' id='line_1_52' title="bbox 1397 2791 2409 2857; baseline 0.002 -18"><span class='ocrx_word' id='word_1_365' title='bbox 1397 2793 1446 2840; x_wconf 89' lang='lat' dir='ltr'>in</span> <span class='ocrx_word' id='word_1_366' title='bbox 1499 2791 1735 2856; x_wconf 88' lang='lat' dir='ltr'>deperdito</span> <span class='ocrx_word' id='word_1_367' title='bbox 1795 2792 2184 2857; x_wconf 78' lang='lat' dir='ltr'>hypothyposeon</span> <span class='ocrx_word' id='word_1_368' title='bbox 2236 2809 2370 2856; x_wconf 88' lang='lat' dir='ltr'>opere</span> <span class='ocrx_word' id='word_1_369' title='bbox 2396 2830 2409 2853; x_wconf 89' lang='lat'>‚</span> 
     </span>
     <span class='ocr_line' id='line_1_53' title="bbox 1397 2872 2413 2939; baseline 0 -18"><span class='ocrx_word' id='word_1_370' title='bbox 1397 2873 1520 2938; x_wconf 84' lang='lat' dir='ltr'>apud</span> <span class='ocrx_word' id='word_1_371' title='bbox 1538 2873 1711 2922; x_wconf 75' lang='lat' dir='ltr'>Euseb;</span> <span class='ocrx_word' id='word_1_372' title='bbox 1730 2873 1817 2922; x_wconf 87' lang='lat' dir='ltr'>lib.</span> <span class='ocrx_word' id='word_1_373' title='bbox 1835 2891 1870 2920; x_wconf 91' lang='lat'>11</span> <span class='ocrx_word' id='word_1_374' title='bbox 1890 2911 1902 2933; x_wconf 86' lang='lat'>‚</span> <span class='ocrx_word' id='word_1_375' title='bbox 1925 2891 2029 2939; x_wconf 87' lang='lat' dir='ltr'>cap.</span> <span class='ocrx_word' id='word_1_376' title='bbox 2058 2872 2116 2922; x_wconf 88' lang='lat'>15</span> <span class='ocrx_word' id='word_1_377' title='bbox 2140 2909 2156 2934; x_wconf 88' lang='lat'><strong><em>,</em></strong></span> <span class='ocrx_word' id='word_1_378' title='bbox 2180 2884 2224 2923; x_wconf 88' lang='lat' dir='ltr'>et</span> <span class='ocrx_word' id='word_1_379' title='bbox 2239 2874 2325 2923; x_wconf 89' lang='lat' dir='ltr'>lib.</span> <span class='ocrx_word' id='word_1_380' title='bbox 2341 2890 2413 2936; x_wconf 77' lang='lat' dir='ltr'>vl,</span> 
     </span>
     <span class='ocr_line' id='line_1_54' title="bbox 1398 2953 2415 3022; baseline 0 -17"><span class='ocrx_word' id='word_1_381' title='bbox 1398 2974 1503 3022; x_wconf 87' lang='lat' dir='ltr'>cap.</span> <span class='ocrx_word' id='word_1_382' title='bbox 1537 2956 1595 3004; x_wconf 82' lang='lat'>13</span> <span class='ocrx_word' id='word_1_383' title='bbox 1623 2966 1667 3006; x_wconf 87' lang='lat' dir='ltr'>et</span> <span class='ocrx_word' id='word_1_384' title='bbox 1702 2953 1796 3018; x_wconf 68' lang='lat'>143</span> <span class='ocrx_word' id='word_1_385' title='bbox 1826 2955 1998 3004; x_wconf 84' lang='lat' dir='ltr'>Auctor</span> <span class='ocrx_word' id='word_1_386' title='bbox 2029 2959 2191 3006; x_wconf 88' lang='lat' dir='ltr'>veteris</span> <span class='ocrx_word' id='word_1_387' title='bbox 2217 2958 2267 3004; x_wconf 89' lang='lat' dir='ltr'>in</span> <span class='ocrx_word' id='word_1_388' title='bbox 2295 2956 2415 3005; x_wconf 88' lang='lat' dir='ltr'>Petri</span> 
     </span>
     <span class='ocr_line' id='line_1_55' title="bbox 1398 3036 2413 3104; baseline 0 -18"><span class='ocrx_word' id='word_1_389' title='bbox 1398 3041 1592 3103; x_wconf 86' lang='lat' dir='ltr'>priorem</span> <span class='ocrx_word' id='word_1_390' title='bbox 1607 3036 1844 3104; x_wconf 85' lang='lat' dir='ltr'>epistolam</span> <span class='ocrx_word' id='word_1_391' title='bbox 1858 3040 2175 3088; x_wconf 87' lang='lat' dir='ltr'>commentarii</span> <span class='ocrx_word' id='word_1_392' title='bbox 2187 3037 2413 3086; x_wconf 87' lang='lat' dir='ltr'>Clementi</span> 
     </span>
     <span class='ocr_line' id='line_1_56' title="bbox 1398 3118 2408 3184; baseline -0.002 -17"><span class='ocrx_word' id='word_1_393' title='bbox 1398 3119 1942 3184; x_wconf 77' lang='lat' dir='ltr'>Alex.tributi(Biblioth.</span> <span class='ocrx_word' id='word_1_394' title='bbox 1960 3121 2174 3168; x_wconf 74' lang='lat' dir='ltr'>mam&#39;ma</span> <span class='ocrx_word' id='word_1_395' title='bbox 2184 3118 2408 3178; x_wconf 76' lang='lat' dir='ltr'>Petrum,</span> 
     </span>
     <span class='ocr_line' id='line_1_57' title="bbox 1398 3200 2416 3267; baseline -0.001 -18"><span class='ocrx_word' id='word_1_396' title='bbox 1398 3211 1513 3251; x_wconf 86' lang='lat' dir='ltr'>tom.</span> <span class='ocrx_word' id='word_1_397' title='bbox 1533 3203 1614 3265; x_wconf 82' lang='lat'>¹¹)3</span> <span class='ocrx_word' id='word_1_398' title='bbox 1644 3201 1992 3267; x_wconf 81' lang='lat' dir='ltr'>Hieronymus,</span> <span class='ocrx_word' id='word_1_399' title='bbox 2023 3200 2097 3251; x_wconf 89' lang='lat' dir='ltr'>De</span> <span class='ocrx_word' id='word_1_400' title='bbox 2132 3202 2256 3248; x_wconf 75' lang='lat' dir='ltr'>viris</span> <span class='ocrx_word' id='word_1_401' title='bbox 2281 3200 2416 3248; x_wconf 82' lang='lat' dir='ltr'>illus-</span> 
     </span>
     <span class='ocr_line' id='line_1_58' title="bbox 1396 3282 2411 3345; baseline 0 -16"><span class='ocrx_word' id='word_1_402' title='bbox 1396 3283 1569 3344; x_wconf 74' lang='lat' dir='ltr'>tribus,</span> <span class='ocrx_word' id='word_1_403' title='bbox 1600 3285 1649 3331; x_wconf 89' lang='lat' dir='ltr'>in</span> <span class='ocrx_word' id='word_1_404' title='bbox 1675 3283 1916 3345; x_wconf 83' lang='lat' dir='ltr'>Marcum3</span> <span class='ocrx_word' id='word_1_405' title='bbox 1946 3283 2145 3332; x_wconf 87' lang='lat' dir='ltr'>Irenaeus</span> <span class='ocrx_word' id='word_1_406' title='bbox 2166 3318 2179 3344; x_wconf 92' lang='lat'>,</span> <span class='ocrx_word' id='word_1_407' title='bbox 2206 3282 2291 3330; x_wconf 89' lang='lat' dir='ltr'>lib.</span> <span class='ocrx_word' id='word_1_408' title='bbox 2321 3299 2372 3330; x_wconf 86' lang='lat'>111</span> <span class='ocrx_word' id='word_1_409' title='bbox 2399 3321 2411 3342; x_wconf 89' lang='lat'>‚</span> 
     </span>
     <span class='ocr_line' id='line_1_59' title="bbox 1399 3362 2412 3431; baseline 0.001 -18"><span class='ocrx_word' id='word_1_410' title='bbox 1399 3384 1503 3431; x_wconf 83' lang='lat' dir='ltr'>cap.</span> <span class='ocrx_word' id='word_1_411' title='bbox 1540 3382 1556 3413; x_wconf 84' lang='lat'>1</span> <span class='ocrx_word' id='word_1_412' title='bbox 1586 3382 1599 3429; x_wconf 85' lang='lat'><em>3</em></span> <span class='ocrx_word' id='word_1_413' title='bbox 1633 3365 1961 3415; x_wconf 79' lang='lat' dir='ltr'>Tertullianus.</span> <span class='ocrx_word' id='word_1_414' title='bbox 1996 3365 2134 3415; x_wconf 76' lang='lat' dir='ltr'>Com.</span> <span class='ocrx_word' id='word_1_415' title='bbox 2169 3362 2412 3414; x_wconf 72' lang='lat' dir='ltr'>Mare-lon.</span> 
     </span>
     <span class='ocr_line' id='line_1_60' title="bbox 1398 3446 2416 3514; baseline -0.001 -18"><span class='ocrx_word' id='word_1_416' title='bbox 1398 3449 1485 3497; x_wconf 86' lang='lat' dir='ltr'>lib.</span> <span class='ocrx_word' id='word_1_417' title='bbox 1513 3465 1558 3497; x_wconf 76' lang='grc' dir='ltr'>ιν</span> <span class='ocrx_word' id='word_1_418' title='bbox 1577 3446 1635 3514; x_wconf 59' lang='grc' dir='ltr'>,ἓ</span> <span class='ocrx_word' id='word_1_419' title='bbox 1659 3447 1703 3508; x_wconf 82' lang='grc'>3;</span> <span class='ocrx_word' id='word_1_420' title='bbox 1732 3447 1971 3511; x_wconf 84' lang='lat' dir='ltr'>Origenes,</span> <span class='ocrx_word' id='word_1_421' title='bbox 2002 3447 2125 3512; x_wconf 87' lang='lat' dir='ltr'>apud</span> <span class='ocrx_word' id='word_1_422' title='bbox 2144 3447 2416 3508; x_wconf 84' lang='lat' dir='ltr'>Eusebium,</span> 
     </span>
     <span class='ocr_line' id='line_1_61' title="bbox 1399 3530 2414 3598; baseline -0.002 -19"><span class='ocrx_word' id='word_1_423' title='bbox 1399 3531 1485 3581; x_wconf 77' lang='lat' dir='ltr'>lib.</span> <span class='ocrx_word' id='word_1_424' title='bbox 1507 3548 1570 3591; x_wconf 76' lang='lat' dir='ltr'>vx,</span> <span class='ocrx_word' id='word_1_425' title='bbox 1588 3550 1691 3598; x_wconf 87' lang='lat' dir='ltr'>cap.</span> <span class='ocrx_word' id='word_1_426' title='bbox 1714 3530 1798 3594; x_wconf 85' lang='lat'>25;</span> <span class='ocrx_word' id='word_1_427' title='bbox 1816 3532 2120 3597; x_wconf 83' lang='lat' dir='ltr'>Epiphanius,</span> <span class='ocrx_word' id='word_1_428' title='bbox 2144 3531 2331 3579; x_wconf 79' lang='lat' dir='ltr'>IIaeres.</span> <span class='ocrx_word' id='word_1_429' title='bbox 2351 3547 2414 3591; x_wconf 79' lang='lat' dir='ltr'>u,</span> 
     </span>
     <span class='ocr_line' id='line_1_62' title="bbox 1400 3611 2416 3681; baseline -0.003 -18"><span class='ocrx_word' id='word_1_430' title='bbox 1400 3613 1495 3681; x_wconf 75' lang='lat'>§63</span> <span class='ocrx_word' id='word_1_431' title='bbox 1518 3615 1897 3680; x_wconf 82' lang='lat' dir='ltr'>ChrysostomuS‚</span> <span class='ocrx_word' id='word_1_432' title='bbox 1910 3613 2060 3663; x_wconf 88' lang='lat' dir='ltr'>Hom.</span> <span class='ocrx_word' id='word_1_433' title='bbox 2077 3633 2177 3676; x_wconf 75' lang='lat' dir='ltr'>xix,</span> <span class='ocrx_word' id='word_1_434' title='bbox 2197 3616 2252 3662; x_wconf 79' lang='lat' dir='ltr'>in</span> <span class='ocrx_word' id='word_1_435' title='bbox 2267 3611 2416 3675; x_wconf 69' lang='grc' dir='ltr'><strong><em>Λείας</em></strong></span> 
     </span>
     <span class='ocr_line' id='line_1_63' title="bbox 1400 3694 2413 3764; baseline -0.006 -17"><span class='ocrx_word' id='word_1_436' title='bbox 1400 3696 1690 3764; x_wconf 81' lang='lat' dir='ltr'>Augustinus</span> <span class='ocrx_word' id='word_1_437' title='bbox 1726 3696 1805 3745; x_wconf 91' lang='lat' dir='ltr'>De</span> <span class='ocrx_word' id='word_1_438' title='bbox 1843 3713 2078 3746; x_wconf 79' lang='lat' dir='ltr'>consensu</span> <span class='ocrx_word' id='word_1_439' title='bbox 2115 3694 2413 3759; x_wconf 73' lang='lat' dir='ltr'>Evanyelist.</span> 
     </span>
    </p>
   </div>
   <div class='ocr_carea' id='block_1_7' title="bbox 299 3776 2416 3849">
    <p class='ocr_par' dir='ltr' id='par_1_9' title="bbox 299 3776 2416 3849">
     <span class='ocr_line' id='line_1_64' title="bbox 299 3776 2416 3849; baseline -0.002 -20"><span class='ocrx_word' id='word_1_440' title='bbox 299 3791 401 3830; x_wconf 82' lang='lat' dir='ltr'>ture</span> <span class='ocrx_word' id='word_1_441' title='bbox 435 3799 521 3831; x_wconf 80' lang='lat' dir='ltr'>sur</span> <span class='ocrx_word' id='word_1_442' title='bbox 546 3783 845 3849; x_wconf 80' lang='lat' dir='ltr'>conjecture,</span> <span class='ocrx_word' id='word_1_443' title='bbox 882 3781 956 3830; x_wconf 82' lang='lat' dir='ltr'>lm·</span> <span class='ocrx_word' id='word_1_444' title='bbox 987 3782 1310 3831; x_wconf 77' lang='lat' dir='ltr'>conservaient</span> <span class='ocrx_word' id='word_1_445' title='bbox 1392 3781 1479 3831; x_wconf 87' lang='lat' dir='ltr'>lib.</span> <span class='ocrx_word' id='word_1_446' title='bbox 1532 3797 1578 3842; x_wconf 87' lang='lat'>1,</span> <span class='ocrx_word' id='word_1_447' title='bbox 1623 3795 1726 3845; x_wconf 89' lang='lat' dir='ltr'>cap.</span> <span class='ocrx_word' id='word_1_448' title='bbox 1765 3796 1825 3839; x_wconf 84' lang='lat'>2,</span> <span class='ocrx_word' id='word_1_449' title='bbox 1870 3790 1912 3829; x_wconf 86' lang='lat' dir='ltr'>et</span> <span class='ocrx_word' id='word_1_450' title='bbox 1950 3779 2035 3830; x_wconf 91' lang='lat' dir='ltr'>lib.</span> <span class='ocrx_word' id='word_1_451' title='bbox 2084 3795 2202 3842; x_wconf 83' lang='lat' dir='ltr'>xm,</span> <span class='ocrx_word' id='word_1_452' title='bbox 2238 3776 2416 3827; x_wconf 79' lang='lat' dir='ltr'>Contra</span> 
     </span>
    </p>
   </div>
  </div>
 </body>
</html>
