2514 4218
497 166 661 202 PART.
709 164 749 201 1.
797 163 948 200 SEC'I'.

995 164 1059 200 11.
1105 160 1228 201 CAP.
1277 162 1357 201 lv.
1402 163 1472 199 DE
1514 161 1694 200 110'1’113.
1738 162 1893 199 PRIM-

2141 143 2256 203 511

206 307 364 370 751.
414 306 540 365 Huc
568 302 850 364 accedunt
869 348 884 376 ,
923 312 1098 386 prout
1124 300 1514 363 innuebamus
1534 347 1550 377 .,
1581 303 1822 362 Patrum
1848 300 2021 361 effata
2049 302 2260 384 quibus

144 405 344 464 dotem
374 401 526 460 hanc
546 399 868 461 universim
892 399 1148 458 romanis
1172 397 1510 477 adjudicant
1533 394 1907 459 Pontificibus
1937 418 1952 457 z
1977 396 2038 455 hi
2061 398 2262 460 Patres

144 510 282 559 sunt
330 496 430 578 qui
486 494 800 554 adstruunt
847 495 908 552 in
956 492 1228 553 omnibus
1276 492 1682 551 necessitatem
1736 492 2143 552 consentiendi
2192 515 2260 554 ac

143 590 528 654 conveniendi
550 589 626 650 ad
647 612 792 648 rom.
818 588 1172 649 Cathedram
1187 633 1203 662 .‚
1234 588 1281 647 si
1303 587 1542 669 quidem
1564 586 1764 647 fideles
1795 587 1919 646 esse
1943 585 2131 673 velint
2149 589 2263 671 (l);

143 689 244 771 qui
287 687 539 747 fidenter
580 686 878 745 affirmant
913 705 1020 767 per
1055 683 1476 742 successionem
1515 704 1665 742 rom.
1704 682 2057 741 Pontificum
2083 703 2264 764 quos-

143 804 394 865 cumque
431 802 600 863 posse
642 780 941 840 haereticos
975 778 1295 865 confundi,
1341 777 1669 857 cujusmodi
1711 777 1868 837 inter
1915 789 2136 845 ceteros
2179 791 2270 839 est

146 881 395 939 Irenaeus
431 878 555 957 (2);
595 877 694 959 qui
727 875 945 936 docent
973 872 1324 933 catholicum
1358 895 1494 933 eum
1522 895 1681 950 esse,
1720 873 1824 955 qui
1868 872 2048 933 fidem
2088 873 2273 936 habet

143 995 401 1033 romanae
424 972 719 1047 Ecclesiae‚
742 973 827 1031 uti
851 971 1239 1050 Hieronymus
1263 968 1376 1049 (3);
1405 969 1505 1051 qui
1535 979 1669 1051 post
1696 989 2011 1028 romanum
2032 971 2274 1054 rescrip-

143 1082 273 1131 tum
303 1068 600 1129 clamant:
638 1073 838 1128 Causa
853 1067 1040 1146 finita
1074 1075 1189 1137 est,
1225 1066 1313 1123 uti
1346 1065 1700 1144 Augustinus
1734 1063 1859 1144 (4);
1898 1065 1998 1147 qui
2035 1086 2273 1129 asseve-

145 1175 283 1224 rant
315 1166 554 1224 Petrum
584 1170 818 1244 semper
849 1160 913 1218 in
946 1159 1183 1241 propria
1220 1157 1364 1219 sede.
1396 1170 1456 1219 et
1486 1160 1683 1221 vivere
1717 1169 1777 1219 et
1803 1160 2119 1242 praesidere
2140 1206 2157 1237 .,
2206 1173 2278 1221 ut

138 1259 814 1341 proestethuoerentihus
831 1255 981 1334 fidei
1007 1260 1309 1314 veritatem
1326 1298 1349 1327 ,
1379 1255 1465 1313 uti
1499 1256 1704 1314 Petrus
1734 1254 2121 1337 Chrysologus
2147 1257 2271 1339 (5);

145 1356 246 1437 qui
284 1354 610 1437 praedicam
641 1351 717 1412 ad
751 1371 1057 1410 romanam
1095 1347 1308 1409 Sedem
1335 1349 1664 1427 perfidiam
1698 1352 1910 1410 habere
1947 1373 2070 1412 mm
2102 1374 2275 1432 posse

144 1471 478 1520 accessum,
519 1448 605 1507 uti
646 1446 971 1530 Cyprianus
1019 1442 1133 1525 (6).
1190 1445 1274 1503 Ex
1323 1443 1415 1503 his
1461 1465 1638 1526 porro
1688 1443 1933 1527 aliisque
1985 1447 2276 1526 ejusmodi

147 1543 592 1629 quamplurimis
613 1589 630 1617 ,
669 1564 798 1625 quae
835 1541 1028 1602 afferri
1076 1551 1316 1623 possent
1338 1585 1356 1615 .,
1399 1542 1642 1599 Patrum
1692 1541 2074 1618 testimoniis,
2109 1542 2277 1603 lucu-

147 1640 338 1701 lenter
375 1649 538 1721 patet
573 1659 670 1699 eos
721 1658 956 1719 semper
996 1657 1108 1719 pro
1155 1646 1313 1695 certo
1360 1633 1638 1696 habuisse
1689 1658 1841 1697 rom.
1889 1637 2135 1714 Sedem‚
2173 1660 2278 1700 seu

147 1757 297 1795 rom.
341 1735 684 1795 Pontificem
715 1733 777 1793 in
810 1731 1151 1813 dogmaticis
1178 1730 1426 1792 decretis
1453 1753 1485 1791 a
1521 1743 1678 1792 recta
1720 1732 1835 1795 fide
1866 1732 2114 1796 deficere
2151 1759 2274 1797 non

146 1852 315 1913 posse
356 1830 467 1914 (7).

219 2020 282 2084 (1)
320 2019 458 2085 Apud
503 2018 670 2069 Baller.
708 2037 787 2084 op.
827 2021 904 2067 cit.
936 2034 1034 2084 cap.
1074 2031 1131 2065 12
1155 2054 1170 2077 ,

149 2100 176 2167 §
216 2118 232 2150 1
258 2139 272 2161 ‚
300 2120 353 2150 n.
391 2118 408 2150 ι
443 2111 489 2150 et
516 2118 652 2167 seqq.

226 2182 291 2246 (2)
332 2181 512 2230 Contra
540 2182 711 2231 heere-s,
747 2181 832 2229 lib.
869 2193 923 2229 ιιι
942 2218 956 2241 ,
987 2197 1090 2246 cap.
1120 2180 1171 2231 3.

226 2265 291 2331 (3)
328 2266 435 2315 Lib.
457 2282 494 2326 1,
519 2263 588 2314 In
612 2265 884 2332 Ruffinum,
910 2283 962 2313 n.
979 2263 1033 2330 4,
1058 2266 1171 2316 edit.

163 2347 356 2398 Vallars.
387 2358 502 2396 tom.
533 2363 602 2407 11,
636 2348 728 2397 col.
758 2344 878 2411 461.

230 2429 297 2493 (4)
326 2427 471 2479 Serm.
494 2446 628 2479 cxxxx
647 2467 660 2491 ,
682 2447 731 2480 n.
769 2445 844 2479 10.
866 2428 1037 2477 Mirum
1069 2438 1140 2477 est
1155 2466 1171 2487 ,

160 2512 395 2578 quomodo
423 2528 474 2561 se
507 2521 752 2578 torqueant
776 2511 836 2560 ad
880 2511 982 2560 haec
1013 2509 1174 2578 Augu-

159 2595 269 2642 stini
310 2594 449 2643 verba
479 2593 656 2659 prolata
683 2611 766 2659 pro
813 2595 1041 2642 concione
1062 2627 1078 2655 ,
1122 2603 1174 2643 ut

160 2692 322 2724 eorum
346 2677 440 2725 vim
457 2676 669 2736 eludant,
688 2675 1035 2725 infallibilitatis
1053 2693 1171 2740 pon-

160 2757 314 2805 tificiae
344 2757 623 2820 adversarii;
667 2773 825 2807 verum
861 2757 1001 2806 Card.
1033 2756 1171 2820 Orsi,

161 2855 234 2903 op.
270 2841 349 2887 cit.
379 2838 464 2888 lib.
498 2842 550 2886 iu
568 2876 583 2898 ‚
615 2856 718 2904 cap.
741 2854 771 2886 2
792 2876 804 2896 ‚
837 2849 924 2888 art.
949 2858 1034 2889 un.
1058 2850 1174 2888 stre-

159 2937 254 2968 nue
276 2920 353 2968 illa
379 2919 617 2982 defendit3
644 2922 754 2969 item
782 2919 995 2969 Zaccaria
1014 2957 1028 2981 ,
1060 2921 1172 2970 An-

158 2999 414 3067 tifebronio
432 3040 446 3063 ,
486 3013 603 3052 tom.
636 3016 719 3063 m,
747 3013 869 3067 part.
897 3020 934 3051 u
952 3040 967 3064 ‚
999 3004 1087 3054 lib.
1122 3022 1169 3065 1,

159 3099 262 3148 cap.
305 3084 369 3145 3,
414 3101 462 3134 n.
502 3084 596 3144 133
633 3101 687 3132 ac
717 3083 930 3149 Bolgeni‚
962 3083 1172 3151 Episco-

154 3172 297 3228 patu,
316 3166 428 3215 edit.
450 3168 529 3216 cit.
552 3164 648 3216 vol.
666 3181 747 3225 111,
775 3166 1031 3232 appendice
1046 3165 1176 3229 DD,

163 3246 245 3294 ubi
287 3257 495 3310 praeterea
536 3251 781 3297 innumera
822 3266 940 3314 pene
984 3247 1173 3298 Petrum

164 3329 421 3376 testimonia
472 3333 694 3396 congessit
746 3331 805 3379 ad
862 3333 1174 3382 evincendum

161 3419 447 3458 constantem
471 3410 561 3460 hac
585 3414 637 3460 in
665 3430 714 3462 re
744 3415 1036 3480 antiquitatis
1065 3431 1173 3463 sen·

1256 2025 1410 2065 terum
1423 2054 1438 2078 ‚
1460 2034 1563 2083 cap.
1586 2033 1616 2066 2
1632 2020 1789 2079 ,inter
1810 2022 1942 2085 epist.
1957 2017 2007 2070 S.
2028 2001 2195 2073 Leonis
2212 2023 2280 2073 M,

1257 2099 1373 2149 edit.
1401 2098 1620 2149 Ballerin.
1649 2118 1703 2149 n.
1729 2098 1794 2150 25
1814 2139 1827 2163 ,
1863 2102 1950 2151 col.
1987 2117 2106 2172 779.

1326 2180 1396 2245 (6)
1435 2180 1603 2247 Epist.
1631 2198 1717 2242 tv,
1746 2183 1813 2232 ad
1826 2183 2137 2248 Cornelium,
2163 2189 2278 2238 edit.

1256 2263 1340 2312 cit.
1367 2280 1474 2328 pag.
1497 2260 1585 2313 86.
1884 2258 1889 2261 ’

1327 2345 1395 2410 (7)
1433 2346 1597 2396 Praeter
1619 2349 1723 2396 citt.
1753 2357 1962 2397 auctores
1979 2384 1994 2409 ,
2021 2350 2111 2400 cfr.
2139 2355 2280 2403 etiam

1258 2425 1526 2476 Petitdidier
1556 2464 1572 2489 ,
1637 2428 1808 2493 Traith
1856 2429 2145 2497 theoloqique
2196 2450 2284 2484 sur

1255 2506 1492 2558 l’autoritd
1519 2518 1566 2558 et
1591 2508 1945 2575 l’infaillibilite
1974 2512 2056 2562 des
2082 2510 2276 2582 Papes,

1256 2590 1582 2658 Luxembourg
1614 2591 1760 2658 1724.
1783 2593 1874 2644 Hic
1897 2605 2116 2647 tractatus
2133 2600 2185 2647 in
2208 2599 2280 2649 la-

1257 2675 1412 2723 tinum
1448 2691 1604 2723 versus
1651 2686 1826 2741 prostat
1872 2680 2014 2727 etiam
2057 2681 2109 2728 in
2151 2679 2283 2731 The-

1255 2771 1399 2804 sauro
1419 2755 1817 2806 Theol.Zaccariae
1831 2796 1843 2818 ‚
1861 2769 1977 2808 tom.
1995 2778 2079 2822 vu,
2097 2773 2214 2827 part.
2226 2779 2283 2813 ιι.

1256 2836 1346 2902 Qui
1365 2855 1526 2886 omnes
1546 2848 1648 2903 post
1663 2836 1940 2889 Bossuetum
1962 2845 2280 2908 seripserunt3

1256 2922 1503 2969 anteriores
1519 2922 1673 2982 enim,
1706 2921 1924 2971 adversus
1947 2940 2066 2989 quos
2099 2929 2282 2992 scripsit

1255 3003 1380 3051 idem
1403 3001 1656 3052 Meldensis
1680 3002 1962 3070 Episcopus,
1986 3007 2116 3057 nolui
2146 3025 2281 3058 com-

1257 3099 1539 3143 memorare,
1564 3101 1624 3133 ne
1646 3087 1751 3151 quis
1767 3089 2013 3153 exciperet,
2033 3106 2111 3139 eos
2123 3090 2183 3140 ab
2202 3091 2281 3140 illo

1257 3166 1520 3214 confutatos
1545 3165 1705 3216 fuisse.
1727 3167 1918 3236 Nequeo
1948 3181 2106 3222 tam-en
2144 3173 2280 3238 peril-

1257 3248 1390 3297 lustri
1424 3251 1617 3297 antistiti
1651 3248 1882 3300 Meldensi
1916 3247 2015 3303 non
2047 3272 2282 3319 opponere

1258 3329 1569 3380 clarissimum
1611 3331 1739 3381 aliud
1782 3332 1998 3384 Ecclesiae
2043 3335 2280 3400 gallicanae

1258 3412 1426 3474 decus,
1447 3428 1676 3480 magnum
1705 3431 1875 3481 nempe
1901 3415 2280 3469 Cameracensem

162 3508 282 3538 sum.
323 3490 422 3540 Cfr.
465 3494 603 3541 etiam
636 3496 843 3560 ejusdem
876 3514 991 3562 opus
1023 3513 1038 3545 ε
1071 3496 1182 3545 Ris-
1264 3496 1545 3555 antistitem,
1589 3495 1925 3559 Fenelonium‚
1961 3501 2012 3547 in
2042 3498 2166 3550 Diss.
2198 3500 2280 3551 De

156 3581 294 3637 posta
308 3571 491 3621 allibro
511 3592 528 3623 .·
545 3573 656 3623 Cos'
678 3577 704 3624 ὸ
718 3593 789 3625 un
802 3577 1068 3644 appellante
1081 3578 1114 3626 Ρ

1263 3578 1446 3625 summi
1461 3575 1720 3643 Pontificis
1743 3581 2049 3643 auctoritate,
2073 3599 2182 3651 opp.
2199 3585 2278 3634 cit.

233 3653 297 3718 (ὅ)
333 3653 386 3702 In
402 3652 566 3722 Epist.
588 3656 655 3706 ad
680 3656 950 3724 Eutychum
976 3659 1184 3725 Pro-shy·
1265 3658 1378 3709 edit.
1412 3658 1655 3712 Versailles
1687 3659 1844 3724 1820,
1876 3672 1991 3712 tom.
2026 3681 2075 3714 11.
