2514 4218
303 226 466 267 PART.
512 228 551 262 1.
602 224 752 262 SECT.
804 225 868 262 11.
918 223 1045 262 GAP.
1095 224 1186 261 111.
1233 223 1300 259 DE
1344 220 1474 260 NAT.
1526 222 1592 258 ΕΤ
1636 220 1757 259 JUR.
1805 220 1959 259 Pltm.

2072 154 2187 258 427

63 370 270 431 Merito
288 368 500 429 idcirco
523 369 879 426 oecumenici
905 366 1200 446 Episcopi
1232 363 1695 424 denominationi
1722 363 1952 422 fortiter
1979 363 2192 423 restitit

62 467 302 546 Magnus
341 464 648 544 Gregorius
697 463 770 522 ad
811 461 964 520 mala
1002 461 1227 520 semina
1276 458 1630 519 suffocanda.
1681 458 1830 517 Cum
1875 479 2013 517 vero
2045 456 2191 516 illud

61 560 458 620 interdixisset
501 559 718 619 ‚loanni
738 603 753 632 ,
814 555 1120 639 prudentis
1171 554 1514 617 oeconomiae
1559 553 1741 634 gratia
1797 551 2000 612 debuit
2049 575 2079 611 a
2129 573 2191 612 se

64 655 370 734 Gregorius
398 655 616 735 pariter
637 673 941 734 respuere,
970 651 1238 732 quamvis
1268 650 1543 724 fateatur,
1563 648 1674 707 sibi
1691 646 1838 706 illud
1862 658 2192 729 competere

53 754 186 828 jure
217 771 385 832 posse
407 751 519 830 (1).
553 750 818 821 Interim,
850 758 917 805 ut
950 744 1295 827 praeclarum
1324 743 1668 804 humilitatis
1690 742 2028 825 exemplum
2053 762 2191 824 prae-

61 843 230 905 beret
254 891 269 919 ,
307 856 455 905 teste
481 850 602 923 ejus
644 840 966 924 biographo
985 885 1002 915 ,
1032 861 1154 900 sese
1181 839 1392 900 exinde
1428 839 1608 922 coepit
1640 840 1699 900 S.
1733 838 2039 919 Gregorius
2063 840 2191 898 Ser-

61 961 205 1000 vum
245 943 568 1000 Servorum
607 942 733 1000 Dei
762 956 1102 1018 nuncupare
1135 935 1246 1016 (2).

63 1188 88 1218 a
118 1171 331 1236 pluribus
357 1172 552 1232 seculiS,
591 1180 643 1219 ut
679 1187 733 1218 ex
765 1170 878 1217 actis
913 1167 1083 1216 Conci-

61 1255 230 1304 liorum
264 1265 310 1306 et
343 1257 508 1321 agendi
542 1257 718 1303 ratione
747 1251 1084 1318 Episcoporum

62 1336 190 1385 illius
245 1339 365 1386 sedis
417 1337 696 1403 apertissime
742 1342 938 1383 constat.
983 1331 1084 1382 Cfr.

63 1419 231 1469 Christ.
263 1421 452 1486 Lupus,
480 1421 528 1467 in
561 1415 769 1465 Scholiis
796 1417 854 1465 ad
895 1432 998 1464 can.
1034 1416 1088 1462 'ui

61 1501 208 1551 Conc.
269 1500 767 1566 Constantinopolitaui
823 1498 879 1559 I,
933 1507 979 1547 et
1024 1498 1082 1547 ad

62 1600 171 1633 can.
206 1583 352 1633 xxviii
383 1583 529 1631 Cone.
558 1582 778 1631 Chalced.
814 1580 898 1630 ubi
930 1581 1080 1629 ambi-

61 1667 199 1714 tionis
244 1648 432 1714 illei-um
474 1665 722 1730 praesulum
764 1665 1047 1731 principium
1066 1700 1079 1722 ,

62 1765 351 1814 progressum
370 1765 424 1797 ac
439 1747 675 1797 funestum
699 1748 886 1797 tandem
908 1748 1082 1796 exitum

60 1831 269 1895 exponit.

128 1912 199 1974 (l)
237 1909 422 1960 Etenim
458 1911 507 1959 S.
537 1908 810 1976 Gregorius,
839 1912 969 1976 epist.
999 1911 1081 1960 cit.

63 2007 173 2041 xvm
204 2009 259 2041 ex
284 1992 368 2040 lib.
403 2011 432 2040 v
449 2030 463 2052 ,
506 2002 662 2057 aperte
687 1993 847 2041 scribit
876 2010 892 2042 ε
919 1991 1079 2041 Num·

65 2073 186 2138 quid
211 2090 337 2135 non,
361 2075 486 2122 sicut
511 2082 667 2122 vestra
685 2074 971 2139 fraternitas
985 2090 1081 2123 no-

68 2157 166 2216 vit,
200 2173 295 2221 per
337 2156 666 2204 venerandum
708 2155 1084 2205 Chalcedonense

71 2237 345 2285 Concilium
366 2237 512 2303 hujus
526 2237 575 2286 A
570 2236 811 2304 postolicoe
822 2235 968 2288 Sedis
981 2238 1030 2288 A
1033 2256 1085 2285 n-

65 2321 243 2367 tistites
261 2357 274 2377 ‚
306 2320 390 2367 cui
403 2317 504 2368 Deo
531 2320 810 2385 disponente
836 2320 1047 2369 deservio
1066 2358 1079 2380 ‚

66 2401 359 2450 universales
380 2401 535 2451 oblato
553 2401 730 2450 honore
747 2403 904 2451 vocati
925 2403 1084 2450 sunt!a

65 2483 167 2533 Sed
196 2492 355 2534 tamen
377 2485 541 2533 nullus
569 2502 783 2551 anquam
821 2484 910 2534 tali
937 2501 1079 2534 voca-

66 2566 177 2615 bulo
199 2566 439 2634 appellari
464 2567 611 2616 voluit
630 2606 644 2628 ,
679 2566 844 2616 nullus
873 2567 970 2616 sibi
996 2566 1084 2616 hoc

60 2651 367 2697 temerarium
390 2666 562 2698 nomen
590 2651 806 2715 arripuit
817 2671 836 2708 ;
860 2666 946 2709 ne,
966 2651 1014 2698 si
1027 2651 1084 2697 in

55 2731 372 2796 pontificatus
398 2733 556 2798 qradu
585 2731 792 2797 ylariam
819 2731 1081 2798 sinyulari-

60 2815 175 2861 tatis
206 2815 440 2879 arriperet
458 2853 472 2875 ‚
504 2814 632 2863 hanc
662 2815 890 2863 omnihus
912 2813 1084 2880 fiatri-

60 2895 151 2943 has
187 2896 441 2961 deneqasse
484 2898 745 2948 videretur.
785 2898 959 2947 Eadem
987 2899 1083 2948 fere

59 2981 221 3045 repetit
252 2981 369 3028 ibid.
409 2999 484 3047 ep.
519 2998 644 3031 xun.
683 2981 757 3030 En
804 3000 898 3048 quo
940 2999 1081 3031 sensu

60 3073 241 3111 sanctus
259 3062 471 3112 Pontifex
500 3065 724 3130 respuerit
744 3065 975 3130 ejusmodi
997 3065 1083 3113 de-

61 3147 451 3208 nominationem,
469 3156 514 3196 et
535 3163 626 3213 quo
639 3147 767 3195 illam
788 3165 924 3196 sensu
940 3157 1084 3196 teme-

61 3226 227 3272 rariam
256 3244 309 3275 ac
325 3229 568 3293 profanam
586 3229 779 3289 dixerit,
807 3228 868 3277 ob
886 3246 1083 3294 pravum

61 3305 232 3355 scilicet
268 3325 450 3358 sensum
502 3329 597 3378 quo
635 3313 846 3376 usurpari
886 3320 1084 3376 poterat.

62 3387 273 3436 Ceterum
306 3395 354 3436 1⁰
378 3393 565 3440 titulum
592 3393 721 3442 hunc
745 3411 826 3458 per
855 3410 902 3441 se
922 3428 938 3455 ,
968 3411 1083 3459 qua-

60 3485 195 3522 tenus
212 3468 391 3520 oblatus
407 3480 475 3520 est
488 3491 515 3521 a
530 3472 674 3523 Cone.
693 3474 1078 3537 chalcedonensi,

60 3568 139 3599 seu
167 3554 319 3615 potius
353 3555 403 3600 in
435 3553 603 3604 libellis
637 3557 957 3622 supplicibus,
1000 3561 1083 3625 qui

59 3631 255 3682 Actione
293 3651 346 3682 ιιι
393 3635 518 3684 illius
557 3636 753 3688 Concilii
785 3641 891 3689 lecti
938 3652 1045 3690 sunt
1065 3679 1080 3703 ,

61 3733 157 3765 non
194 3718 486 3783 reprehendit
515 3719 565 3768 S.
604 3719 846 3786 Gregorius
873 3761 886 3783 ,
917 3734 971 3772 ut
999 3741 1083 3789 pa·-

1165 1175 1233 1216 tet
1261 1186 1316 1218 ex
1344 1170 1473 1234 epist.
1512 1187 1601 1228 xx,
1639 1167 1730 1218 lib.
1772 1187 1813 1218 v.
1851 1176 1907 1216 2⁰
1949 1168 2063 1218 Rem
2105 1169 2192 1218 hoc

1166 1247 1303 1298 titulo
1338 1250 1645 1315 significatam
1674 1268 1794 1301 rom.
1829 1250 2050 1300 Pontifici
2079 1269 2190 1301 con-

1168 1341 1342 1380 stanter
1369 1334 1467 1397 ipse
1491 1332 1697 1382 vindicat
1714 1370 1728 1394 ,
1764 1332 1878 1382 dum
1902 1344 2036 1383 vocat
2066 1352 2187 1385 rom.

1171 1411 1446 1462 Pontificem
1469 1421 1617 1479 caput
1642 1413 1765 1478 fidei
1783 1452 1797 1476 ,
1835 1432 1895 1463 ex
1924 1433 2016 1481 quo
2045 1434 2190 1465 mem-

1165 1494 1359 1543 brorum
1397 1502 1551 1544 status
1583 1497 1769 1561 inteqer
1806 1506 1968 1545 manet
1988 1535 2002 1556 ,
2046 1503 2102 1546 ut
2139 1501 2190 1546 in
2254 1553 2259 1558 ,

1166 1578 1303 1645 epist.
1324 1594 1513 1641 xxxvn,
1542 1579 1630 1631 lib.
1654 1597 1765 1645 ¹¹¹¹3
1788 1581 1906 1629 dum
1924 1591 2215 1649 potestatem¹

1165 1680 1213 1711 se
1238 1679 1447 1712 exercere
1477 1662 1720 1728 profitetur
1739 1700 1753 1724 ,
1790 1665 1932 1712 etiam
1957 1666 2009 1712 in
2035 1666 2190 1712 orien-

1164 1745 1277 1794 tales
1303 1745 1552 1811 Episcopus
1582 1745 1813 1813 subjectos
1854 1745 1958 1795 aliis
1997 1749 2189 1811 patriar-

1164 1829 1264 1877 chis
1278 1864 1298 1893 ,
1334 1838 1388 1878 ut
1407 1828 1558 1896 liquet
1580 1847 1636 1880 ex
1660 1830 1799 1895 epist.
1832 1845 1940 1878 txvt
1959 1867 1973 1889 ,
2002 1830 2088 1879 lib.
2113 1847 2187 1894 v13

1164 1911 1280 1961 dum
1305 1911 1523 1976 affirmat,
1555 1930 1582 1962 a
1607 1929 1727 1963 rom.
1750 1912 1974 1961 Pontifice
2005 1930 2188 1962 causam

1163 1996 1446 2059 primatuum
1506 1993 1732 2062 judicari,
1792 1997 1860 2044 uti
1906 2005 2085 2046 constat
2133 2013 2189 2045 ex

1164 2080 1310 2143 epist..
1334 2093 1434 2138 ux,
1459 2077 1546 2126 lib.
1574 2094 1657 2143 ¹¹3
1686 2078 1802 2135 dum
1827 2078 1915 2127 sibi
1935 2079 2094 2128 tribuit
2112 2082 2189 2146 jus

1166 2159 1363 2208 aliorum
1397 2159 1737 2226 Episcoporum
1774 2161 2049 2210 retractandi
2083 2179 2188 2211 sen-

1164 2243 1332 2290 tentias
1352 2278 1366 2304 ‚
1396 2252 1449 2290 ut
1474 2244 1524 2290 in
1554 2244 1688 2308 epist.
1718 2259 1861 2304 xxix,
1880 2243 1968 2291 lib.
1987 2260 2045 2307 13
2073 2244 2188 2292 dum

1164 2341 1280 2372 rom.
1320 2323 1592 2372 Pontificem
1650 2323 1908 2373 Universis
1950 2324 2189 2374 Ecclesiis

1163 2421 1332 2453 curam
1375 2405 1648 2471 impendere
1698 2406 1927 2468 affirmat3
1966 2408 2080 2455 dum
2117 2408 2188 2456 lo-

1164 2505 1313 2554 quens
1324 2488 1382 2536 de
1393 2505 1585 2537 romana
1600 2487 1735 2550 Sede,
1760 2491 1850 2554 ait:
1865 2488 2058 2550 Nescio,
2077 2490 2190 2555 quis

1163 2572 1213 2618 ei
1239 2569 1517 2638 Episcopus
1546 2570 1791 2638 subjectus
1818 2588 1918 2622 non
1940 2573 2036 2633 sit,
2063 2574 2188 2622 utin

1163 2655 1299 2718 epist.
1334 2671 1442 2716 ux,
1480 2654 1570 2704 lib.
1608 2671 1694 2714 ix,
1727 2661 1818 2704 etc.
1852 2665 1942 2705 etc.
1986 2653 2086 2704 Cfr.
2116 2654 2189 2705 De

1163 2735 1465 2785 Simeonibus
1484 2775 1497 2797 ,
1529 2755 1606 2803 op.
1640 2739 1718 2786 cit.
1742 2736 1825 2785 De
1855 2754 1976 2785 rom.
2012 2737 2188 2786 Ponti-

1155 2819 1269 2882 ficis
1271 2818 1551 2884 judiciaria
1574 2826 1802 2884 potestate
1822 2856 1835 2878 ‚
1866 2836 1964 2884 cap.
1984 2816 2018 2881 4
2032 2856 2045 2880 ,
2077 2817 2149 2886 §2
2169 2855 2185 2880 ,

1163 2913 1208 2951 et
1229 2901 1337 2952 Nat.
1367 2903 1498 2952 Alex.
1532 2902 1642 2951 diss.
1672 2899 1731 2965 4,
1752 2905 1802 2950 in
1822 2902 1963 2952 secul.
1992 2919 2027 2950 1.

1233 2984 1297 3049 (2)
1334 2984 1471 3050 Apud
1513 2984 1722 3034 Bolland.
1763 2994 1877 3032 tom.
1913 3002 1977 3044 11,
2018 2985 2190 3033 mensis

1164 3065 1319 3116 Martii
1340 3104 1354 3128 ‚
1383 3069 1432 3115 iu
1464 3068 1584 3116 Vita
1604 3066 1833 3116 u‘Joanne
1851 3066 2058 3116 Diacono
2075 3084 2188 3115 con-

1162 3151 1358 3214 scripta,
1392 3149 1478 3196 lib.
1512 3165 1578 3209 11,
1617 3165 1721 3214 cap.
1756 3165 1800 3197 1.
1826 3149 1898 3196 Ex
1929 3150 2017 3197 hac
2051 3165 2187 3214 porro

1164 3233 1254 3279 vita
1283 3249 1379 3280 non
1411 3247 1542 3279 secus
1574 3247 1629 3279 ac
1661 3248 1722 3280 ex
1754 3229 1856 3291 illa,
1883 3250 2024 3297 quam
2049 3230 2186 3280 ador-

1161 3323 1335 3362 narunt
1355 3313 1556 3361 Maurini
1586 3313 1780 3363 editores
1796 3350 1810 3370 ,
1847 3331 1956 3379 opp.
1975 3324 2089 3361 tom.
2109 3329 2181 3371 lv,

1162 3415 1216 3446 ex
1250 3399 1430 3462 scriptis
1465 3394 1516 3446 S.
1551 3394 1792 3461 Gregorii,
1835 3405 1987 3462 patet,
2023 3404 2183 3444 utrum

1164 3482 1310 3544 reipsa
1328 3479 1408 3527 hic
1426 3479 1478 3528 S.
1495 3479 1705 3529 Pontifex
1722 3482 2039 3528 auctoritatem
2055 3493 2185 3526 exer-

1163 3563 1305 3609 cuerit
1333 3578 1483 3610 necne
1513 3563 1563 3609 in
1594 3561 1845 3611 Ecclesiam
1881 3562 2141 3610 universam
2164 3594 2179 3619 ,

1163 3643 1433 3693 orientalem
1456 3653 1500 3693 et
1525 3643 1875 3694 occidentalem.
