2514 4218
313 132 435 193 258
898 143 1093 185 τΒΑοτ.
1142 144 1212 180 nn
1255 143 1410 182 nocis
1453 145 1834 186 ruuntoclcm.

398 294 539 356 390.
589 292 673 352 Ex
722 311 914 373 nuper
962 289 1197 348 invecta
1237 285 1616 348 distinctione
1646 292 1993 368 janseniana
2040 294 2199 354 inter
2245 296 2341 373 jus
2390 306 2451 355 et

316 394 536 453 factum
557 435 574 461 .,
605 389 785 471 coepit
814 384 1018 465 agitari
1055 381 1180 442 haec
1216 383 1616 444 controversia
1647 382 1721 444 de
1744 387 2162 451 infallibilitate
2187 389 2452 450 Ecclesiae

315 489 380 547 in
417 487 581 547 factis
618 481 958 566 dogmaticis
1000 477 1410 557 dijudicandis,
1452 479 1800 539 Janseniani
1837 487 2136 547 communi
2180 485 2452 567 suffragio

315 581 602 664 ejusmodi
652 574 1094 661 praerogativam
1141 573 1408 635 Ecclesiae
1458 573 1793 655 denegant3
1848 577 2130 642 Catholici
2184 581 2455 641 unanimi

316 699 601 740 consensu
637 673 801 732 illam
840 669 1034 732 eidem
1061 669 1387 732 vindicant.
1431 672 1550 729 Nos
1587 682 1901 754 propterea
1940 694 2075 735 cum
2098 676 2226 737 istis
2261 678 2342 737 sic
2369 698 2456 736 as-

317 786 531 836 sertam
565 766 1027 853 propositionem
1064 766 1406 829 evincimuS.

401 867 540 929 391.
584 864 804 925 Christi
841 862 1126 938 Ecclesia
1164 885 1236 924 ex
1272 862 1478 939 dictis,
1521 885 1641 922 non
1678 862 1870 923 solum
1904 864 2070 924 testis
2111 877 2200 926 est
2234 832 2458 928 infalli-

314 964 446 1025 bilis
476 962 726 1046 depositi
747 959 1119 1022 revelationis
1143 1005 1159 1035 ,
1198 958 1358 1042 quod
1381 982 1414 1019 a
1447 958 1680 1019 Christo
1707 971 1767 1019 et
1803 960 2096 1043 Apostolis
2123 963 2458 1024 custodien-

317 1061 461 1120 dum
489 1058 749 1141 accepit,
791 1055 895 1117 sed
932 1067 1022 1116 est
1048 1066 1330 1138 praeterea
1361 1054 1686 1114 infallibilis
1715 1054 1901 1134 judex
1941 1058 2004 1115 in
2047 1061 2458 1122 controversiis

319 1154 697 1230 dirimendis,
741 1174 808 1213 ac
840 1152 1118 1234 magistra
1155 1150 1474 1212 infallibilis
1502 1152 1565 1210 in
1597 1152 1922 1214 ministerio
1950 1154 2316 1236 quotidiano·
2358 1157 2460 1216 At-

321 1254 422 1337 qui
458 1271 652 1334 neque
683 1249 869 1330 judex
906 1247 1227 1308 infallibilis
1269 1269 1378 1308 nec
1407 1247 1731 1307 infallibilis
1776 1250 2051 1330 magistra
2085 1262 2238 1311 esset
2268 1252 2331 1310 in
2359 1252 2460 1312 do-

321 1347 509 1410 cendo
532 1346 825 1431 populum
849 1361 1053 1405 sanam
1081 1343 1413 1403 doctrinam
1432 1390 1448 1420 ,
1479 1344 1594 1404 nisi
1619 1345 1841 1427 pariter
1867 1345 2189 1407 infallibilis
2214 1358 2366 1408 esset
2392 1349 2459 1408 in

317 1445 484 1505 factis
510 1441 871 1522 dogmaticis,

403 1539 544 1599 392.
592 1540 744 1598 Nam
772 1541 940 1615 juxta
969 1537 1270 1619 praemissa
1310 1536 1392 1595 ita
1417 1540 1517 1616 jus
1554 1546 1641 1597 est
1670 1557 1813 1597 ¹cum
1847 1536 1999 1598 facto
2031 1560 2365 1600 connexum
2399 1551 2462 1601 et

311 1635 393 1696 *ab
417 1657 487 1696 eo
516 1632 895 1716 dependenS,
936 1642 1003 1691 ut
1023 1677 1040 1701 ,
1075 1632 1188 1691 nisi
1215 1631 1427 1692 saltem
1458 1631 1744 1693 indirecte
1776 1645 1974 1715 posset
2006 1634 2256 1696 Ecclesia
2293 1633 2465 1694 infal-

316 1730 463 1791 libili
479 1729 700 1809 judicio
729 1727 1120 1810 pronunciare
1149 1727 1223 1788 de
1251 1728 1404 1788 facto
1424 1773 1440 1802 ,
1475 1727 1639 1788 nulla
1663 1739 1862 1810 posset
1891 1729 2118 1790 ratione
2145 1730 2464 1791 decernere

319 1826 393 1887 de
411 1831 547 1906 jure
565 1870 580 1901 ,
608 1846 712 1886 seu
736 1824 812 1886 de
840 1823 1186 1884 orthodoxia
1221 1835 1322 1883 aut
1346 1824 1726 1884 heterodoxia
1750 1825 1993 1906 alicujus
2019 1826 2458 1910 propositioniS.

320 1924 469 1983 Cum
510 1943 651 1985 vero
696 1919 774 1980 ad
820 1931 1038 1979 sartam
1093 1931 1429 2002 tectamque
1472 1920 1825 1982 servandam
1872 1921 2088 1982 Christi
2127 1922 2462 1983 doctrinam

320 2018 480 2102 apud
526 2016 763 2090 fideleS,
816 2027 993 2098 atque
1042 2015 1119 2075 ad
1169 2035 1265 2076 eos
1316 2015 1702 2095 retrahendos
1746 2039 1779 2076 a
1829 2019 2057 2099 pascuis
2113 2020 2462 2094 venenatiS,

318 2137 534 2198 eosque
572 2136 714 2174 sana
742 2113 1006 2174 doctrina
1033 2113 1428 2174 instituendos
1460 2159 1476 2188 ,
1518 2115 1763 2173 omnino
1793 2135 1941 2195 opus
1981 2114 2058 2173 sit
2089 2124 2220 2174 tum
2252 2113 2465 2175 infalli-

317 2211 421 2271 bili
447 2209 667 2290 judicio
688 2255 703 2284 ,
740 2221 872 2269 tum
906 2208 1202 2268 infallibili
1238 2210 1571 2289 magisterio
1603 2255 1619 2284 ,
1664 2208 1844 2292 plane
1882 2210 2294 2293 consequitur,
2340 2231 2463 2270 non

318 2309 514 2367 minus
550 2304 744 2388 quoad
765 2309 895 2384 juS,
927 2327 1105 2388 quam
1130 2305 1328 2387 quoad
1356 2305 1574 2365 factum
1596 2351 1613 2374 ,
1643 2327 1716 2366 ex
1749 2327 1867 2388 quo
1900 2304 2050 2366 illud
2072 2306 2332 2389 pendet,
2361 2305 2462 2366 de-

314 2402 455 2463 bere
486 2400 796 2461 Ecclesiam
820 2399 1238 2466 infallibilitate
1268 2389 1510 2484 pollere.
1550 2400 1823 2485 Alioquin
1844 2447 1860 2477 ,
1895 2423 2030 2462 cum
2054 2402 2303 2464 Ecclesia
2323 2449 2339 2477 ,
2383 2423 2461 2462 ne

315 2497 518 2558 fideles
557 2496 753 2579 pravis
786 2494 1158 2577 dogmatibus
1201 2496 1587 2573 imbuantur,
1625 2497 1850 2580 aliquot
1886 2498 2312 2580 propositiones
2360 2518 2463 2557 seu

309 2593 641 2653 doctrinam
670 2593 736 2651 in
773 2592 971 2674 aliquo
1005 2603 1346 2652 contentam
1384 2593 1662 2668 damnat,
1707 2615 1918 2675 eosque
1953 2593 2204 2654 lectione
2251 2593 2463 2655 talium

311 2688 603 2749 librorum
638 2687 973 2762 interdicit,
1023 2687 1118 2746 isti
1154 2686 1398 2769 obsequi
1446 2708 1511 2746 ac
1550 2687 1959 2770 obtemperare
1995 2690 2242 2750 minime
2298 2701 2465 2750 tene·

312 2797 567 2859 rentur,
609 2794 850 2868 possent
886 2783 1106 2866 quippe
1146 2804 1430 2865 reponere
1459 2828 1475 2858 ,
1518 2782 1832 2864 Ecclesiam
1865 2784 1928 2843 in
1966 2785 2076 2845 hoc
2103 2807 2208 2845 suo
2237 2785 2460 2865 judicio

313 2882 434 2941 falli
475 2881 768 2964 potuisse,
817 2900 882 2939 ac
925 2879 1115 2962 reipsa
1157 2878 1468 2963 deceptam
1507 2901 1672 2957 esse,
1708 2879 1853 2940 dum
1901 2882 2261 2943 existimavit
2301 2882 2461 2942 hunc

316 2998 438 3038 esse
461 2978 710 3038 auctoris
731 2997 966 3037 sensum
988 3020 1005 3052 ,
1031 2987 1091 3035 et
1113 2995 1185 3035 ex
1205 2975 1347 3036 falsa
1375 2975 1484 3037 hac
1512 2977 1912 3060 suppositione
1942 2978 2255 3037 damnasse
2277 3022 2294 3052 ,
2322 2988 2462 3037 tan-

311 3094 493 3155 quam
532 3074 834 3135 haereticas
870 3083 972 3133 aut
1003 3093 1277 3132 erroneas
1300 3119 1315 3147 ,
1356 3074 1789 3157 propositiones
1829 3096 1996 3135 veras
2030 3085 2208 3155 atque
2245 3073 2458 3134 ortho-

315 3168 512 3229 doxas.
559 3173 692 3230 Non
730 3181 923 3253 posset
959 3179 1241 3252 praeterea
1277 3169 1524 3230 Ecclesia
1567 3169 1737 3253 lupos
1772 3192 1805 3229 a
1846 3191 2016 3251 grege
2053 3191 2279 3246 arcere3
2320 3192 2456 3230 cum

315 3264 478 3324 enim
518 3266 765 3325 istorum
799 3266 1127 3326 doctrinam
1170 3264 1417 3325 Ecclesia
1450 3265 1874 3348 proscriberet,
1923 3287 2158 3349 semper
2214 3278 2455 3350 possent

314 3371 579 3420 auctores
620 3363 886 3445 excipere
906 3407 925 3441 ,
964 3359 1276 3421 Ecclesiam
1317 3375 1584 3422 mentem
1611 3362 1882 3444 *ipsorum
1915 3383 2036 3421 non
2066 3384 2192 3423 esse
2224 3383 2455 3421 assecu-

316 3465 438 3515 tam
460 3501 474 3530 ,
514 3455 760 3538 ideoque
789 3477 1100 3539 perperam
1128 3454 1458 3515 doctrinam
1490 3456 1654 3516 illam
1675 3456 2004 3518 damnasse.
2032 3460 2171 3533 Quae
2209 3455 2451 3540 quidem

315 3551 546 3626 omnia,
588 3561 655 3611 ut
686 3562 886 3635 patet,
935 3553 1111 3612 inane
1157 3572 1223 3611 ac
1265 3573 1766 3635 supervacaneum
1813 3552 2137 3615 redderent
2174 3552 2453 3614 commis-

316 3668 446 3707 sum
476 3646 736 3709 Ecclesiae
762 3669 794 3707 a
817 3647 1046 3708 Christo
1072 3647 1470 3727 magisterium
1488 3694 1505 3725 ,
1538 3660 1598 3708 et
1619 3649 1911 3727 judicium
1935 3651 1998 3710 in
2027 3647 2437 3713 controversiis
