2514 4218
287 128 408 187 454

894 147 1089 183 ΤΒᾸΟΤ.
1138 148 1206 182 DE
1254 147 1406 183 LOCIS
1450 145 1828 186 THEOLOGICIS.

289 291 581 374 Ephesino
619 301 869 349 testatur
915 288 1066 347 liber
1097 287 1344 346 diurnus
1391 310 1539 347 rom.
1586 290 1937 349 Pontificum
1988 314 1998 348 :
2045 293 2172 351 Sub
2194 299 2442 374 princi-

281 390 450 468 palis
501 387 745 466 quide-m
787 387 1090 444 memoriae
1149 385 1468 443 Theodosio
1502 385 1775 464 Auyusto
1808 391 2044 463 factum
2078 400 2190 459 est,
2223 413 2294 449 ecc
2322 414 2441 450 au-

291 486 559 543 ctoritate
600 494 800 541 tamen
859 481 1163 540 Coelestz'ni
1208 482 1541 560 apostolicae
1580 482 1750 540 Sedis
1787 487 2101 543 Antistitis
2130 484 2244 567 (1)
2290 487 2440 547 Item

295 578 768 638 Chalcedonense
795 579 1073 654 jussione
1102 577 1307 635 Leonis
1344 578 1422 635 M.
1457 588 1842 636 convocatum
1888 598 2011 638 esse
2056 601 2087 638 a
2124 581 2439 661 Marcian0‚

292 673 474 733 fidem
510 673 732 732 faciunt
765 672 984 731 Moesiae
1030 669 1303 732 secundae
1340 673 1603 754 Episcopi
1643 673 1705 731 in
1748 694 1850 731 sua
1889 672 1962 732 ad
2002 676 2255 736 Leonem
2286 679 2438 762 Imp.

297 769 539 852 epistola
568 767 689 848 (2);
724 789 833 827 nec
866 766 1197 826 diffitentur
1224 766 1538 827 adversarii
1567 814 1582 843 ἦ
1609 759 1708 849 qui
1732 767 1843 827 hoc
1867 769 2126 851 primum
2152 785 2441 855 usurpatae

301 865 533 942 majoris
552 864 857 944 potestatis
874 862 1215 944 exemplum
1229 885 1258 920 a
1274 864 1464 922 Leone
1484 865 1559 922 M.
1577 862 1868 924 adducere
1883 879 2319 927 consueverunt
2331 868 2438 950 (3).

297 963 466 1020 Certa
507 959 729 1041 pariter
763 980 854 1018 res
886 969 973 1017 est
1008 981 1077 1017 ex
1111 957 1369 1040 epistolis
1411 960 1591 1040 ipsius
1629 960 1982 1035 Justiniani‚
2024 962 2439 1023 Constantino—

296 1055 627 1139 politanum
658 1057 746 1130 ΙΙ,
793 1077 892 1115 seu
926 1053 1199 1134 generale
1233 1055 1503 1136 quintum
1530 1100 1546 1130 7
1593 1077 1665 1114 ex
1703 1077 1988 1115 consensu
2032 1057 2218 1138 vigilii
2268 1059 2444 1121 fuisse

298 1151 655 1212 celebratum
685 1150 796 1232 (4).
847 1152 938 1211 Sic
986 1151 1164 1210 Conc.
1211 1150 1481 1231 generale
1526 1152 1597 1209 VI
1642 1175 1762 1211 non
1801 1153 1976 1212 fuisse
2023 1152 2244 1236 absque
2299 1176 2444 1215 con-

298 1270 469 1308 sensu
520 1271 666 1307 rom.
720 1248 1014 1307 Pontificis
1081 1259 1511 1321 convocatum,
1561 1261 1792 1308 constat
1853 1271 1924 1308 ex
1972 1249 2233 1333 epistolis
2290 1252 2441 1336 Imp.

301 1345 669 1404 Constantini
708 1345 984 1424 pogonati
1019 1343 1169 1402 datis
1205 1342 1282 1403 ad
1324 1345 1665 1404 Pontificem
1712 1348 1947 1405 Donum
1969 1392 1987 1421 Ἴ
2026 1345 2238 1428 quibus
2270 1347 2443 1408 illum

301 1593 351 1645 τὲ
376 1592 596 1658 διο-πέζαν
625 1591 866 1656 ὂμέδουλον
893 1591 1194 1656 ἐᾶογμάτιζε.
1223 1593 1330 1641 ἀλλ’
1414 1590 1582 1641 Baller.
1622 1612 1723 1658 cap.
1770 1612 1783 1641 ι
1809 1634 1821 1653 ,
1856 1596 1946 1645 col.
1994 1613 2008 1642 1
2027 1612 2115 1663 197
2143 1635 2155 1654 ‚
2192 1596 2404 1647 scribens
2426 1616 2441 1647 ε

301 1681 324 1729 ἱ
373 1675 598 1741 μέγιστος
647 1674 866 1736 fimo-ezech·
921 1673 1201 1734 Θεοδόσιος,
1253 1672 1330 1723 καὶ
1416 1670 1618 1741 Propter
1641 1694 1787 1741 quam
1819 1678 2032 1740 (causam
2060 1679 2445 1743 fidei)9enerale

305 1759 526 1823 Adpone-05
550 1756 787 1815 ὅοὶδοίμοις
815 1767 897 1814 τῆς
922 1757 1177 1811 πίστεως...
1201 1753 1271 1805 τὶν
1298 1759 1331 1805 ἔν

303 1843 445 1905 ταύτῃ
494 1850 554 1912 τῇ*
601 1840 816 1903 βασιλίδι
872 1841 1005 1891 πέλει
1066 1838 1332 1907 σῦνηθροιζον

306 1924 547 1986 σύλλογον.
588 1925 645 1973 Id
681 1936 780 1983 est,
815 1925 1140 1973 Mac-edonias
1184 1923 1336 1970 deita-

306 2020 397 2057 tem
443 2004 663 2073 Spiritus
710 2003 888 2057 Sancti
928 2005 1222 2070 deneqabat5
1256 2004 1337 2052 sed

305 2096 555 2140 mamimus
609 2090 884 2156 Imperator
951 2088 1251 2138 Theodosius
1293 2097 1336 2135 ot

310 2176 565 2224 Damasus
581 2175 783 2223 adamas
806 2175 975 2238 fidei...
1007 2173 1144 2221 illam
1175 2175 1231 2221 in
1249 2172 1337 2220 hac
1362 2202 1376 2214 ·

308 2260 443 2324 reqia
491 2258 606 2306 urbe
650 2256 901 2322 Synodum
960 2255 1335 2320 conqreqabant.

311 2341 406 2390 cfr.
431 2339 659 2389 Baronius
679 2378 692 2398 .,
711 2341 770 2388 ad
786 2358 861 2388 an.
885 2337 973 2388 381
997 2377 1010 2402 ‚
1030 2357 1082 2388 n.
1110 2355 1169 2405 ¹9
1190 2345 1236 2387 et
1252 2353 1335 2386 20.

312 2422 411 2472 Cfr.
431 2425 569 2471 etiam
588 2421 783 2471 Bianchi
804 2460 817 2484 ‚
839 2440 916 2487 ορ.
940 2433 984 2470 et
1008 2423 1095 2470 loc.
1118 2424 1198 2469 cit.
1217 2439 1269 2467 n.
1292 2436 1338 2467 2.

381 2507 451 2569 (Ι)
487 2505 640 2571 Quem
682 2505 829 2555 edidit
874 2490 1124 2554 Garnerius
1148 2542 1160 2562 ,
1204 2504 1255 2553 S.
1290 2503 1338 2553 J.

313 2588 460 2637 Paris.
505 2586 633 2637 1680
654 2625 666 2648 ,
698 2606 800 2652 pag.
846 2585 931 2638 36.
965 2587 1067 2637 Cfr.
1109 2588 1302 2635 Bianchi
1326 2626 1337 2646 ‚

314 2689 391 2736 op.
415 2681 460 2720 et
486 2671 582 2720 loc.
605 2672 683 2719 cit.
716 2688 765 2719 n.
783 2668 818 2717 6
835 2708 847 2730 ,
878 2680 921 2719 et
945 2670 1159 2718 Zaccaria
1183 2707 1196 2729 ‚
1230 2671 1341 2717 An-

312 2753 570 2817 tisebronio
588 2791 600 2813 ‚
631 2763 746 2801 tom.
773 2769 817 2800 lv
835 2787 849 2811 ‚
886 2761 1009 2816 part.
1038 2769 1106 2809 11,
1141 2751 1230 2800 lib.
1259 2768 1303 2798 iv
1327 2789 1339 2810 ‚

317 2853 421 2900 cap.
464 2852 480 2883 ι
510 2852 525 2899 3
567 2835 863 2894 Mazzare11i‚
911 2852 990 2900 op.
1020 2837 1101 2882 cit.
1133 2845 1245 2882 tom.
1276 2850 1308 2881 ιι
1330 2871 1341 2893 ‚

315 2934 419 2981 cap.
455 2934 481 2983 7
505 2955 518 2977 ‚
549 2916 575 2983 §
605 2934 655 2967 2.

393 3000 455 3059 (2)
493 3001 547 3047 ln
577 3000 685 3050 cod.
724 3000 999 3065 Encyclico,
1034 2999 1158 3064 apud
1203 2999 1344 3046 Hard.

323 3078 451 3128 Acta
487 3081 636 3132 Cone.
668 3093 784 3131 tom.
809 3100 876 3142 ιι,
911 3082 1005 3130 col.
1039 3098 1156 3149 710.
1182 3080 1351 3130 Obser-

324 3161 528 3208 vandum
564 3180 698 3226 porro
731 3164 808 3211 hic
844 3174 942 3223 est,
975 3163 1060 3210 hos
1100 3161 1350 3227 Episcopus

325 3243 552 3292 rationem
585 3246 792 3308 reddere,
824 3265 967 3313 quare
984 3248 1352 3311 pet-jussionem

327 3326 509 3374 Leonis
522 3329 715 3374 romani
732 3329 992 3393 Pontificis
1002 3329 1352 3378 Chalcedonem

325 3412 659 3470 convenerint3
688 3410 895 3459 subdunt
931 3415 1056 3460 enim
1075 3450 1091 3468 ‚
1123 3413 1211 3476 qui
1249 3428 1356 3459 vere

324 3500 470 3557 caput
492 3489 861 3557 Episcoporum.
894 3495 1213 3543 Luculentum
1243 3510 1358 3559 prae-

328 3586 451 3625 terea
490 3576 804 3626 testimonium
843 3578 982 3642 hujus
1017 3583 1360 3629 convocationis

326 3660 587 3722 suppeditat
601 3657 751 3708 S.Le0
770 3660 840 3708 M.
855 3664 935 3726 qui
953 3665 1218 3726 epistmxiv,
1243 3663 1356 3710 edit.

1420 1757 1696 1806 Concilium
1733 1768 1778 1808 et
1808 1777 1867 1807 ex
1891 1770 2132 1827 proecepto
2153 1761 2445 1811 christiano-

1417 1857 1524 1887 rum
1554 1840 1852 1908 Principum
1898 1852 1940 1890 et
1977 1859 2211 1891 consensu
2259 1853 2445 1910 aposto-

1417 1922 1523 1971 licae
1550 1921 1694 1974 Sedis
1717 1924 1908 1990 placuit
1931 1929 2252 1991 conqreqari3
2284 1938 2330 1976 et
2355 1926 2452 1977 Ge-

1420 2006 1555 2053 lasius
1585 2024 1708 2055 rom.
1735 2006 1871 2055 Pont.
1905 2010 1954 2055 in
1988 2010 2118 2073 epist.
2146 2007 2203 2055 ad
2231 2007 2450 2074 Episcop.

1421 2087 1665 2136 Dardaniae
1679 2128 1691 2149 ,
1713 2091 1764 2137 in
1791 2088 1987 2140 Colleot.
2013 2091 2167 2140 Conc.
2184 2101 2345 2141 veneta
2363 2091 2454 2141 Co-

1419 2168 1537 2230 leti,
1572 2181 1687 2219 tom.
1723 2191 1785 2231 v,
1831 2173 1921 2228 col.
1958 2174 2061 2240 339
2093 2190 2107 2222 τ
2142 2173 2218 2221 Ac
2248 2190 2341 2239 pro
2376 2191 2456 2223 ve-

1421 2255 1563 2301 ritate
1582 2290 1598 2316 ‚
1630 2253 1826 2314 scribit,
1857 2263 1912 2302 ut
1934 2253 2166 2321 Synodus
2195 2255 2456 2305 Chalcedo-

1421 2338 1586 2384 nensis
1625 2338 1762 2401 fieret
1799 2337 1974 2399 (Sedes
2032 2338 2320 2405 apostolica)
2356 2338 2457 2388 sola

1423 2418 1653 2467 decrevit.

1494 2500 1557 2564 (3)
1596 2501 1663 2549 Ita
1703 2500 1974 2562 manchus,
2006 2501 2131 2566 apud
2157 2500 2458 2567 Roskovany,

1425 2580 1451 2647 ὃ
1484 2599 1568 2647 70·

1498 2665 1563 2728 (h)
1603 2665 1855 2730 Imperator
1883 2665 2178 2714 Justinianus
2200 2701 2214 2723 ‚
2252 2666 2358 2715 licet
2385 2683 2460 2715 re-

1428 2747 1834 2814 pugnanteVigilio
1849 2747 2113 2797 Concilium
2124 2766 2150 2796 v
2164 2764 2466 2814 congregave-

1430 2835 1506 2892 rit⁷
1525 2841 1685 2878 tamen
1702 2849 1754 2878 ex
1770 2835 1996 2879 consensu
2017 2829 2177 2894 Vigilii
2192 2830 2307 2878 illud
2318 2830 2458 2878 fuisse

1430 2912 1714 2963 celebratum
1740 2924 1920 2962 constat
1963 2932 2016 2962 ex
2048 2910 2284 2979 Epistolis
2300 2911 2459 2976 vigilii

1430 2997 1497 3044 ad
1530 2995 1579 3044 E
1582 2997 1836 3062 utychium
1863 3006 1908 3043 et
1936 2994 2206 3061 Episcopus
2235 2994 2324 3042 sub
2354 2995 2460 3060 ipso

1430 3084 1733 3138 constitutos,
1744 3092 1787 3129 et
1802 3080 1830 3130 J
1834 3083 2052 3129 ustiniani
2064 3082 2207 3145 ipsius
2220 3082 2270 3127 in
2292 3077 2460 3146 Epist.

1433 3164 1497 3213 ad
1520 3161 1693 3212 Patres
1711 3165 1895 3229 quinem
1915 3161 2117 3227 Synodi.
2140 3162 2291 3229 Quare
2307 3162 2463 3212 Patres

1436 3249 1582 3297 Conc.
1610 3265 1652 3294 vi
1671 3285 1683 3306 ,
1710 3250 1760 3294 in
1780 3263 1991 3294 sermone
2021 3247 2344 3295 acclamatorio
2369 3247 2450 3293 cit.

1440 3333 1659 3380 dixerunt
1691 3347 1704 3377 :
1747 3327 1798 3373 V
1799 3327 1973 3393 iqilius
2001 3339 2114 3395 post
2151 3327 2257 3387 haec
2297 3326 2460 3375 Justi-

1439 3415 1591 3461 niano
1611 3413 1839 3477 piissimo
1869 3414 2123 3460 consonuit
2139 3447 2153 3475 ‚
2172 3419 2218 3459 ct
2234 3412 2464 3475 quintum

1444 3493 1720 3543 Concilium
1755 3500 2069 3543 constitutum
2100 3504 2188 3542 est.
2220 3492 2321 3542 Cfr.
2354 3492 2464 3540 Zac-

1441 3580 1560 3626 caria
1574 3615 1586 3634 ‚
1603 3581 1651 3625 in
1668 3576 2044 3641 Antifebbronio
2056 3611 2071 3636 ‚
2094 3578 2180 3625 loc.
2194 3578 2273 3626 cit.
2287 3584 2400 3640 part.
2414 3591 2468 3634 ιι,

1442 3660 1526 3708 lib.
1555 3674 1596 3707 lv
1619 3699 1630 3720 ‚
1662 3678 1764 3724 cap.
1805 3675 1821 3706 1
1849 3698 1860 3719 ‚
1896 3676 2003 3724 pag.
2041 3675 2147 3707 121.
