2514 4218
2077 171 2199 231 275

484 189 644 225 PART.
691 187 730 224 ἱ.
779 185 899 225 cm).
946 188 1029 226 IV·
1068 188 1138 226 DE
1182 189 1455 227 noetus-111¹:
1498 189 1748 227 nonnus.

81 334 258 392 etiam
285 342 344 390 et
374 327 698 410 corporales
717 374 732 403 a
770 327 1015 410 perinde
1043 340 1130 388 est
1153 375 1170 404 .,
1201 331 1323 390 sive
1353 328 1598 390 Ecclesia
1622 350 1750 390 eam
1783 345 2049 394 exerceat
2079 335 2196 395 im-

82 426 333 487 mediate
358 445 472 506 per
505 444 600 497 se,
626 424 748 483 sive
788 446 893 507 per
925 423 1221 504 Principes
1250 424 1459 499 laicos;
1495 426 1613 484 imo
1651 424 1918 487 addimus
1938 472 1955 502 ‚
1989 429 2193 490 Eccle-

82 526 259 597 siam,
296 519 489 603 quoad
531 543 733 581 earum
763 519 1180 601 ‚irrogationem
1200 566 1216 594 7
1256 521 1487 581 diversa
1511 522 1746 612 ratione·
1776 533 1839 583 et
1865 523 2049 602 gradu
2086 549 2195 609 pro

81 630 412 699 temporum
434 662 450 691 ‚
491 616 752 676 locorum
797 637 863 674 ac
914 635 1113 688 rerum
1155 614 1440 693 adjunctis
1489 639 1612 677 sese
1660 618 1897 698 gessisse
1939 619 2054 702 (l).
2093 623 2198 682 His

77 713 384 795 praemissis
407 757 423 786 a
450 713 525 770 sit

923 871 1352 925 PROPOSITIO.

2179 914 2198 941 f

80 1047 351 1107 Ecclesia
386 1047 682 1120 divinitus
717 1045 950 1121 accepit
970 1051 1347 1119 potestatem,
1387 1044 1880 1123 independentem
1909 1059 2088 1128 atque
2108 1071 2204 1109 su-

154 1162 428 1220 premam
444 1187 462 1209 ,
497 1137 816 1199 sanciendi
832 1155 945 1216 per
969 1137 1116 1216 leqes
1149 1141 1498 1197 eoeteriorem
1531 1139 1924 1220 disciplinam
1942 1185 1963 1215 ,
1993 1165 2202 1225 coqen-

162 1236 340 1314 dique
361 1234 560 1313 fideles
591 1231 679 1289 ad
701 1250 916 1307 earum
946 1230 1445 1305 observationem,
1483 1242 1541 1291 et
1569 1228 1883 1295 'coercendi
1914 1239 2204 1299 salutari·

163 1331 275 1389 hus
289 1332 492 1410 poenis
513 1327 707 1385 devios
735 1334 791 1383 et
809 1335 1209 1384 contumaces.

163 1504 303 1564 415.
350 1504 488 1562 Tres
521 1506 717 1584 partes
755 1500 936 1562 habet
974 1502 1328 1584 propositio,
1379 1503 1662 1563 nimirum
1716 1505 1778 1563 1⁰
1815 1506 2127 1569 Ecclesiam
2169 1533 2204 1571 a

80 1603 202 1660 Deo
245 1597 527 1680 accepisse
556 1608 901 1676 potestatem
935 1599 1258 1657 sanciendi
1276 1619 1395 1678 per
1425 1601 1573 1680 leges
1626 1606 1978 1661 exteriorem
2027 1606 2205 1666 disci-

70 1698 317 1776 plinam
335 1714 357 1763 ,·
392 1695 462 1754 2⁰
492 1692 646 1752 hanc
684 1703 1040 1776 potestatem
1079 1695 1142 1753 in
1179 1692 1385 1752 ordine
1416 1715 1522 1752 suo
1553 1695 2042 1775 independentem
2079 1721 2204 1762 esse

77 1802 251 1873 atque
285 1811 668 1871 supremam,·
697 1790 764 1849 3⁰
801 1789 1072 1851 eamdem
1100 1810 1222 1849 esse
1253 1794 1604 1850 coactivam.
1650 1793 1797 1851 Cum
1825 1814 1966 1853 vero
1997 1798 2202 1857 arctis-

78 1888 225 1946 simo
255 1908 411 1946 nexu
445 1887 563 1945 sint
585 1884 871 1964 ejusmodi
900 1896 1096 1967 partes
1123 1885 1282 1945 inter
1303 1906 1365 1944 se
1389 1885 1759 1961 consociatae,
1787 1886 1918 1949 ideo
1941 1911 2050 1972 per
2074 1914 2204 1952 mo-

81 1980 220 2039 dum
254 1982 427 2040 unius
464 1981 544 2040 sic
579 1980 706 2039 illas
743 1980 1089 2041 evincimUS.

163 2074 299 2134 416.
346 2076 591 2136 Ecclesia
624 2076 908 2137 divinitus
956 2076 1244 2135 instructa
1295 2080 1382 2136 est
1425 2087 1721 2159 potestate
1762 2079 2206 2162 independente

83 2180 258 2250 atque
298 2191 568 2251 suprema
606 2170 897 2229 condendi
932 2169 1086 2250 leges
1129 2169 1531 2252 disciplinares
1553 2217 1569 2247 ‚
1608 2193 1793 2255 eaque
1830 2177 2121 2254 coactiva,
2158 2180 2208 2240 si

82 2263 144 2323 id
172 2264 363 2344 exigat
385 2266 507 2346 ipsa
551 2264 806 2324 Ecclesiae
841 2265 1272 2324 constitutionis
1302 2277 1511 2324 natura
1535 2312 1551 2341 ,
1587 2280 1766 2348 prout
1792 2290 1824 2328 a
1850 2269 2082 2332 Christo
2105 2274 2202 2332 in-

84 2363 286 2420 stituta
312 2372 398 2420 est
411 2404 433 2432 ,
457 2371 517 2420 et
541 2361 587 2419 si
612 2370 892 2442 praeterea
910 2380 982 2419 ex
1008 2360 1222 2418 Christi
1250 2359 1618 2420 ordinatione
1641 2363 1927 2440 ejusmodi
1953 2376 2204 2446 potesta—

83 2468 206 2517 tem
228 2456 443 2537 jugiter
473 2455 841 2515 exercuerint
880 2453 1140 2535 Apostoli
1163 2476 1484 2536 eorumque
1525 2476 1898 2517 successores·
1920 2461 2117 2542 Atqui.

167 2549 307 2609 417.
357 2551 507 2609 Sane
539 2554 707 2627 juxta
743 2549 1026 2608 hactenus
1065 2549 1356 2608 vindicata
1396 2549 1658 2610 Christus
1687 2552 1998 2613 Ecclesiam
2038 2577 2205 2616 suam

84 2646 266 2707 veluti
288 2646 624 2705 societatem
642 2692 659 2714 ,
691 2645 753 2703 in
784 2644 989 2704 ordine
1015 2665 1119 2704 suo
1142 2645 1460 2726 perfectam
1479 2690 1497 2722 ‚
1525 2648 1761 2728 proprie
1787 2647 2003 2709 dictam
2018 2662 2078 2711 et
2106 2674 2207 2712 ex-

156 2842 224 2905 (l)
258 2839 346 2887 Hic
369 2853 505 2904 porro
529 2836 781 2902 detegenda
806 2847 876 2886 est
912 2837 1100 2887 illorum

87 2924 209 2974 fraus
227 2960 241 2984 ,
258 2924 364 2989 qui,
388 2930 442 2969 ut
464 2914 672 2971 odiosam
697 2919 911 2969 Ecclesiae
931 2922 1100 2969 coacti-

89 3020 196 3054 vam
223 3013 492 3071 potestatem
524 3000 729 3052 efficiant
747 3037 762 3062 ,
806 3019 908 3050 eam
936 3003 999 3050 ita
1026 3019 1099 3052 re-

91 3086 243 3135 fer-unt
262 3120 279 3148 ,
312 3085 507 3152 perinde
532 3102 588 3134 ac
616 3087 655 3133 si
693 3084 773 3132 illa
801 3101 980 3149 semper
1003 3100 1096 3149 prae

95 3167 310 3217 manibus
328 3169 504 3219 ferrum
531 3178 577 3217 et
593 3169 748 3234 ignem
770 3176 964 3232 gereret.
986 3165 1100 3232 Quae

96 3247 256 3312 agendi
283 3259 327 3298 ct
357 3250 582 3316 loquendi
606 3251 726 3297 ratio
753 3265 896 3315 quam
928 3247 1104 3296 calum—

97 3330 228 3377 niosa
255 3331 313 3377 sit
344 3340 388 3379 ct
423 3330 648 3398 injuriosa
691 3331 907 3379 Ecclesiae
925 3367 937 3389 ,
964 3347 1104 3379 nemo

99 3419 166 3459 est
192 3411 275 3475 qui
300 3426 398 3458 non
417 3412 589 3463 videat.
607 3414 825 3463 Attamen
844 3414 1107 3461 immunem

99 3510 124 3539 a
151 3489 312 3556 putida
343 3491 433 3539 hac
459 3492 690 3543 calumnia
715 3513 763 3545 se
795 3513 893 3544 non
913 3496 1109 3550 servavit

99 3573 502 3640 pseudo-synodus
514 3573 796 3626 Pistoriemis
815 3614 830 3640 ,
846 3593 950 3645 quae
967 3614 982 3639 ‚
1009 3594 1118 3626 cum

30 3683 33 3693 ι
99 3659 150 3704 in
182 3675 335 3706 rerum
360 3657 515 3705 indice
554 3656 779 3723 posuisset
812 3675 827 3709 ε
857 3660 936 3709 ‘La
956 3659 1118 3709 chiesa

1182 2854 1284 2886 nou
1306 2837 1368 2885 ha
1381 2838 1523 2902 forza
1541 2840 1749 2888 coattiva
1769 2877 1782 2895 ,
1798 2838 1852 2888 id
1869 2851 1955 2902 est,
1979 2839 2206 2893 Ecclesia

1181 2935 1280 2967 non
1308 2919 1451 2970 habet
1476 2928 1754 2986 potestatem
1789 2924 2084 2987 coactivam,
2128 2942 2203 2976 re·-

1182 3003 1321 3050 mittit
1345 3001 1560 3052 lectorem
1580 3003 1638 3051 ad
1660 3020 1765 3068 pag.
1781 3001 1867 3065 81,
1892 3004 1976 3052 ubi
2001 3004 2168 3072 legitur
2184 3025 2201 3057 ε

1180 3082 1257 3131 La
1274 3092 1428 3133 meme
1438 3100 1538 3132 non
1564 3086 1612 3132 si
1623 3085 1862 3150 persuade
1877 3085 2000 3135 colla
2014 3088 2174 3154 sforza
2188 3128 2203 3152 ‚

1184 3173 1228 3213 et
1244 3164 1285 3213 il
1296 3182 1439 3223 cuore
1455 3183 1551 3214 noa
1565 3167 1613 3213 si
1624 3166 1827 3231 risorma
1841 3166 1953 3216 colle
1960 3172 2209 3236 priqiom'e

1185 3264 1209 3294 e
1227 3243 1472 3311 colsu'oco‚
1490 3249 1540 3296 id
1557 3258 1642 3307 est,
1659 3250 1810 3297 Mens
1843 3251 1898 3299 vi
1916 3254 2208 3317 persuaderi
2231 3239 2234 3242 Ι

1186 3331 1352 3393 nequit
1373 3346 1462 3378 nec
1484 3345 1566 3377 cor
1591 3330 1866 3380 carceribus
1894 3342 1940 3381 et
1967 3335 2081 3398 iqaete
2111 3338 2208 3382 im—

1187 3419 1422 3461 mutatur.
1453 3411 1590 3476 Quasi
1629 3428 1798 3479 nempe
1833 3414 2039 3464 Ecclesia
2080 3416 2207 3464 hisce

1189 3495 1353 3544 mediis
1388 3498 1439 3543 in
1475 3495 1689 3545 exercitio
1716 3500 1947 3566 potestatis
1983 3513 2075 3546 suae
2104 3514 2211 3548 coa-

1199 3577 1331 3626 ctivae
1358 3585 1586 3629 uteretur.

1823 3738 1919 3797 18.
