2514 4218
256 97 375 157 458

894 122 1088 159 TRAGT.
1129 124 1201 159 DE
1245 122 1390 161 touls
1433 124 1807 164 THEOLOGICIS.

259 269 458 327 bertas
495 268 916 348 suffraqandi,
957 290 1136 347 quam
1167 279 1469 348 tantopere
1496 273 1919 332 commendant
1955 270 2301 332 Coelestinus
2342 285 2396 333 et

257 362 372 421 Leo
409 363 740 443 Pontifices.
777 363 862 423 At
893 385 1025 422 vero
1074 385 1343 445 confessa
1380 365 1816 446 suffraqiorum
1852 369 2144 438 libertate,
2183 390 2396 447 oequa-

261 460 402 517 litas
450 460 728 538 quoedam
771 460 886 518 hac
922 464 991 517 in
1031 470 1213 538 parte
1257 462 1481 520 induci
1511 464 1753 522 videtur
1779 467 1938 524 inter
1967 466 2311 545 pontificem
2347 477 2402 525 et

262 564 472 613 eeteros
513 556 856 637 Episcopos.
904 555 1118 633 Itaque
1168 568 1281 614 aut
1326 561 1518 616 unius
1561 560 1804 618 libertas
1846 570 1957 618 aut
1991 562 2262 640 dignitas
2303 563 2398 620 ata

262 654 452 709 terius
479 655 902 729 periclitatur,
937 653 1098 709 sieut
1126 657 1192 710 in
1226 653 1744 731 disputationibus
1767 656 1837 714 de
1861 659 2120 715 auoeiliis
2144 664 2362 736 ,qratice
2375 701 2397 730 ,

261 747 353 804 vel
384 747 519 822 hine
544 748 803 804 arbitrii
826 747 1092 806 humani
1122 749 1372 808 libertas
1407 751 1551 808 loedi
1567 798 1584 818 ‚
1621 753 1711 809 ‘uel
1755 753 1928 811 illinc
1957 755 2180 832 qratioe
2215 758 2306 812 vis
2349 763 2405 812 et

261 842 520 919 efficacia
563 846 773 900 minui
807 844 1050 901 videtur
1077 842 1189 924 (1).
1221 845 1388 925 Ergo.

346 937 463 996 667
475 984 487 996 .
537 939 710 1019 Resp.
745 938 896 1018 Ney.
923 950 1050 998 ant.
1090 938 1175 998 Ad
1201 941 1300 1010 1¹¹³,
1324 942 1481 1001 Dist.
1510 942 1747 1001 Praefuit
1774 943 1985 1002 Hosius
2010 942 2403 1024 Cordubensis

264 1035 442 1092 Conc.
474 1034 706 1093 Nicaeno
733 1046 800 1094 ut
832 1034 1093 1097 Silvestri
1133 1057 1286 1094 rom.
1324 1038 1617 1097 pontificis
1647 1038 1904 1119 legatuS‚
1937 1061 2097 1100 eone.
2116 1064 2135 1107 ,·
2175 1039 2407 1122 praefuit

262 1130 467 1211 quovis
509 1129 621 1189 alio
650 1130 855 1206 titulo7
891 1154 1018 1212 neq.
1068 1133 1218 1191 Nam
1256 1144 1472 1214 praeter
1509 1146 1781 1216 apertum
1825 1136 2230 1195 testimonium
2278 1145 2408 1194 tum

262 1223 477 1285 Gelasii
513 1227 815 1307 Cyziceni,
859 1228 960 1309 qui
997 1228 1272 1287 innititur
1307 1241 1588 1311 praeterea
1625 1233 1976 1291 auctoritate
2006 1242 2138 1291 tum
2169 1230 2401 1291 Eusebii

277 1323 635 1384 Caesariensis
687 1325 780 1405 (2)
841 1336 970 1383 tum
1017 1325 1273 1406 antiquae
1331 1347 1625 1385 canonum
1690 1326 2045 1386 collectionis
2118 1325 2241 1407 (3),
2306 1326 2411 1408 qui

275 1440 492 1501 nempe
527 1418 811 1480 exhibent
853 1420 1098 1479 Hosium
1144 1422 1201 1479 S.
1249 1420 1511 1481 Silvestri
1567 1421 1819 1502 legatum
1847 1469 1862 1497 a
1906 1425 2030 1505 ipsa
2075 1424 2161 1482 rei
2201 1434 2411 1481 natura

276 1515 540 1597 exposcit
560 1561 576 1589 ‚
614 1528 682 1575 ut
718 1516 925 1576 Hosius
968 1517 1209 1576 nomine
1239 1516 1503 1578 Silvestri
1542 1539 1607 1578 ac
1640 1518 1790 1579 forte
1823 1519 2000 1578 etiam
2027 1517 2270 1578 Concilii
2296 1520 2409 1577 Oc·

277 1612 579 1673 cidentalis
603 1613 692 1693 (4)
730 1613 955 1673 dicatur
1000 1613 1340 1696 praesedisse
1388 1614 1646 1675 Concilio
1683 1616 1937 1677 NicaenO.
1983 1616 2213 1675 Etenim
2251 1612 2412 1673 nulla

277 1710 426 1768 ratio
471 1710 750 1790 assignari
789 1721 1019 1792 potest,
1068 1731 1181 1769 cur
1231 1711 1462 1770 Hosius
1512 1712 1937 1784 Cordubensis,
1999 1722 2066 1770 ut
2103 1712 2299 1793 inquit
2323 1708 2416 1769 vel

276 1806 402 1887 ipse
439 1803 685 1887 Fleury7
729 1828 801 1865 ea*
862 1808 1109 1886 vulgari
1146 1807 1588 1889 Episcoporum
1626 1810 1871 1879 ordine,
1905 1808 2325 1868 Alexandrino
2366 1816 2421 1864 et

278 1903 645 1963 Antiocheno
676 1905 1069 1983 pra-sentibus
1097 1947 1115 1977 a
1155 1925 1261 1962 suo
1291 1910 1532 1963 nomine
1570 1906 1851 1963 omnihus
1894 1905 2215 1984 Episcopi-3
2249 1923 2418 1981 proe-

280 2000 519 2058 sedisset
549 1999 673 2079 (5);
716 1999 894 2081 idque
945 2000 1327 2059 confirmatur
1369 2021 1440 2059 ex
1485 2022 1588 2058 usu
1631 2000 1922 2059 constanti
1975 1998 2418 2079 insequentium

282 2095 674 2155 Conciliorum
703 2141 720 2173 ‚
754 2096 815 2158 in
855 2095 1066 2177 quibus
1088 2141 1103 2170 a
1146 2097 1231 2154 uti
1262 2096 1642 2156 ostendemus
1667 2142 1683 2169 ,
1729 2116 1960 2178 semper
1998 2094 2174 2175 legati
2218 2092 2420 2177 ponti-

281 2191 394 2250 ficii
422 2192 806 2274 praefuerunt.
837 2194 955 2252 Nec
991 2193 1170 2251 refert
1191 2239 1205 2266 .,
1234 2191 1390 2275 quod
1418 2215 1540 2251 non
1565 2192 1972 2273 subscripserit
2002 2204 2232 2250 utrom.
2261 2193 2419 2250 Pon-

281 2288 449 2346 tificis
486 2288 748 2369 legatuS‚
781 2287 884 2348 sed
926 2300 1161 2347 tantum
1206 2300 1270 2347 ut
1323 2290 1637 2371 Episcopus
1678 2287 2104 2360 CordubensiS,
2155 2307 2318 2346 secus
2355 2306 2421 2345 ac

283 2382 527 2443 fecerint
571 2385 704 2444 Vito
743 2396 801 2445 et
835 2385 1182 2445 Vincentius
1210 2430 1228 2461 ,
1266 2386 1366 2467 qui
1408 2407 1531 2445 sese
1588 2405 1843 2444 romanae
1901 2383 2155 2443 Ecclesiae
2202 2382 2418 2465 legatos

351 2665 412 2729 (l)
451 2665 503 2712 In
531 2667 741 2715 Dissert.
770 2663 826 2710 de
849 2661 987 2710 modo
1012 2659 1312 2709 conciliandi
1393 2677 1482 2708 moe
1505 2659 1665 2708 Romoe
1692 2658 1847 2707 locum
1875 2657 2147 2719 obtinebat,
2168 2673 2270 2705 una
2300 2672 2414 2706 cum

277 2747 852 2814 potest.rom.Pontifiois
866 2744 1298 2809 numlibert.suffr.
1402 2743 1635 2790 Romanis
1666 2741 1960 2808 presbyteris
1995 2740 2051 2789 V
2051 2742 2177 2789 itone
2213 2747 2259 2788 et
2288 2737 2418 2787 Vin-

352 2831 416 2894 (2)
462 2830 509 2876 V
513 2830 907 2878 oluminisactor.
932 2827 1082 2875 Cone.
1105 2826 1299 2875 Niooen.
1397 2827 1570 2875 centio.
1614 2825 1684 2874 De
1717 2843 1809 2892 quo
1847 2824 2035 2873 Eusebii
2073 2824 2203 2883 loco,
2253 2824 2338 2889 qui
2369 2824 2420 2869 in

285 2914 371 2962 lib.
405 2932 472 2974 11,
510 2932 610 2979 cap.
643 2911 706 2975 5,
751 2912 876 2978 apud
916 2911 1149 2959 Harduin.
1182 2913 1311 2959 Acta
1394 2912 1563 2957 nostris
1604 2908 1887 2957 editionibus
1918 2924 2014 2955 non
2040 2907 2299 2972 reperitur,
2333 2904 2422 2955 cfr.

289 2997 437 3047 Cone.
460 3008 574 3046 tom.
596 3016 611 3046 1
630 3035 643 3058 ‚
676 2994 769 3047 col.
790 2993 918 3060 375,
955 2995 1037 3044 ubi
1067 2994 1224 3043 scribit
1252 3011 1311 3042 ex

287 3080 560 3129 auctoritate
574 3080 762 3129 Eusebii
776 3117 790 3137 ,
821 3079 904 3127 lib.
926 3093 1006 3137 ιιι,
1028 3075 1085 3124 V
1083 3079 1164 3125 itoe
1186 3078 1312 3125 Cou-

287 3170 431 3209 stant.
455 3159 610 3217 Ἀυτές
637 3184 686 3212 τε
710 3161 892 3212 Σποένων
919 3162 939 3210 ὅ
961 3157 1073 3209 mim
1094 3157 1311 3223 βοώμενος

290 3242 512 3308 δ”Οσ-ιος,
549 3244 717 3309 ἐπέχων
750 3244 828 3296 καὶ
862 3242 933 3296 τὸ
958 3242 1091 3295 ’πέπον
1124 3251 1200 3293 τοῦ·
1231 3249 1312 3299 τῆς

290 3327 519 3392 μεγίστης
543 3328 701 3394 Ρῶμης
722 3326 964 3380 {mo-niveo
994 3323 1273 3395 Σιλςέστρου
1297 3366 1309 3388 ,

261 3458 265 3460 .
291 3410 364 3462 σὼ
391 3411 705 3480 πρεσβυτέροις
730 3411 885 3477 Ῥώμης
923 3411 1071 3463 Βίτωνι
1112 3411 1189 3461 καὶ
1236 3424 1314 3460 Βι-

292 3499 460 3562 κειτίῳ.
494 3498 550 3546 Id
580 3508 681 3546 est:
715 3499 826 3562 lpse
865 3500 1010 3545 etiam
1039 3496 1229 3545 Hosius
1258 3511 1316 3543 ex

291 3581 541 3646 Hispanis
555 3618 570 3642 ‚
591 3580 805 3630 nominis
831 3589 874 3627 et
887 3581 1033 3644 samos
1050 3579 1317 3628 celebritate

294 3662 527 3727 imiyuis,
548 3665 633 3728 qui
660 3659 884 3711 Silvestre·
898 3660 1138 3727 Episcopi
1164 3662 1317 3709 maxi-

1394 2991 1679 3052 monarchi,
1722 3009 1797 3056 op.
1835 2993 1915 3039 cit.
1962 2988 2042 3037 De
2074 2996 2255 3036 auctor.
2300 3003 2421 3036 rom.

1395 3075 1586 3141 Pontifi
1610 3082 1726 3125 tom.
1760 3090 1810 3134 1,
1835 3093 1939 3140 cap.
1972 3072 2035 3134 5,
2069 3072 2096 3140 §
2128 3072 2178 3121 3.

1467 3160 1531 3225 (3)
1572 3159 1708 3225 Apud
1739 3157 1960 3206 Ballerin.
1994 3174 2105 3222 opp.
2134 3155 2186 3204 S.
2226 3154 2424 3214 Leonis,

1397 3254 1511 3293 tom.
1544 3258 1632 3302 ιιι,
1671 3258 1776 3307 pag.
1820 3237 1932 3306 187.

1469 3326 1533 3390 (la)
1560 3324 1634 3373 Cf.
1653 3323 1866 3372 Zaccaria
1881 3358 1895 3378 ,
1918 3317 2262 3385 Antisebronio
2276 3356 2288 3378 ‚
2306 3328 2338 3366 t.
2357 3333 2424 3377 ιν,

1398 3420 1513 3474 part.
1538 3425 1604 3466 11,
1637 3407 1724 3455 lib.
1759 3423 1802 3453 ιν
1828 3443 1840 3464 ‚
1870 3421 1974 3469 cap.
2005 3419 2064 3455 2.
2105 3401 2131 3469 S
2165 3400 2230 3465 4,
2262 3398 2308 3450 5.

1469 3490 1535 3554 (5)
1576 3486 1711 3536 Hist.
1740 3486 1903 3537 eccles.
1933 3489 2014 3535 liv.
2053 3503 2131 3547 xi,
2168 3483 2277 3550 §5‚
2310 3480 2424 3532 edit.

1399 3575 1549 3623 Paris.
1592 3571 1756 3638 1713,
1790 3589 1895 3636 pag.
1934 3586 2045 3619 12¹.
