2514 4218
263 211 342 272 58
864 238 1057 276 macr.
1106 238 1173 274 nn
1218 237 1371 275 roais
1415 241 1793 282 ‘mnomaicis

267 401 390 439 non
424 399 457 437 a
486 379 693 440 mnndi
723 380 1080 463 principibus
1101 424 1119 455 7
1156 378 1259 439 sed
1294 401 1328 439 a
1364 380 1593 442 Christo
1621 387 1742 448 sive
1769 409 1801 447 a
1832 391 1951 448 Deo
1989 390 2042 448 ei
2067 389 2240 450 fuisse
2272 393 2381 451 tri-

264 473 468 534 butam
496 474 609 556 (l).

351 569 490 630 103.
538 573 622 632 Ex
650 572 742 631 his
785 592 907 630 non
931 569 1118 629 solum
1148 572 1405 631 eruimus
1441 572 1720 635 adversus
1743 578 2139 640 protestantes
2164 626 2178 655 7
2210 581 2383 640 Chri-

269 676 426 726 stum
459 667 730 728 fidelibus
761 666 1048 727 universis
1077 666 1310 726 nullum
1338 668 1737 729 Sacerdotium
1761 676 1993 756 proprie
2009 675 2229 734 dictum
2254 698 2387 735 con-

265 762 464 823 tulisse
483 809 499 838 7
540 785 647 824 nec
680 762 926 844 proinde
957 774 1309 845 potestatem
1332 765 1522 824 eidem
1548 765 1836 847 adnexam
1857 813 1874 843 7
1912 781 1980 828 ut
2011 770 2124 830 fert
2150 770 2384 831 illorum

263 858 618 942 principium
651 858 1092 919 fundamentale
1132 860 1208 920 ad
1251 861 2115 924 evertendamecclesiasticam
2161 865 2386 926 hierar-

262 953 491 1029 chiam7
530 964 587 1013 et
615 952 1051 1016 distinctionem
1088 955 1368 1017 divinitus
1394 957 1697 1018 inductam
1734 948 1894 1019 inter⁴
1919 959 2151 1021 clericos
2192 971 2249 1021 et
2277 961 2385 1021 lai-

258 1071 390 1123 -cosg
418 1050 521 1109 sed
544 1061 821 1133 praeterea
842 1052 1166 1133 colligimus
1192 1053 1471 1116 adversus
1490 1054 1887 1130 Richerianos7
1907 1077 2098 1138 neque
2126 1057 2385 1118 mediate

262 1167 454 1228 neque
482 1147 819 1213 immediate
842 1148 1141 1209 Christum
1163 1148 1476 1210 contulisse
1500 1152 1730 1232 corpori
1751 1151 2015 1211 fidelium
2033 1163 2386 1234 potestatem

262 1241 516 1304 clavium
541 1288 557 1319 7
591 1254 659 1303 ut
681 1266 811 1305 eam
839 1244 1054 1305 deinde
1078 1246 1582 1306 communicarent
1600 1247 1721 1306 sive
1745 1249 1913 1306 Rom.
1947 1249 2235 1323 Pontifici,
2266 1249 2388 1310 sive

264 1340 560 1422 Episcopis
601 1351 703 1400 aut
742 1340 1135 1422 Presbyteri83
1178 1363 1243 1400 ac
1280 1342 1532 1425 denique
1567 1342 1848 1404 adversus
1879 1344 2260 1405 Pistorienses
2293 1345 2388 1404 in·
2423 1405 2426 1408 Α

260 1436 503 1497 ferimus
524 1483 540 1512 7
573 1439 696 1499 sive
737 1439 985 1499 Romani
1014 1438 1304 1499 Pontificis
1328 1484 1344 1514 7
1383 1440 1506 1500 sive
1535 1440 1951 1521 Episcoporum
1980 1442 2386 1501 auctoritatem

261 1554 383 1592 non
414 1537 874 1595 ministerialem
909 1534 1319 1595 tantummodo
1352 1556 1476 1595 esse
1497 1579 1513 1605 7
1558 1556 1628 1595 eo
1664 1535 1935 1597 videlicet
1972 1558 2145 1596 sensu
2167 1583 2182 1611 7
2230 1537 2388 1618 quod

261 1627 484 1712 absque
503 1630 713 1691 idonea
735 1642 1026 1714 potestate
1056 1630 1171 1690 illis
1192 1653 1225 1690 a
1255 1641 1411 1690 coetu
1434 1629 1694 1691 fidelium
1719 1633 2147 1691 communicata
2167 1654 2384 1691 munus

260 1725 369 1785 sibi
405 1727 688 1789 divinitus
725 1730 1101 1788 commissum
1138 1748 1404 1788 exercere
1444 1740 1764 1810 nequeant.
1807 1726 1944 1789 Haec
1980 1730 2139 1789 enim
2186 1730 2384 1788 omnia

260 1821 449 1882 aliena
492 1822 631 1883 sunt
672 1846 705 1883 a
735 1824 951 1884 Christi
987 1836 1188 1885 mente
1222 1825 1288 1882 in
1318 1823 1578 1884 Ecclesiae
1612 1846 1727 1884 suae
1770 1826 2187 1886 constitutione
2223 1837 2390 1906 pate-

259 1918 412 1999 facta
430 1965 446 1995 7
479 1941 587 1980 nec
605 1919 846 1981 illorum
868 1920 1059 1982 ullum
1080 1922 1330 1980 occurrit
1347 1921 1410 1979 in
1429 1931 1550 1980 tota
1575 1922 1925 2003 antiquitate
1954 1922 2261 2002 vestigium
2275 1919 2387 2002 (2)

1072 2044 1563 2087 DIFFICULTATES.

345 2143 482 2203 104.
532 2143 933 2227 Oijprima.
980 2146 1038 2204 Si
1085 2143 1469 2204 Ecclesiarum
1519 2144 1796 2228 praesides
1838 2167 1903 2204 ac
1952 2145 2209 2204 ministri
2256 2156 2386 2204 tum

257 2238 458 2302 divina
487 2240 860 2301 institutione
899 2253 1028 2300 tum
1064 2240 1347 2302 divinitus
1381 2252 1612 2323 accepta
1639 2253 1927 2323 potestate
1951 2252 2151 2300 carent
2172 2286 2187 2314 7
2222 2240 2386 2300 nulla

255 2336 516 2418 profecto
562 2338 759 2397 existit
804 2337 1186 2398 ecclesiastica
1232 2336 1557 2396 hierarchia
1597 2337 1799 2397 divina
1838 2335 2208 2395 ordinatione
2245 2357 2387 2395 con·-

254 2432 458 2491 stituta
480 2478 494 2506 7
531 2454 595 2491 ac
630 2432 831 2493 divino
859 2437 994 2511 jure
1015 2431 1227 2492 alaicis
1265 2430 1574 2506 distincta3
1609 2454 1785 2513 porro
1822 2433 1901 2491 ita
1936 2454 2063 2493 rem
2086 2454 2147 2492 se
2170 2431 2387 2491 habere

254 2526 423 2586 facile
467 2528 779 2589 evincitur.
835 2530 898 2587 1⁰
932 2529 1011 2588 Ac
1055 2529 1248 2610 primo
1291 2527 1529 2609 quidem
1573 2527 1732 2609 quod
1767 2529 1976 2587 attinet
2013 2526 2087 2586 ad
2122 2525 2387 2588 divinam

257 2623 730 2691 institutionem;
773 2645 914 2683 nam
933 2667 951 2697 7
977 2644 1108 2704 quae
1131 2634 1270 2681 sunt
1295 2622 1577 2681 divinitus
1601 2623 1891 2698 instituta,
1925 2643 1991 2681 ea
2022 2621 2282 2703 pendere
2312 2621 2386 2681 ab

253 2717 515 2778 humana
548 2718 892 2777 auctoritate
924 2717 1262 2776 nullatenus
1292 2727 1567 2798 possunt;
1590 2721 1714 2794 jam
1742 2737 1882 2776 vero
1923 2738 1992 2775 ex
2027 2716 2228 2799 populi
2263 2717 2386 2776 suf-

255 2814 436 2894 fragio
477 2813 738 2895 pendere
780 2813 1187 2871 ministrorum
1229 2811 1575 2872 electionem
1602 2857 1617 2885 7
1649 2810 2013 2871 luculentum
2045 2812 2384 2894 exemplum

256 2909 540 2970 exhibent
564 2910 705 2969 Acta
724 2908 1040 2991 apostolica
1061 2909 1184 2969 sive
1205 2908 1268 2966 in
1291 2907 1571 2968 electione
1589 2906 1864 2967 Barnabae
1894 2930 1959 2968 ac
1988 2908 2247 2970 Matthiae
2269 2909 2384 2991 (3)7

257 3005 379 3066 sive
426 3006 489 3065 in
533 3005 816 3066 electione
867 3016 1095 3086 septem
1153 3004 1543 3064 Diaconorum
1591 3002 1718 3084 (4>;
1771 3002 2052 3065 exhibent
2092 3004 2381 3079 Concilia7

256 3184 342 3233 hoe
354 3192 439 3243 est,
456 3183 740 3244 lacem-‚sed
754 3183 980 3235 Deosoli.
998 3182 1127 3232 Nam
1144 3202 1283 3251 opor·
1368 3183 1708 3243 raddrizzate‚
1749 3184 1874 3237 assia
1906 3200 2061 3232 esame
2102 3180 2323 3248 teoloqico
2361 3201 2386 3231 e

255 3268 616 3333 tettesubjectos
637 3285 794 3333 reqere
816 3305 830 3328 7
849 3284 948 3317 non
967 3266 1031 3315 ab
1061 3268 1129 3315 iic
1150 3269 1254 3331 reqi
1271 3284 1286 3331 3
1366 3266 1598 3316 canonico
1630 3264 1684 3313 di
1715 3273 1837 3312 certe
1867 3282 2025 3314 nuove
2061 3265 2267 3313 doctrine
2307 3267 2386 3313 in-

255 3367 367 3399 eam
387 3367 473 3398 nec
492 3349 630 3414 filius
647 3353 848 3417 imperet
859 3352 997 3419 patri
1018 3350 1284 3399 secundum
1366 3360 1504 3401 torna
1531 3348 1579 3397 Ia
1597 3348 1783 3415 potesta
1818 3350 2088 3397 castrettiva
2111 3347 2231 3397 della
2256 3348 2385 3396 chie-

255 3434 491 3482 rationem
518 3442 678 3493 ortus,
714 3444 802 3483 etc.
1367 3449 1454 3493 aa,
1494 3442 1583 3481 etc.
1631 3430 1820 3496 Foligno
1865 3427 2013 3497 1794.
2048 3430 2194 3497 Cujus
2228 3441 2387 3481 auctor

327 3516 392 3582 (1)
445 3516 543 3565 Cfr.
587 3515 762 3565 Petavii
822 3516 902 3565 De
958 3515 1283 3566 ecclesiastica
1367 3515 1568 3564 creditur
1597 3513 1828 3562 Zaccaria.

258 3598 554 3648 hierarchia.
600 3599 713 3647 libri
746 3601 958 3666 quinque
980 3636 994 3656 ,
1025 3599 1276 3666 praesertim
1429 3596 1497 3661 (3)
1542 3594 1646 3645 Act.
1675 3612 1692 3643 1
1717 3633 1731 3656 ‚
1767 3595 1852 3644 23.

265 3680 355 3731 lib.
396 3698 413 3731 1
435 3721 449 3744 ,
480 3699 582 3749 cap.
621 3697 651 3730 2
683 3691 729 3732 et
749 3699 883 3749 seqq.
1430 3679 1504 3743 (h)
1533 3679 1653 3728 lbid.
1685 3693 1762 3735 vl,
1796 3674 1910 3725 3-5.

327 3764 391 3827 (2)
428 3764 529 3816 Cfr.
562 3782 677 3832 opus
700 3803 713 3825 ‚
732 3767 806 3815 cui
834 3767 900 3814 tit.
928 3763 990 3815 Le
1013 3771 1156 3814 stone
1178 3762 1280 3811 idee
