2514 4218
240 195 362 254 214
842 207 1044 245 rnAc‘r.
1092 205 1164 242 nn
1208 204 1360 242 Locis
1401 206 1785 247 Tnnozoclms.

244 361 489 420 nomine
514 360 643 434 ejus
660 352 1080 434 poenitentiam
1107 356 1165 404 et
1185 348 1597 407 remissionem
1630 362 2015 430 peccatorum
2038 372 2159 432 per
2183 372 2380 413 omnes

238 463 458 535 gentes.
515 452 735 511 Omnes
770 455 967 526 flentes
1009 453 1161 501 totus
1187 443 1461 501 mundus
1494 453 1595 502 est.
1640 445 1914 508 Ecclesia
1952 460 2142 508 totum
2183 451 2382 529 possi-

246 550 341 608 det
356 592 378 620 ,
408 548 570 627 quod
598 569 637 605 a
667 549 794 602 viro
831 561 937 599 suo
960 542 1192 619 accepit
1227 545 1297 598 in
1333 539 1543 598 dotem.
1576 538 1978 623 Quaecumque
2007 547 2384 626 conqreqatio

195 679 198 681 >
246 644 566 723 cujuslibet
580 642 821 698 hoeresz's
844 640 912 694 in
930 637 1178 716 anyulis
1193 636 1349 695 sedet
1362 656 1382 704 ‚·
1399 636 1740 695 concubina
1755 647 1873 709 est,
1890 660 2010 723 non
2024 652 2328 701 matrona.
2343 686 2381 700 ..

252 741 656 820 Cogynoscatur
685 755 810 793 una
840 743 1051 805 sancta
1077 743 1132 789 et
1172 753 1314 791 vcra
1349 737 1562 812 rcyina
1608 732 1936 807 catholica,
1995 742 2103 794 cui
2134 758 2387 817 reynum

253 836 526 895 Christus
557 831 671 888 tale
706 830 902 900 dedit,
947 830 1110 909 quod
1136 851 1261 889 eam
1289 850 1409 908 per
1443 839 1630 888 totum
1674 831 1978 889 mundum
2006 832 2386 911 deffundens,

247 932 326 989 ab
370 932 543 987 omni
581 927 827 985 macula
866 937 920 984 et
957 948 1114 1006 ruqa
1153 927 1496 995 mundans,
1544 936 1727 984 totam
1756 928 2091 1006 pulchram
2129 949 2239 987 suo
2276 930 2391 988 ad-

249 1035 430 1084 ventu
449 1027 840 1105 praeparavit
864 1019 981 1102 (1).
1008 1024 1095 1082 De
1124 1019 1431 1082 identitate
1464 1042 1603 1080 vero
1637 1021 1918 1081 doetrinae
1946 1023 2109 1082 testis
2138 1034 2227 1083 est
2258 1025 2298 1082 V
2305 1024 2393 1082 in·
2458 1094 2461 1097 Δ

248 1120 473 1180 centius
507 1119 826 1178 Lirinensis
866 1117 1010 1176 dum
1047 1116 1322 1199 praeclare
1350 1115 1552 1176 scribit
1581 1139 1595 1176 ι
1630 1118 1710 1176 In
1753 1121 1890 1198 ‘apsa
1927 1123 2068 1179 item
2101 1121 2394 1180 catholica

247 1218 525 1278 Ecclesia
563 1237 922 1296 maqnopere
958 1215 1313 1274 curandum
1350 1225 1464 1284 est,
1500 1225 1569 1273 ut
1604 1216 1674 1273 z'd
1704 1226 2045 1287 teneamus,
2078 1218 2242 1296 quod
2260 1218 2396 1276 ubi-

245 1336 393 1393 que,
436 1312 603 1391 quod
633 1333 902 1391 semper,
949 1311 1113 1390 quod
1153 1311 1233 1369 ab
1279 1311 1563 1369 omnibus
1615 1312 1918 1371 creditum
1961 1323 2089 1382 est‚·
2157 1313 2262 1372 hoc
2313 1323 2399 1372 est

249 1413 466 1469 etenim
503 1430 631 1467 vere
656 1411 1026 1488 proprieque
1067 1407 1466 1484 catholz'cum;
1509 1408 1671 1486 quod
1700 1410 1838 1487 ipsa
1871 1413 1960 1467 vz's
1986 1413 2256 1468 nominis
2285 1431 2397 1469 ra·

252 1509 448 1584 tioque
476 1505 773 1574 declarat,
801 1525 938 1583 quoe
961 1506 1169 1562 omnia
1185 1507 1315 1582 fere
1346 1505 1780 1562 universaliter
1801 1506 2254 1583 comprehendit
2275 1506 2390 1586 (2).

335 1601 476 1659 325.
511 1601 668 1660 Licet
700 1621 839 1661 vero
866 1599 1091 1671 Ariani,
1119 1599 1839 1681 Imperatorumpotentia
1867 1599 2023 1675 freti,
2050 1600 2222 1680 longe
2244 1601 2399 1661 late·-

257 1718 373 1780 que
403 1696 599 1755 diffusi
636 1694 712 1754 ad
749 1707 985 1776 tempus
1017 1695 1359 1768 extiterint,
1403 1693 1526 1754 haec
1549 1739 1565 1769 ‚
1610 1695 1695 1754 uti
1725 1695 1984 1755 ostendit
2020 1696 2107 1756 Cl.
2152 1699 2356 1757 Maran
2379 1741 2397 1772 ‚

253 1794 366 1852 suit
397 1794 590 1875 potius
618 1792 875 1854 vafrities
903 1794 1348 1874 Episcoporum,
1375 1791 1475 1872 qui
1497 1790 1916 1851 catholicorum
1942 1793 2110 1852 sedes
2138 1814 2397 1875 usurpa·

253 1888 436 1962 bant3
479 1887 623 1947 dum
669 1887 873 1970 populi
911 1888 1136 1947 interea
1172 1908 1408 1969 semper
1438 1886 1614 1947 alieni
1644 1887 1887 1948 fuerunt
1923 1889 1999 1948 ab
2036 1888 2137 1949 illa
2168 1902 2401 1949 contro-

255 1987 442 2047 versia
487 1983 598 2063 (3).
650 1984 832 2046 Divisi
880 1995 1165 2065 praeterea
1205 1995 1375 2043 erant
1424 1984 1486 2042 in
1547 1982 1748 2066 plures
1793 1996 1977 2046 sectas
2015 1985 2125 2044 sibi
2164 1987 2400 2065 invieen

259 2081 657 2142 adversantes,
708 2080 976 2162 Denique
1023 2101 1332 2161 nunquam
1383 2080 1467 2139 ita
1518 2078 1718 2138 diffusi
1764 2092 1905 2139 sunt
1935 2125 1951 2155 7
1999 2092 2065 2138 ut
2103 2080 2404 2141 catholicae

260 2169 525 2237 Ecclesiae
583 2175 1024 2258 praevaluerint.
1092 2178 1179 2235 En
1230 2175 1375 2258 quid
1436 2178 1493 2235 S.
1533 2176 1887 2235 Athanasius
1937 2176 2103 2236 testis
2155 2177 2401 2237 ocularis

259 2273 475 2333 scribat
497 2272 573 2330 ad
597 2274 1022 2353 Imperatorem
1040 2273 1075 2331 J
1080 2272 1360 2332 ovianum
1381 2295 1394 2330 ε
1415 2273 1573 2332 Scito
1588 2320 1605 2342 ,
1625 2275 2075 2352 relzyz‘osz'ssz‘me
2097 2275 2369 2354 Auyuste
2383 2322 2402 2346 ‚

260 2370 385 2428 hoec
411 2370 491 2427 ab
516 2373 689 2425 omni
710 2388 829 2428 oevo
859 2389 974 2425 esse
1006 2368 1354 2447 praedicata
1372 2415 1390 2438 ‚
1421 2368 1697 2448 hancque
1721 2374 1920 2448 ipsam
1938 2369 2123 2448 fidem
2155 2371 2403 2442 Patres,

259 2470 375 2544 qui
405 2464 473 2524 N
471 2468 633 2523 icoeoe
656 2474 1090 2540 convenerunt,
1130 2467 1418 2543 confessos
1435 2469 1634 2544 fuisse
1653 2510 1669 2541 ,
1696 2486 1945 2544 eamque
1976 2467 2270 2546 sufflaqio
2296 2487 2403 2526 suo

261 2562 648 2640 comprobare
683 2562 998 2618 universas
1036 2564 1218 2618 totius
1247 2562 1412 2620 orbis
1439 2562 1769 2629 Ecclesia&
1798 2581 2007 2640 nempe
2035 2561 2403 2640 Hispanico,

262 2659 647 2731 Britannice,
687 2655 937 2725 Gallice,
971 2660 1153 2714 totius
1180 2656 1413 2732 Italics,
1465 2658 1795 2716 Dalmatioe
1809 2699 1833 2728 ,
1871 2658 2115 2727 Dacz'oe,
2148 2662 2360 2738 Mysioe
2376 2701 2402 2731 ,

262 2753 666 2826 Illacedonz'oe‚
694 2750 1073 2829 Graeoioeque,
1094 2761 1149 2808 et
1167 2751 1403 2830 Afrz'coe
1431 2755 1761 2827 universae,
1798 2774 2030 2812 necnon
2054 2755 2401 2826 Sardiniae,

273 2850 498 2931 Cypri,
532 2850 748 2919 Cretae,
772 2847 1201 2928 Pamphyliae,
1225 2848 1426 2928 Lyciae
1441 2891 1466 2921 ,
1510 2849 1775 2910 Isaum‘oe
1791 2896 1810 2920 ‚
1831 2851 2097 2931 AEyypti
2109 2897 2128 2922 ,
2163 2851 2405 2931 Lybiae,

334 3053 401 3119 (1)
438 3053 588 3105 Serm.
633 3071 713 3117 iv,
758 3054 841 3105 De
875 3053 1083 3121 symbolo
1118 3055 1184 3103 ad
1211 3072 1294 3105 ca·
1371 3057 1498 3122 festa
1516 3059 1571 3105 in
1587 3054 1864 3123 Scripturis
1878 3054 2223 3119 munditiem,
2245 3056 2331 3108 lib.
2344 3069 2402 3121 ιι,

267 3135 567 3187 techumenos
587 3176 601 3199 ‚
622 3158 676 3190 n.
701 3139 776 3190 13.
803 3139 851 3188 Si
869 3148 1028 3188 tamen
1050 3140 1126 3187 hie
1142 3157 1294 3188 sermo
1377 3157 1480 3206 cap.
1499 3136 1562 3202 6,
1587 3137 1663 3206 §4
1681 3157 1694 3188 :
1711 3139 1813 3197 ubi,
1844 3138 1970 3186 Tota
1985 3175 1999 3199 ,
2026 3141 2180 3206 inquit
2199 3177 2214 3201 ‚
2234 3157 2310 3190 res
2328 3143 2401 3191 vi·

269 3221 501 3285 genuinus
536 3230 602 3270 est
631 3221 682 3270 S.
714 3221 962 3288 Augustini
994 3221 1153 3270 foetus.
1190 3221 1292 3271 Cfr.
1378 3223 1519 3272 detur
1546 3224 1673 3270 inter
1695 3219 1973 3269 Sacerdotes
2005 3228 2279 3280 transacta,
2307 3242 2400 3291 po·

270 3302 525 3350 admonitio
569 3302 770 3353 Maurin.
810 3304 918 3353 edit.
954 3306 1007 3351 in
1041 3302 1294 3352 Sermones
1368 3305 1506 3372 pulis
1531 3305 1731 3352 interim
1764 3303 1824 3350 ab
1849 3303 1938 3353 hac
1965 3313 2098 3370 peste
2123 3307 2327 3371 inthris
2355 3316 2400 3356 et

270 3382 330 3431 de
370 3381 579 3448 symbolo
620 3385 685 3432 ad
728 3384 1105 3435 catechumenos.
1155 3384 1298 3436 Anti·
1382 3389 1597 3436 intactis.
1633 3385 1765 3435 Nam
1783 3385 1973 3450 plebem
2008 3387 2190 3436 occulto
2225 3398 2270 3437 et
2294 3388 2400 3438 dis-

269 3471 482 3534 quissimi
502 3468 663 3516 saltem
688 3473 886 3519 auctoris
908 3480 993 3520 est.
1380 3471 1613 3518 simulata
1640 3470 1867 3534 impietas
1891 3469 1971 3516 nil
2010 3469 2213 3519 laedebat
2228 3507 2242 3531 ‚
2262 3488 2401 3538 aper-

338 3552 404 3616 (2)
432 3551 718 3601 Commonit.
741 3571 838 3619 cap.
868 3553 1062 3620 2‚apud
1077 3551 1292 3601 Galland.
1378 3555 1475 3601 tior
1502 3561 1548 3599 et
1575 3551 1811 3600 audacior
1848 3552 1914 3600 ad
1944 3553 2254 3601 iracundiam
2286 3562 2399 3602 con-

269 3635 470 3683 Bibliot.
502 3634 715 3683 Patrum
746 3636 872 3684 min.
905 3647 1023 3686 tom.
1051 3656 1099 3686 x.
1376 3634 1556 3684 citabat
1571 3655 1590 3692 ,·
1612 3635 1739 3700 quod
1767 3635 1936 3685 deinde
1951 3637 2166 3685 adductis
2184 3646 2397 3686 veterum

333 3718 403 3783 (3)
438 3716 693 3775 Divinitas
734 3716 796 3768 D.
830 3717 897 3766 N.
932 3718 972 3765 J
975 3753 990 3769 ,ί
1034 3718 1091 3768 C.
1130 3720 1291 3767 mani·
1377 3721 1644 3770 testimoniis
1671 3720 1953 3771 lucidissime
1980 3720 2200 3770 ostendit.
