2514 4218
283 234 363 292 52
862 255 1059 294 macr.
1107 253 1175 291 »Β
1218 252 1370 290 LOCIS
1413 253 1797 294 rnnozocims,

1083 394 1490 448 PROPOSITIO
1522 396 1600 448 11.

285 543 566 603 Ecclesia»
599 562 819 621 corpas
857 532 1254 599 constituitur
1282 561 1354 597 ea·
1381 539 1728 599 hierarchia
1768 544 1983 602 divina
2025 542 2403 601 ordinatione

364 641 678 707 instituta,
708 647 762 694 et
789 657 862 694 ecc
885 637 1062 693 laicis
1079 655 1101 703 ,·
1128 656 1231 693 seu
1266 646 1497 694 constat
1528 657 1599 693 em
1633 637 1866 697 clericis
1896 649 1950 696 et
1972 640 2176 708 laicis,
2200 640 2404 697 divino

343 740 498 810 jure
531 734 611 792 ab
641 735 898 790 invicem
923 731 1246 789 distinctis.

366 884 464 942 92.
514 882 921 950 Hierarchia,
970 881 1019 939 si
1064 881 1185 941 vim
1221 882 1474 940 nominis
1523 880 1786 964 specteS‚
1836 883 2078 964 perinde
2136 882 2294 944 valet.
2344 904 2408 942 ac

280 1000 450 1038 sacer
463 980 862 1056 principatus
878 1021 894 1050 ‚
922 998 1169 1035 sacrum
1195 980 1528 1057 imperium
1547 1025 1564 1047 ,
1600 1000 1701 1037 sea
1718 981 2113 1058 principatus
2142 984 2211 1038 in
2234 980 2410 1038 rebus

279 1077 472 1132 sacris
506 1070 627 1151 (l);
673 1072 719 1130 si
756 1092 896 1133 vero
932 1093 1058 1131 rem
1107 1092 1247 1131 voce
1282 1073 1664 1153 significatam
1692 1119 1708 1147 ,
1755 1073 1985 1133 definiri
2020 1074 2165 1135 solet
2217 1086 2400 1134 caetus

280 1190 382 1228 seu
416 1169 557 1228 crdo
569 1169 912 1248 praesia'um
939 1179 997 1227 et
1019 1189 1334 1228 sacrorum
1371 1174 1798 1229 ministrorum
1830 1173 1916 1230 ad
1937 1173 2249 1251 reqendam
2275 1173 2398 1232 Ec-

280 1268 522 1324 clesiam
552 1266 1037 1345 yiqnendamque
1077 1270 1146 1323 in
1178 1266 1527 1325 hominihus
1559 1273 1925 1326 sanctitatem
1964 1270 2259 1328 divinitus
2301 1273 2400 1326 in-

281 1356 549 1421 stitutus.
591 1363 853 1420 Pertinet
894 1372 1206 1443 propterea
1245 1352 1568 1422 hierarchia
1605 1363 1681 1422 ad
1715 1364 2081 1423 essentialem
2118 1364 2403 1423 constitu·

280 1458 505 1518 tionem
550 1457 792 1519 visibilis
839 1457 1139 1534 Ecclesiae,
1190 1470 1395 1540 utpote
1439 1460 1519 1519 sic
1558 1482 1592 1520 a
1631 1460 1858 1519 Christo
1900 1462 2182 1520 institutae
2229 1470 2403 1542 atque

281 1554 564 1614 fundatae.
591 1552 989 1626 Quamobrem
1019 1552 1093 1613 de
1115 1553 1439 1614 hierarchia
1466 1554 1559 1614 hic
1587 1577 1619 1614 a
1651 1554 1819 1614 nobis
1842 1555 2137 1636 agendum
2173 1567 2317 1615 erat.

366 1649 466 1709 93.
517 1652 909 1709 Protestantes
932 1694 947 1722 ,
978 1649 1078 1730 qui
1102 1648 1332 1708 nullum
1367 1661 1688 1729 agnoscunt
1726 1672 1759 1709 a
1800 1650 2026 1711 Christo
2069 1652 2406 1710 institutum

283 1742 679 1804 sacerdotium
704 1755 1015 1804 externum
1039 1765 1103 1802 ac
1128 1746 1365 1826 proprie
1391 1744 1612 1803 dictum
1631 1790 1648 1822 ‚
1678 1745 1780 1805 sed
1800 1746 2177 1807 contendunt
2201 1768 2404 1806 omnes

283 1842 527 1901 omnino
576 1839 777 1899 fideles
806 1841 865 1899 vi
893 1839 1173 1921 baptismi
1214 1842 1460 1901 totidem
1509 1864 1633 1903 esse
1679 1844 2050 1919 Sacerdotes,
2103 1845 2403 1920 inferunt,

283 1934 719 2018 plenitudinem
750 1936 1107 1995 auctoritatis
1140 1958 1213 1996 ex
1246 1938 1458 1996 Christi
1494 1938 1859 1999 ordinatione
1898 1939 2150 1999 residere
2185 1941 2248 2000 in
2286 1961 2404 2022 po·-

283 2030 424 2113 pulo
445 2075 461 2104 7
502 2030 603 2111 qui
625 2074 640 2104 ‚
678 2051 815 2088 cum
841 2052 961 2089 non
987 2033 1169 2112 possit
1204 2054 1311 2113 per
1333 2055 1393 2093 se
1421 2033 1671 2116 implere
1709 2036 1909 2094 munia
1945 2035 2274 2105 Sacerdotio
2302 2034 2403 2093 ad-

282 2147 472 2200 nexa,
511 2125 757 2206 deputat
794 2125 869 2187 ad
911 2126 1031 2186 haec
1079 2126 1349 2187 obeunda
1386 2129 1703 2211 peculiares
1756 2131 1910 2191 viros
1939 2175 1956 2206 ‚
1999 2131 2256 2213 ipsisque
2300 2151 2406 2211 per

285 2219 604 2302 quamdam
644 2222 1109 2281 caeremonialem
1134 2223 1640 2304 inaugurationem
1680 2226 1813 2308 plus
1851 2229 2119 2289 minusve
2153 2225 2409 2285 auctori-

286 2315 422 2375 tatis
459 2313 702 2384 tribuit„
745 2338 853 2398 pro
877 2318 1084 2395 majori
1124 2318 1217 2379 vel
1240 2320 1455 2379 minori
1484 2321 1699 2400 gradu,
1738 2322 1803 2380 in
1844 2344 1960 2404 quo
1992 2343 2088 2382 eos
2126 2319 2405 2394 collocat,

285 2432 320 2469 a
342 2432 458 2491 quo
485 2410 533 2468 si
555 2422 940 2472 amoveantur
960 2457 976 2486 .‚
1013 2434 1252 2472 omnem
1279 2416 1683 2475 auctoritatem
1721 2417 2022 2477 amittunt.
2052 2418 2179 2477 Hos¹
2196 2426 2410 2478 vocant

284 2509 635 2577 ministr08,
689 2527 938 2587 quorum
975 2508 1300 2590 praecipuos
1345 2523 1558 2570 vocant
1600 2513 1776 2572 etiam
1813 2518 2107 2593 episcopos
2132 2524 2231 2571 aut
2249 2533 2409 2591 proe-

284 2601 538 2660 sidentes
556 2644 573 2673 ,
602 2610 702 2657 aut
727 2599 852 2657 aliis
880 2600 1063 2659 titulis
1088 2602 1315 2661 donant
1346 2606 1570 2663 ratione
1599 2607 1811 2684 gradus
1833 2651 1847 2678 ,
1882 2629 2057 2688 quem
2081 2607 2408 2688 respective

286 2692 563 2753 obtinent
586 2692 697 2772 (2).
731 2694 813 2751 Ex
849 2693 961 2753 hoc
995 2695 1202 2755 eodem
1234 2698 1521 2778 principio
1564 2700 1843 2780 colligunt
1890 2713 2166 2783 proeterea
2206 2706 2411 2762 Prote-

288 2801 511 2849 stantes
531 2790 936 2849 necessitatem
951 2789 1277 2850 absolutam
1288 2792 1562 2873 suffragii,
1582 2795 1739 2875 quod
1752 2795 1903 2856 ferre
1922 2797 2099 2858 debet
2124 2798 2374 2880 populus
2389 2843 2404 2868 ‚

288 2906 391 2944 seu
433 2889 554 2963 ejus
587 2905 898 2967 personam
943 2896 1245 2964 gerenteS,
1290 2889 1582 2970 principes
1619 2911 1835 2973 nempe
1868 2905 1969 2952 aut
2011 2895 2409 2975 magistratuS,

288 2978 368 3039 ad
393 2979 648 3039 validam
677 2980 1081 3041 ministrorum
1113 2981 1460 3044 electionem
1485 2985 1594 3066 (3).
1659 3004 1663 3007 ·

292 3156 487 3222 anqelos
512 3157 617 3205 coeli
658 3166 702 3205 et
733 3174 895 3207 omnes
928 3159 1092 3211 electos
1126 3169 1171 3209 et
1196 3163 1310 3227 jus·
1393 3166 1509 3231 quin
1541 3174 1697 3214 tamen
1723 3166 1974 3216 admittant
1996 3167 2324 3219 hierarchiam.

295 3249 365 3289 tos
380 3247 515 3288 terrae
538 3247 584 3287 ct
609 3241 826 3289 omnium
841 3241 1128 3292 seculorum.
1150 3242 1311 3294 Cetera
1462 3244 1528 3311 (3)
1568 3246 1690 3295 Talis
1715 3257 1784 3297 est
1802 3251 1930 3314 origo
1943 3252 2060 3315 juris
2075 3285 2093 3312 ‚
2118 3251 2244 3316 quod
2277 3254 2407 3316 prin-

294 3331 404 3371 sunt
420 3320 625 3387 ejusdem
646 3325 835 3371 tenoris.
1395 3330 1519 3394 cipes
1546 3338 1843 3394 protestantes
1869 3331 1957 3379 sibi
1975 3332 2185 3381 tribuunt
2203 3339 2250 3382 et
2275 3350 2408 3383 exer-

368 3404 432 3469 (l)
468 3402 567 3451 cfr.
595 3401 809 3453 Suicerus
835 3443 849 3466 ‚
885 3409 936 3455 in
976 3405 1224 3456 Thesauro
1253 3409 1313 3458 ad
1397 3421 1502 3460 cent
1545 3413 1596 3459 in
1631 3429 1757 3461 sacra
1778 3450 1791 3473 ‚
1841 3414 2007 3462 frustra
2050 3415 2407 3464 reclamantibus

298 3503 462 3536 vocem
498 3482 739 3551 ‘Iepoepxt'ae.
1395 3492 1680 3558 pastoribus,
1713 3495 1943 3561 siquidem
1979 3498 2207 3562 ejusmodi
2249 3501 2326 3564 jus
2356 3500 2406 3546 in

369 3566 434 3631 (2)
449 3567 631 3616 Exinde
644 3567 930 3632 intelligitur,
949 3570 1063 3632 quid
1083 3571 1309 3636 sintapud
1378 3591 1472 3635 *eos
1502 3575 1689 3639 profluit
1714 3592 1767 3625 ex
1804 3578 1908 3641 ipso
1932 3582 2289 3643 protestantismi
2312 3597 2405 3645 sys-

300 3648 585 3698 Lutheranos
613 3650 694 3714 qui
726 3651 934 3715 episcopi
970 3661 1224 3713 vocantur,
1265 3663 1310 3702 et
1393 3662 1578 3707 temate.

300 3747 500 3796 quorum
527 3731 744 3798 frequens
767 3732 890 3795 apud
914 3749 990 3782 eos
1022 3734 1075 3783 fit
1105 3736 1302 3797 menti0,
