2514 4218
337 188 450 249 150

942 208 1134 246 mser.
1182 186 1249 243 im
1292 207 1439 245 Loms
1482 209 1856 248 rnnotocims,

336 356 608 438 nuspiam
626 356 690 415 in
711 354 956 416 Ecclesia
975 373 1216 411 romana
1240 351 1486 434 reperiri
1511 353 1651 417 fidei
1671 356 1978 415 unitatem.
2016 355 2246 422 Etenim
2266 357 2441 418 omis-

331 453 408 512 sis
431 452 723 513 acerrimis
759 447 1275 537 disceptationibus
1290 492 1307 523 7
1335 468 1463 530 quae
1484 447 1548 506 in
1572 448 1783 511 scholis
1797 451 2091 512 catholicis
2122 451 2267 510 circa
2291 470 2446 533 prae-

333 547 784 608 destinationem
831 554 890 602 et
925 544 1208 626 gratiam7
1255 543 1400 602 circa
1445 542 1930 625 probabilismum
1960 569 2026 606 ac
2060 545 2284 627 singula
2329 547 2448 607 fere

333 644 550 704 ethices
580 641 766 723 capita
798 638 1214 713 exardescunt,
1256 661 1371 721 quo
1410 639 1477 697 fit
1506 649 1573 697 ut
1597 639 1659 696 in
1688 638 1887 720 plures
1914 641 2188 701 factiones
2220 641 2452 701 scindae

331 740 570 818 tu1··(l)7
605 736 695 795 his
715 781 732 812 7
764 735 1005 816 inquam
1024 780 1040 809 7
1078 735 1300 794 omissis
1321 780 1336 810 7
1365 756 1540 794 nemo
1564 736 1887 814 negaverit,
1919 736 2230 797 Ecclesiam
2253 759 2450 796 roma-

331 855 470 893 nam
509 832 785 891 refertam
825 831 1119 891 haereticis
1151 851 1275 891 esse
1307 857 1323 904 ς
1378 829 1701 890 fatentibus
1742 831 1962 913 quippe
2004 832 2450 893 romanensibus

332 926 603 987 omnibus
623 951 646 1002 7¹
673 926 934 986 doctrina
961 928 994 986 J
1001 927 1223 986 ansenii
1252 926 1522 987 haeretica
1548 937 1671 1000 estg
1700 948 1875 1007 porro
1896 926 2066 1006 longe
2087 926 2322 1008 lateque
2345 947 2454 1008 per

333 1021 644 1082 Ecclesiam
672 1022 1011 1081 universam
1025 1023 1358 1099 janseniani
1388 1022 1584 1082 diffusi
1612 1032 1750 1080 sunt
1775 1067 1791 1097 7
1826 1032 1885 1082 et
1920 1044 1952 1081 a
1980 1021 2246 1082 ducentis
2283 1023 2452 1082 annis

331 1117 524 1179 adhuc
562 1128 945 1200 perseverant
979 1116 1172 1178 eidem
1212 1117 1471 1178 Ecclesiae
1508 1118 1801 1177 mordicus
1844 1117 2226 1180 adhaerentes.
2269 1121 2457 1179 Nemo

331 1213 555 1272 inficias
603 1212 807 1290 iverit,
847 1212 1123 1273 refertam
1159 1215 1490 1273 incredulis
1536 1236 1661 1274 esse
1709 1224 1768 1274 et
1811 1215 2289 1295 indifferentistis
2335 1225 2460 1273 tam

317 1330 547 1389 ‘magno
587 1330 835 1368 numero
863 1354 880 1383 7
926 1320 992 1368 ut
1034 1331 1165 1386 eam
1210 1308 1456 1370 obruere
1507 1310 1819 1371 videantur
1855 1332 1920 1370 ac
1950 1310 2128 1371 fidem
2170 1308 2455 1388 subjicere

335 1404 595 1485 ejusdem
628 1405 1052 1466 membrorum.
1097 1407 1340 1466 Constat
1371 1417 1691 1488 praeterea,
1735 1405 2004 1467 eamdem
2020 1406 2332 1467 Ecclesiam
2360 1426 2460 1465 re·-

335 1502 549 1562 fertam
572 1522 696 1562 esse
714 1502 1109 1563 schismaticis
1126 1545 1149 1574 ,
1177 1513 1245 1560 ut
1265 1492 1450 1582 liquet
1469 1522 1541 1562 ex
1568 1505 1856 1582 episcopis
1873 1502 2461 1570 constitutionalihus

338 1618 660 1680 eorumque
704 1597 986 1677 ‘asseclis7
1033 1597 1228 1679 quiin
1266 1595 1465 1656 Galliis
1500 1618 1624 1656 non
1675 1597 2111 1663 communicant
2147 1619 2281 1659 cum
2323 1597 2463 1679 Epi-

340 1693 527 1775 scopis
557 1714 591 1752 a
629 1694 731 1752 Pio
761 1694 863 1752 VII
886 1693 1246 1767 constitutis3
1277 1691 1442 1751 deest
1472 1692 1648 1772 igitur
1671 1692 1849 1752 etiam
1874 1693 2016 1753 unio
2039 1692 2336 1752 charitatis
2359 1715 2460 1753 seu

339 1787 783 1848 communionis.
840 1788 909 1848 40
931 1789 1093 1862 .Quae
1129 1809 1263 1848 cum
1295 1789 1373 1847 ita
1395 1810 1456 1847 se
1500 1787 1794 1864 habeant7
1823 1811 1939 1870 quo
1974 1788 2111 1857 abit!
2138 1789 2236 1848 illa
2265 1809 2463 1848 roma·-

338 1884 613 1943 nensium
660 1884 975 1963 jactantia7
1027 1883 1187 1966 quod
1229 1884 1292 1942 in
1333 1906 1436 1943 sua
1475 1883 1724 1944 Ecclesia
1760 1884 2141 1959 omnimoda7
2183 1883 2358 1965 plena
2398 1903 2464 1942 ac

347 1980 607 2063 perfecta
634 1980 829 2061 vigeat
853 1980 1047 2038 unitas
1071 1979 1147 2039 ad
1172 1979 1489 2041 discrimen
1517 1991 1808 2039 sectarum
1825 2025 1841 2056 7
1870 2002 2000 2061 quae
2025 1981 2087 2039 in
2116 1980 2300 2038 frusta
2318 1979 2465 2038 scin-

339 2075 608 2136 duntur?
640 2075 751 2134 Ubi
788 2074 886 2134 illa
929 2075 1239 2134 auctoritas
1273 2074 1595 2134 infallibilis
1647 2075 1769 2135 sive
1810 2075 2074 2135 Ecclesiae
2110 2074 2232 2135 sive
2267 2074 2466 2133 Ponti-

340 2171 463 2231 ficis
479 2215 497 2246 7
526 2193 704 2254 quam
726 2181 1033 2253 tantopere
1056 2171 1472 2231 commendant
1493 2171 1673 2232 veluti
1699 2171 2053 2253 principium
2076 2192 2177 2230 seu
2205 2170 2465 2230 medium

341 2267 545 2327 efficax
589 2268 800 2326 unitati
843 2267 1293 2343 conservandae,
1340 2289 1519 2348 quam
1565 2288 1755 2348 neque
1789 2277 2111 2346 agnoscunt
2146 2265 2251 2325 filii
2286 2271 2407 2345 ejus
2431 2264 2466 2325 Ἰ

341 2363 410 2421 50
437 2363 521 2422 Ne
545 2383 684 2424 vero
719 2362 844 2422 haec
865 2362 1215 2445 amplificata
1258 2361 1571 2423 videantur
1591 2407 1608 2437 7
1642 2363 1863 2440 juverit
1891 2383 1957 2421 ea
1989 2363 2336 2422 confirmare
2359 2383 2466 2421 au·

338 2458 576 2518 toritate
615 2459 877 2541 Gregorii
922 2460 1086 2533 XVI,
1133 2458 1236 2540 qui
1266 2458 1328 2516 in
1373 2457 1659 2539 encyclica
1689 2479 1845 2517 anno
1891 2457 2049 2517 1832
2080 2457 2270 2531 edita7
2309 2458 2465 2515 inter

341 2546 530 2614 cetera
565 2554 687 2614 haec
722 2554 901 2614 habet
930 2576 944 2613 ε
991 2556 1133 2616 Vere
1162 2556 1529 2630 dixerimus,
1559 2555 1772 2612 horam
1806 2574 1972 2611 nunc
2002 2574 2119 2611 esse
2155 2558 2466 2632 potestatis

339 2650 726 2708 tenebrarum
771 2651 858 2708 ad
905 2651 1310 2709 cribrandum
1374 2653 1534 2707 sicut
1575 2653 1854 2708 triticum
1921 2649 2079 2726 filios
2142 2651 2463 2708 electionis.

357 2744 497 2807 Vere
532 2746 694 2805 luwit
724 2755 779 2804 et
812 2742 1068 2820 defluxit
1101 2755 1264 2802 terra
1303 2746 1528 2823 infecta
1565 2744 1644 2803 ab
1680 2743 2125 2803 habitatoribus
2160 2747 2320 2816 suis,
2357 2748 2499 2825 qui.

412 2969 482 3031 (1)
515 2967 585 3018 Ita
613 2969 782 3034 passim
802 2972 1104 3033 protestantes
1126 2967 1351 3016 recentio-

343 3066 441 3110 res,
477 3053 596 3099 inter
630 3068 745 3118 quos
780 3048 1009 3099 Gablerus
1042 3052 1095 3098 in
1125 3061 1241 3098 orat.
1273 3048 1354 3097 De

341 3132 567 3180 tenuibus
586 3133 748 3182 initiis
763 3169 777 3193 ‚
805 3149 918 3181 vera
929 3140 1108 3182 natura
1130 3140 1175 3180 et
1196 3131 1357 3180 indole

343 3213 570 3263 doctrinm
631 3214 913 3281 evanqelicae
931 3252 945 3277 7
997 3214 1025 3263 J
1029 3233 1125 3264 enae
1190 3212 1317 3263 1818
1338 3253 1350 3275 ‚

342 3313 447 3362 pag.
474 3293 531 3344 18
549 3335 562 3357 ‚
582 3298 781 3348 scribere
796 3316 894 3347 non
906 3307 1117 3348 veretur:
1144 3296 1358 3363 Quantae

342 3376 446 3425 lites
464 3415 478 3439 7
516 3372 697 3451 quanta
731 3379 939 3429 dissidia
958 3417 973 3442 7
1002 3387 1181 3445 quanta
1209 3378 1321 3428 odia
1339 3420 1353 3442 ‚

341 3462 577 3527 inprimis
606 3462 732 3510 inter
761 3463 954 3512 ordines
984 3460 1323 3511 monachorum
1342 3497 1357 3525 7

340 3542 771 3593 Dominicanorum
789 3577 806 3604 ,
841 3550 843 3552 ’
875 3545 1320 3594 Franciscanorum
1338 3577 1355 3603 ‚

343 3626 644 3675 Jesuitarum
661 3661 676 3685 ,
714 3624 956 3691 hucusque
975 3626 1247 3676 Ecclesiam
1274 3642 1357 3674 ca-

339 3709 563 3759 tholicam
580 3709 752 3757 misere
769 3708 1027 3757 turbarunt
1041 3710 1062 3757 .'
1091 3709 1204 3759 Non
1216 3710 1358 3767 modo

1436 2967 1731 3030 antiquiores
1755 2965 1965 3014 doctores
1990 2965 2301 3014 ecclesiastici
2317 3005 2328 3024 7
2353 2965 2461 3015 Pa-

1436 3057 1527 3095 tres
1570 3054 1740 3095 vocant
1760 3083 1775 3106 ‚
1826 3049 1882 3095 in
1907 3055 2200 3112 quocumque
2228 3047 2332 3110 sere
2374 3046 2459 3095 do-

1435 3133 1608 3180 ctrinae
1647 3129 1975 3179 ecclesiasticas
1998 3133 2155 3197 capite
2187 3130 2448 3180 admodum

1437 3215 1567 3262 inter
1588 3231 1637 3262 se
1667 3212 1930 3272 dissident,
1951 3230 2115 3261 verum
2144 3223 2189 3262 et
2214 3217 2452 3263 recentio-

1441 3314 1515 3345 res
1542 3293 1990 3345 romano-catholici
2004 3332 2017 3356 ,
2045 3298 2234 3362 ipsique
2264 3313 2458 3364 proesu-

1442 3378 1507 3428 les
1557 3381 1777 3439 romani,
1829 3394 2031 3443 quorum
2085 3380 2271 3429 decreta
2315 3379 2451 3427 haud

1442 3479 1553 3511 raro
1577 3464 1707 3510 inter
1731 3478 1781 3509 se
1808 3471 2051 3527 puynant.
2086 3463 2244 3529 Atque
2279 3464 2452 3512 etiam-

1400 3589 1405 3596 .
1442 3562 1563 3593 num
1591 3560 1723 3592 acres
1754 3546 2007 3609 aqitantur
2034 3545 2139 3594 lites
2164 3547 2287 3594 inter
2313 3545 2451 3593 Pon-

1442 3627 1587 3691 tificis
1622 3628 1815 3675 romani
1843 3627 2043 3676 asseclas
2066 3636 2111 3676 et
2133 3625 2448 3695 episcopales,

1440 3708 1818 3759 ultramontanos
1843 3719 1887 3758 et
1918 3727 2044 3760 mere
2066 3708 2337 3760 catholicos.
