2514 4218
2035 237 2150 297 123

519 273 674 312 mar.
721 271 763 308 1.
810 252 929 310 aar.
976 270 1060 308 111.
1108 270 1175 307 nn
1218 263 1481 306 necessus
1522 262 1697 303 nous,

137 421 274 480 211.
316 417 404 478 Ad
438 417 519 475 8¹¹¹
544 461 561 491 ,
601 417 758 476 Dist.
787 415 989 474 Unitas
1021 413 1256 474 actualis
1283 409 1618 472 materialis
1650 425 1772 466 non
1795 405 2051 488 pertinet
2075 403 2151 463 ad

60 515 312 577 Ecclesiae
347 513 655 572 essentiam
683 557 697 584 ,
738 522 961 579 trans.,·
977 511 1297 590 formalis,
1328 506 1684 588 neysNeque
1716 500 1828 560 alio
1854 520 2026 559 sensu
2055 519 2151 559 ca-

57 609 253 670 tholici
291 606 544 687 theologi
575 607 633 666 id
668 607 944 665 fatentur.
994 602 1350 662 Materialem
1396 621 1570 683 porro
1607 596 1951 659 divisionem
1989 593 2153 653 illam

56 725 220 777 vom,
246 724 373 785 quae
399 703 686 761 enascitur
708 723 776 760 ex
801 694 1322 759 concertationibus
1351 693 1833 774 tumultibusque‚
1858 689 1958 772 qui
1984 687 2155 748 iden-

56 798 236 856 tidem
282 797 516 856 excitari
553 797 629 855 ad
665 807 894 876 tempus
931 801 1174 872 possunt
1220 789 1537 871 peculiares
1568 789 1724 847 inter
1756 784 2016 846 ecclesias
2055 792 2155 842 aut

56 892 348 973 praelatOS‚
385 902 485 950 aut
520 892 744 972 privata
782 887 954 946 etiam
995 883 1299 945 individua
1339 882 1413 941 ad
1459 883 1758 956 invicem,
1827 879 2010 939 donec
2051 899 2158 960 per

58 987 312 1046 solemne
337 985 618 1063 judicium
649 980 886 1064 quaestio
924 978 1217 1060 dirempta
1242 978 1448 1051 fuerit,
1488 976 1628 1035 dum
1653 973 1994 1036 tamen'ista
2017 994 2155 1055 per-

60 1090 205 1159 gunt
233 1079 654 1138 communicare
681 1097 812 1135 cum
848 1073 1115 1135 universa
1157 1072 1441 1146 Ecclesia3
1485 1069 1791 1130 formalem
1826 1090 1962 1133 vero
1994 1067 2156 1129 divi-

60 1174 282 1252 sionem
325 1172 587 1254 appelle,
626 1190 737 1250 qua
785 1167 975 1249 aliqua
1010 1167 1348 1241 individua,
1389 1167 1510 1226 sive
1542 1164 1802 1225 Ecclesiae
1843 1162 2156 1242 singulares

61 1267 321 1327 volentes
342 1268 696 1344 scientesque
717 1261 790 1321 ab
809 1261 1066 1322 Ecclesiae
1093 1261 1387 1321 catholicae
1409 1272 1511 1320 aut
1532 1282 1564 1319 a
1587 1259 1834 1322 Romani
1864 1259 2157 1317 Pontificis

62 1361 466 1420 communione
491 1379 550 1417 se
569 1356 953 1433 subtrahunt,
978 1356 1125 1415 utin
1143 1366 1325 1416 coetus
1354 1361 1560 1416 coeant
1589 1353 1778 1414 eidem
1804 1353 2118 1412 contrarios
2138 1397 2155 1427 ‚

64 1467 164 1513 aut
196 1454 436 1514 solemni
471 1451 694 1530 judicio
735 1449 810 1510 ab
859 1450 1105 1509 Ecclesia
1150 1461 1288 1509 sunt
1325 1460 1611 1530 separata.
1656 1448 1758 1506 Isti
1806 1468 1980 1529 porro
2024 1468 2158 1506 cum

65 1560 225 1607 extra
248 1547 504 1607 Ecclesiae
532 1547 818 1605 unitatem
842 1545 962 1604 sint
990 1545 1323 1622 constituti,
1352 1566 1473 1602 non
1502 1542 1810 1602 Ecclesiam
1845 1540 2122 1600 scindunt
2141 1587 2158 1616 ‚

65 1642 166 1702 sed
192 1642 299 1724 ipsi
338 1640 414 1705 ab,
451 1641 698 1700 Ecclesia
735 1640 888 1699 scissi
918 1651 1055 1699 sunt
1089 1638 1197 1721 (l).
1238 1637 1407 1714 Quod
1439 1658 1578 1700 vero
1614 1636 1914 1720 speciatim
1944 1636 2020 1695 ad
2057 1636 2162 1695 Ni-

64 1736 272 1795 colium
315 1736 556 1813 attinet,
607 1740 727 1814 ejus
771 1737 1113 1794 auctoritate
1154 1756 1275 1793 non
1317 1754 1658 1806 movemur3
1702 1731 1969 1814 quamvis
2003 1731 2162 1791 enim

63 1830 214 1890 illius
250 1852 393 1912 opus
423 1833 515 1891 De
542 1837 774 1890 unitate
809 1831 1089 1892 Ecclesioe
1126 1830 1322 1909 magni
1354 1827 1682 1888 faciendum
1717 1828 1822 1903 sit,
1859 1847 1924 1887 ea
1961 1836 2161 1886 tamen

62 1923 384 1984 identidem
420 1926 481 1984 in
515 1924 614 1984 illo
645 1925 939 1985 interserit
962 1970 978 2000 7
1025 1945 1150 2007 quae
1182 1924 1445 1985 factionis
1481 1922 1868 2002 jansenisticae
1920 1943 2023 1982 seu
2054 1943 2162 2003 ap-

60 2019 403 2100 pellantium
427 2019 652 2133 placitis
684 2019 953 2094 faveant,
984 2019 1057 2079 de
1092 2041 1341 2102 quorum
1377 2040 1543 2099 grege
1575 2018 1699 2099 ipse
1730 2028 1855 2078 erat
1884 2016 1994 2097 (2).

129 2192 199 2258 (l)
248 2195 370 2244 Bene
413 2196 507 2244 huc
549 2197 806 2262 quadrant,
857 2214 961 2264 quae
1012 2198 1069 2247 de

64 2273 298 2325 Marcione
327 2279 503 2341 scripsit
533 2277 583 2326 S.
633 2279 932 2344 Epiphanus‚
971 2276 1087 2327 hae-

63 2372 154 2405 res.
174 2358 413 2417 xtu,edit.
437 2357 595 2407 Petav.
623 2369 739 2408 tom.
759 2377 796 2419 1,
818 2377 919 2424 pag.
937 2360 1070 2408 303·

62 2437 275 2491 Ζηλῶσιις
312 2436 486 2501 λοισι-ὲν,
528 2435 606 2488 καὶ
651 2444 712 2492 εἰς
745 2438 951 2502 μέγαν...
995 2437 1073 2490 καὶ

67 2518 210 2566 εἰπόν·
257 2514 321 2567 ἔτι
375 2519 464 2579 ἐγὼ
509 2518 658 2582 axla-ev
702 2517 778 2576 271⁸»
836 2520 1073 2577 ἐκκλησίαν

64 2599 177 2661 ὖμῶν
192 2637 207 2662 ,
232 2597 309 2648 xaei
331 2606 463 2660 βωλῦ
484 2600 669 2665 cxlv-pecc
695 2605 732 2650 ἔν
766 2605 882 2659 αὖα-ἶ
915 2607 974 2656 εἷς
1003 2601 1074 2652 τὸ

66 2683 215 2729 aizu-
258 2683 313 2734 ὥς
346 2682 535 2738 τάληθίῖ
567 2682 647 2747 μὲν
690 2682 876 2748 σχίσμα
911 2681 1071 2745 ’ἔβαλεν

68 2763 113 2811 ου’
135 2759 283 2829 μικρὰ
296 2802 311 2826 ,
332 2763 465 2820 ode-71¹7
492 2764 730 2821 ἐκκλησίαν
749 2763 941 2828 σχίσεις,
969 2767 1076 2815 ἀλλ’

66 2841 212 2893 ἑαυτὸν
240 2844 316 2895 καὶ
341 2844 441 2900 vods
459 2849 573 2913 anic-ap
591 2844 882 2901 τωο-θύτας.
897 2849 950 2897 Id
962 2858 1029 2898 est
1053 2866 1068 2897 ε

59 2923 151 2973 Ille
185 2928 442 2992 (Marcion)
471 2929 790 2979 vehementius
810 2930 1070 2979 excandes-

60 3021 223 3057 cens...
257 3018 300 3056 ct
339 3009 607 3058 Ecclesiam
635 3048 650 3072 ,
683 2993 783 3059 'ait
810 3049 823 3072 ,
865 3020 1067 3060 vestram

65 3100 142 3150 eqo
181 3090 439 3140 dissociabo
473 3130 487 3153 ‚
532 3094 587 3140 in
626 3085 819 3158 eamque
862 3093 1069 3142 schisma

64 3172 396 3233 sempiternum
424 3162 694 3224 imr'm'ttam.
732 3175 875 3241 Quod
902 3175 983 3224 ille
997 3194 1069 3225 re-

67 3262 176 3297 vera
220 3268 304 3301 nec
350 3254 578 3304 mediocre
611 3256 801 3321 quidem
852 3259 1020 3324 injecit
1051 3296 1065 3320 ‚

68 3332 258 3379 nonita
290 3341 445 3385 tamen
475 3346 529 3384 ut
560 3335 858 3400 Ecclesiam,
898 3340 979 3387 sed
1002 3351 1062 3389 ut

69 3423 116 3454 se
136 3411 299 3473 potius
326 3429 381 3460 ac
409 3431 516 3465 suos
546 3418 850 3469 discinderet.

138 3490 205 3553 (2)
238 3491 288 3538 ld
314 3504 433 3557 patet
461 3514 520 3546 ex
549 3501 691 3564 ipsius
721 3501 871 3549 verbis
901 3517 956 3549 ex
981 3504 1062 3551 cit.

68 3578 199 3620 tract.
243 3570 333 3620 lib.
380 3590 447 3635 11,
479 3579 550 3627 ch.
585 3597 641 3629 10
675 3599 691 3630 ε
728 3579 1067 3633 Secondement

66 3650 108 3698 il
124 3660 190 3699 est
209 3656 465 3704 necessaire
479 3657 534 3706 de
547 3667 842 3712 reconnaitre
858 3681 927 3713 un
935 3698 938 3701 Δ
938 3666 1064 3731 juqe

67 3749 288 3783 commun
317 3737 490 3801 auquel
525 3755 586 3789 on
607 3758 654 3791 se
682 3754 899 3811 rapporte
935 3746 992 3795 de
1011 3764 1062 3795 ce

1151 2197 1406 2265 differend,
1436 2198 1524 2262 qui
1548 2203 1615 2245 eet
1642 2194 1684 2244 le
1711 2192 1908 2254 Conc'ile
1929 2192 2125 2258 qeneral
2146 2231 2160 2251 ‚

1150 2297 1200 2328 ce
1217 2281 1303 2343 qui
1321 2278 1535 2344 empeche
1567 2294 1654 2342 que
1682 2276 1729 2325 la
1750 2275 1963 2324 division
1986 2292 2046 2324 ne
2073 2277 2166 2324 soit

1151 2361 1327 2408 entiere
1344 2376 1365 2420 ,⁰
1389 2361 1596 2424 puisque
1633 2374 1754 2406 ceum
1789 2359 1907 2421 qui,
1933 2361 2065 2405 etant
2104 2374 2164 2405 en

1153 2440 1366 2489 division
1387 2457 1474 2487 sur
1488 2438 1681 2504 quelque
1690 2441 1834 2503 point
1858 2475 1872 2497 ‚
1900 2448 2167 2486 convenam

1154 2522 1438 2570 neanmoina
1471 2520 1589 2568 d'un
1603 2522 1725 2586 juqe
1763 2517 2022 2581 commun,
2060 2528 2166 2571 cont
2244 2512 2248 2516 ’

1156 2605 1269 2651 unia
1299 2602 1562 2653 reellement
1595 2618 1694 2668 par
1716 2600 2013 2649 l'obeissance
2041 2609 2084 2648 et
2116 2600 2163 2649 la

1154 2684 1440 2733 eoumz'ssion
1481 2685 1511 2732 ὰ
1545 2700 1598 2732 ce
1622 2685 1764 2750 juqe.
1799 2682 1934 2748 Quod
1973 2682 2163 2747 quidem

1152 2768 1430 2832 principium
1453 2768 1504 2814 in
1525 2783 1659 2815 sensu
1675 2770 1871 2816 auctoris
1885 2781 2044 2813 verum
2061 2781 2163 2812 om·

1153 2850 1266 2896 nino
1292 2866 1389 2895 non
1414 2857 1497 2897 est.
1521 2847 1685 2897 Peccat
1719 2856 1932 2912 praeterea
1960 2845 2164 2894 Nicolius

1153 2933 1204 2978 in
1237 2931 1541 2995 applicatione
1565 2967 1579 2991 ‚
1622 2930 1734 2978 dum
1768 2929 1978 2987 censuit,
2010 2927 2163 2976 adhuc

1152 3014 1375 3076 pertinere
1400 3014 1597 3077 potuisse
1622 3012 1892 3078 jansenistas
1916 3009 1975 3058 ad
2002 3008 2162 3058 Eccle-

1151 3097 1227 3142 siae
1258 3097 1481 3144 unitatem
1507 3131 1522 3160 ,
1557 3096 1764 3161 quamvis
1793 3111 1819 3141 a
1845 3111 1965 3142 rom.
2002 3092 2161 3142 Ponti-

1152 3177 1239 3226 fice
1275 3179 1523 3242 proscripta
1556 3177 1692 3224 suerit
1727 3193 1886 3229 eorum
1918 3175 2124 3223 doctrina
2144 3212 2157 3236 ‚

1151 3259 1397 3307 accedente
1440 3260 1575 3307 totius
1616 3257 1825 3306 Ecclesiae
1878 3273 2105 3306 consensu
2144 3293 2157 3316 ‚

1149 3340 1290 3406 idque
1317 3340 1403 3389 sub
1428 3340 1620 3388 obtentu
1650 3338 1970 3404 appellationis
1992 3339 2049 3386 ad
2081 3338 2159 3385 fu-

1150 3430 1307 3469 turum
1320 3421 1600 3469 Concilium.
1622 3419 1822 3485 Vapulat
1845 3422 1982 3468 etiam
2018 3418 2159 3466 Nico-

1147 3503 1240 3551 lius
1271 3521 1297 3551 a
1328 3502 1460 3550 Petro
1495 3499 1738 3550 Ballerinio
1763 3503 1813 3549 in
1844 3504 1924 3550 cit.
1971 3499 2158 3564 Appen-

1147 3584 1266 3644 dice,
1286 3603 1340 3632 n.
1378 3580 1436 3646 14
1458 3620 1470 3643 ,
1490 3580 1546 3630 in
1573 3601 1626 3632 eo
1656 3584 1781 3650 quod
1806 3582 2022 3640 affirmat,
2050 3598 2157 3628 sen-

1145 3669 1335 3715 tentiam
1354 3668 1404 3713 in
1430 3665 1648 3714 Acacium
1675 3675 1719 3715 et
1744 3665 2158 3714 communicatores

1148 3746 1287 3798 latam
1327 3765 1423 3797 non
1464 3747 1604 3797 fuisse
1632 3746 1689 3797 ab
1718 3738 1949 3796 Ecclesiae'
1971 3761 2159 3809 corpore
