2514 4218
270 165 385 225 194

880 180 1074 219 TRACT.
1108 178 1192 215 'DE
1236 179 1391 218 Locls
1434 180 1810 233 THEOLOGICIS.

267 328 554 414 separatio
577 349 700 387 non
728 326 836 386 fuit
864 320 1231 395 voluntaria3
1273 319 1519 380 Ecclesia
1555 343 1799 384 romana
1830 335 1919 385 est
1959 343 2087 407 quae
2109 323 2250 385 'illas
2278 347 2388 387 ex·-

268 424 755 497 communicavit3
786 429 1046 481 ceterum
1077 417 1216 499 ipsae
1244 436 1476 498 semper
1503 424 1646 477 cum'
1671 419 1916 480 Ecclesia
1941 420 2218 481 catholica
2244 442 2388 481 con-

258 527 479 602 junctae
522 519 930 604 perstiterunt.
976 513 1079 571 11ο
1125 510 1295 586 Quod
1337 513 1383 570 si
1423 522 1677 592 potestas
1711 512 1897 574 civilis
1942 516 2141 576 edictis
2192 518 2383 579 vetuit

269 615 858 679 communicationem
893 630 1028 668 cum
1064 608 1311 668 Ecclesia
1342 629 1586 667 romana
1610 653 1627 684 ‚
1666 607 1728 667 id
1763 608 1980 672 factum
2014 625 2101 674 est
2127 614 2203 673 ad
2234 636 2406 695 prae--

269 713 557 776 cavendos
576 708 788 768 abusus
812 715 1191 764 romanorum
1210 704 1558 763 Pontificum
1577 748 1593 779 7
1622 704 1722 786 qui
1741 703 1890 763 nihil
1909 727 2172 789 unquam
2202 709 2391 770 moliti

272 832 395 869 non
435 814 573 864 sunt
602 802 679 861 ad
710 800 987 862 Ecclesias
1022 799 1381 859 britannicas
1416 811 1476 859 et
1509 799 1972 860 dominationem
2008 805 2393 886 temporalem

271 903 382 964 sibi
410 896 782 980 subigenda&
813 898 916 955 120
944 892 1433 979 Itaque'Ecclesiae
1458 894 1806 956 britannicae
1825 896 1991 956 nullo
2013 897 2189 958 modo
2213 899 2398 959 schis-

270 997 495 1057 maticae
536 993 762 1053 censeri
801 1002 1082 1076 possunt3
1126 1003 1255 1050 tum
1290 991 1427 1072 quia
1460 1004 1712 1073 pergunt
1747 993 1811 1051 in
1854 994 2077 1054 unitate
2110 995 2244 1055 fidei
2275 995 2398 1058 sive

270 1102 540 1174 respectu
565 1090 653 1149 sui
683 1089 805 1150 sive
833 1098 1103 1170 respectu
1132 1085 1391 1146 Ecclesiae
1428 1087 1723 1147 catholicae
1741 1132 1758 1164 ,
1799 1092 1958 1167 cujus
1991 1092 2396 1151 necessitatem

270 1188 455 1253 veluti
494 1182 938 1245 fundamentale
975 1182 1334 1265 principium
1365 1181 1700 1258 inculcant3
1739 1194 1867 1243 tum
1893 1185 2028 1267 quia
2067 1207 2127 1246 se
2154 1208 2275 1246 non
2301 1207 2397 1247 se-

272 1292 560 1368 pararunt
612 1279 685 1339 ab
744 1278 994 1339 Ecclesia
1069 1276 1388 1352 catholicam,
1448 1288 1579 1337 tum
1626 1279 1762 1361 quia
1818 1281 1961 1341 fides
2017 1281 2400 1342 Ecclesiarum

271 1379 740 1440 britannicarum
765 1373 1184 1435 non‘innititur
1204 1373 1453 1457 privatae
1480 1373 1954 1458 interpretationi
1970 1378 2399 1462 Scripturarum

276 1637 420 1670 suum
462 1618 644 1668 almum
694 1617 932 1683 suscipiat
967 1613 1262 1681 praesidium
1282 1650 1296 1674 ‚

271 1711 639 1770 promoveatque
666 1699 990 1748 executionem
1013 1696 1193 1746 excelsa
1210 1711 1302 1743 sua

280 1784 585 1832 ordinatione
611 1817 626 1843 ,
660 1798 839 1846 suaque
871 1779 1183 1846 imperatoria
1207 1794 1303 1827 -vo-

281 1867 466 1916 luntate
505 1866 571 1914 ad
595 1882 766 1932 pacem
793 1873 837 1912 et
872 1862 1073 1912 salutem
1108 1864 1304 1910 anima-

282 1968 391 1999 rum
415 1988 430 2012 ‚
461 1967 513 1999 eo
540 1947 769 2009 consilio,
802 1955 854 1994 ut
871 1945 959 1993 sub
989 1947 1092 2011 ejus
1113 1941 1305 1991 liberali

283 2042 462 2099 sceptro
476 2048 563 2080 nos
580 2047 683 2078 una
697 2046 805 2077 cum
822 2035 917 2076 tota
942 2031 1130 2075 russica
1145 2034 1301 2090 yeme,

267 2117 423 2180 juxta
450 2115 706 2177 antiquum
727 2107 1040 2176 apostolicum
1074 2108 1302 2172 officium,

270 2200 426 2264 juxta
444 2195 734 2261 praescripta
763 2199 1035 2239 sauctorum
1052 2192 1304 2239 universa-

284 2279 409 2327 lium
448 2275 778 2325 Conciliorum
796 2308 813 2334 ,
835 2275 988 2339 juxta
1019 2272 1305 2320 traditiones

288 2361 646 2427 Episcoporum
675 2357 1007 2422 doctorumque
1032 2356 1304 2406 orthodoscae

286 2441 532 2493 catholicoe
551 2439 603 2488 E
605 2438 807 2500 cclesias,
826 2455 922 2486 uno
942 2439 1192 2504 eodemque
1206 2455 1305 2500 ore,

289 2541 494 2575 causano
530 2525 647 2571 item
685 2521 823 2571 corde
846 2520 1046 2569 laudare
1063 2522 1309 2588 possimus

292 2605 459 2656 Deum
490 2621 645 2653 unum
677 2612 721 2651 et
753 2603 955 2653 trinum.

362 2688 435 2737 Ad
476 2687 576 2736 haec
608 2684 901 2735 sanctissima
941 2683 1155 2750 Synodus
1197 2701 1309 2748 yra-

293 2773 389 2822 tias
414 2772 509 2837 eqit
530 2768 707 2819 caelesti
733 2767 934 2815 Pastori
951 2782 1042 2832 pro
1073 2765 1161 2815 hoc
1189 2783 1310 2817 novo

297 2856 587 2903 incremento
602 2852 683 2899 sui
701 2850 807 2899 veri
827 2849 986 2914 qreqis
1001 2882 1016 2906 ,
1055 2849 1311 2914 statuitque

283 2939 434 3003 juxta
466 2934 655 3001 requlas
697 2939 741 2980 et
774 2929 988 2996 exempla
1023 2929 1311 2980 Sanctorum

298 3017 508 3074 Patrum
521 3055 537 3075 ,
551 3014 810 3083 Episcopus
823 3047 841 3075 ,
858 3010 1036 3060 clerum
1061 3020 1106 3059 et
1125 3031 1313 3079 qreqem

299 3100 579 3147 universum
593 3097 800 3147 ecclesias
811 3110 958 3159 usque
972 3092 1129 3144 adhuc
1138 3113 1311 3161 yroecae

301 3182 455 3230 uuitae
475 3218 489 3241 ‚
519 3183 577 3228 in
605 3180 802 3248 plenam
826 3180 1032 3246 recipere
1059 3187 1103 3226 et
1139 3178 1311 3227 illimi-

302 3270 453 3312 tatam
490 3264 872 3311 communionem
911 3267 1088 3310 sanctae
1113 3295 1128 3320 ‚
1165 3260 1314 3310 ortho-

306 3343 442 3393 doxae
468 3342 708 3394 catholicae
739 3341 987 3393 orientalis
1013 3339 1311 3395 Ecclesiae...

306 3423 579 3494 Imperator
603 3426 832 3491 dignatus
854 3435 923 3476 est
943 3442 1095 3475 manu
1111 3429 1314 3492 propria

300 3509 383 3559 his
411 3508 566 3560 verbis
595 3525 695 3557 rem
716 3509 927 3559 decidere
954 3527 969 3560 ε
1011 3508 1213 3558 Gratias
1241 3528 1314 3558 re-

296 3591 460 3660 pendo
490 3590 599 3642 Deo
641 3598 685 3639 et
714 3593 944 3658 suscipio.
988 3592 1056 3642 Ita
1099 3608 1314 3642 consum-

302 3686 480 3727 matum
508 3685 574 3727 est
613 3674 704 3724 hoc
731 3676 997 3742 mysterium
1024 3675 1276 3742 iniquitatis
1295 3713 1310 3738 ‚

1381 1612 1509 1681 quod
1547 1615 1673 1678 prius
1713 1624 1915 1673 secreto,
1957 1615 2127 1666 deinde
2159 1615 2402 1682 publicum

1383 1696 1559 1745 factum
1575 1707 1642 1745 est
1662 1713 1676 1759 ;
1705 1714 1760 1746 ac
1776 1700 1953 1763 optime
1966 1698 2156 1765 quidem
2178 1736 2191 1760 ‚
2225 1701 2262 1747 si
2281 1698 2405 1747 Deus

1383 1778 1604 1827 humanis
1634 1779 1962 1829 fraudulentiis
1982 1781 2130 1847 decipi
2151 1791 2298 1846 posset
2319 1780 2408 1830 !·Ut

1384 1870 1540 1908 autem
1561 1860 1619 1908 ad
1641 1871 1843 1925 posteros
1868 1864 2064 1910 istorum
2089 1873 2402 1928 apostatarum

1384 1941 1634 2006 praesulum
1670 1942 1862 1990 infamia
1897 1946 2132 2006 perveniat
2160 1981 2173 2003 ‚
2203 1944 2279 1991 hic
2320 1961 2401 1991 eo-

1384 2041 1491 2071 rum
1532 2025 1724 2072 nomina
1764 2025 2009 2091 subjiciam
2038 2042 2054 2088 ς
2098 2035 2205 2073 sunt
2248 2036 2402 2074 autem

1386 2115 1477 2154 tres
1495 2123 1506 2153 :
1524 2108 1700 2170 primus
1723 2105 1951 2171 Josephus
1979 2104 2231 2156 Smmszxo
2251 2145 2264 2167 ‚
2289 2110 2368 2174 qui
2387 2145 2400 2169 ‚

1386 2204 1493 2236 cum
1516 2189 1567 2235 in
1594 2188 1761 2237 scholis
1785 2187 1979 2237 Ordinis
2008 2188 2053 2237 S.
2089 2189 2242 2239 Basilii
2272 2192 2403 2239 insti-

1386 2274 1595 2318 tueretur
1618 2307 1632 2330 ‚
1668 2269 1729 2318 ob
1766 2273 2006 2335 praemium
2042 2290 2140 2321 non
2182 2273 2401 2338 adeptum

1388 2370 1435 2402 se
1465 2353 1523 2402 de
1551 2352 1726 2403 Ordine
1759 2354 1839 2403 illo
1887 2355 2102 2404 ulturum
2123 2355 2403 2422 spopondit.

1387 2435 1626 2485 Promissis
1638 2454 1773 2503 porro
1785 2439 1878 2486 suis
1890 2441 2025 2501 stetit3
2047 2441 2221 2503 primus
2231 2440 2403 2504 quippe

1388 2526 1490 2588 ejus
1518 2532 1665 2581 actus,
1691 2540 1799 2571 cum
1815 2524 1870 2571 ad
1889 2526 2121 2588 potestatis
2144 2523 2329 2571 culmen
2351 2524 2401 2570 in

1389 2603 1591 2651 Ecclesia
1612 2621 1693 2650 sua
1722 2603 1737 2665 (
1750 2607 2046 2668 graeco-unita
2065 2605 2082 2666 )
2106 2614 2290 2653 evectus
2309 2614 2397 2665 est,

1389 2684 1569 2748 impetit
1582 2682 1805 2732 Ordinem
1819 2687 1977 2745 istum,
1997 2689 2072 2734 cui
2092 2689 2299 2751 primum
2313 2703 2402 2735 no·

1389 2765 1523 2814 vitios
1549 2767 1748 2830 recipere
1776 2768 1874 2815 sine
1896 2768 2109 2832 gubernii
2138 2770 2273 2817 venia
2293 2785 2400 2834 pro-

1391 2846 1571 2907 hibuit,
1595 2857 1694 2895 tum
1715 2865 1820 2896 vero
1843 2867 1895 2897 eo
1910 2888 1923 2912 ,
1941 2851 2070 2916 quod
2094 2852 2290 2899 novitios
2306 2867 2402 2898 non

1392 2928 1601 2990 haberet,
1630 2930 1976 2982 illum'omnino
2007 2931 2226 2982 abolevit.
2248 2930 2400 2980 Homo

1393 3012 1619 3077 superbiae
1641 3024 1699 3064 -et
1736 3014 1966 3064 malarum
2002 3017 2168 3063 artium
2200 3013 2398 3078 plenus,

1392 3096 1627 3163 totiusque
1663 3094 1758 3143 doli
1802 3113 1860 3145 ex
1898 3106 2027 3162 parte
2061 3094 2400 3145 Catholicorum

1394 3179 1637 3243 primarius
1670 3178 1829 3226 artifex
1874 3177 2021 3241 (tales
2062 3180 2187 3226 enim
2224 3195 2403 3244 semper

1395 3270 1504 3308 sunt
1535 3268 1746 3325 apostatae
1774 3259 1970 3333 nostri).
2001 3259 2137 3308 Nunc
2159 3262 2219 3308 ab
2247 3260 2402 3326 lmpe-
2466 3304 2469 3309 .

1394 3351 1541 3391 ratore
1565 3339 1935 3406 archiepiscopus
1958 3341 2211 3391 Wilnensis
2228 3360 2401 3392 renuu-

1395 3427 1565 3484 ciatus,
1585 3440 1686 3490 quae
1711 3422 1840 3472 sedes
1859 3425 2139 3475 schismatica
2159 3443 2286 3475 nunc
2308 3428 2401 3492 pri-

1394 3528 1526 3559 mum
1547 3519 1694 3559 erecta
1714 3519 1800 3560 est.
1826 3510 2009 3580 Reliqui
2040 3513 2134 3562 duo
2167 3515 2398 3562 minorum

1394 3594 1595 3660 gentium
1624 3602 1731 3641 sunt
1755 3592 1946 3645 Basilius
1978 3596 2201 3646 Luzrusxi
2233 3604 2278 3646 et
2300 3593 2398 3642 An-

1394 3677 1547 3727 tonius
1573 3675 1743 3728 Zunxo.
