2514 4218
2065 177 2182 237 395

352 203 510 243 PART.
564 207 601 242 1.
651 204 799 241 SECT.
845 206 910 240 11.
960 207 1081 243 CAP.
1127 206 1189 243 11.
1243 205 1311 243 DE
1354 204 1581 244 PRIMAT.
1625 202 1848 239 PERPET.

66 349 221 407 Petri
254 349 317 406 in
352 349 518 406 Rom.
565 344 972 420 PontificibuS,
1010 351 1132 425 ejus
1167 342 1582 405 successoribus
1603 389 1619 417 .,
1671 349 2143 423 perseverantem
2164 384 2179 414 a

69 444 213 502 adeo
274 454 340 506 ut
400 452 920 500 monumentorum
986 442 1432 521 omnigenorum
1498 438 1662 520 copia·
1728 434 1907 496 veluti
1972 432 2183 513 obrua-

68 561 201 597 mur
239 538 347 615 (1).
2175 593 2178 594 a

152 633 292 692 577.
341 634 467 691 Huc
494 632 711 712 pariter
732 630 1067 689 referuntur
1088 629 1510 711 appellationes
1535 672 1550 701 ‚
1590 625 1980 685 accusationes
1996 668 2012 698 a
2041 645 2185 704 pur,-

71 730 327 808 gationes
347 774 362 804 ,
422 751 562 810 quas
612 727 686 786 ad
733 729 898 786 Rom.
928 726 1268 787 Pontificem
1323 724 1587 809 Episcopi
1609 769 1623 795 .,
1669 723 1844 781 etiam
1887 720 2147 803 primarii
2167 765 2184 794 .‚

77 824 335 905 undique
361 825 716 897 habuerunt,
743 844 873 881 cum
896 822 1390 903 opprimerentur.
1419 830 1518 877 aut
1540 820 1601 876 in
1621 817 1927 876 discrimen
1952 814 2188 904 aliquod

74 919 547 998 vocarentur(2);
571 939 699 1000 quae
713 915 913 999 procul
938 914 1115 975 dubio
1138 915 1523 997 patefaciunt,
1542 914 1696 994 ipsos
1714 933 1911 971 veram
1936 910 2188 970 auctori-

76 1026 256 1073 tatem
291 1015 599 1096 superioris
634 1013 850 1072 ordinis
873 1057 889 1086 ,
921 1012 1042 1071 sive
1061 1009 1482 1089 jurisdictionis
1508 1010 1570 1067 in
1591 1010 1754 1066 Rom.
1781 1004 2186 1080 Pontificibus,

79 1110 235 1169 Petri
266 1108 684 1167 successoribus
705 1154 720 1182 7
750 1106 1039 1189 professos
1074 1128 1214 1166 esse.

161 1204 299 1263 578.
345 1204 624 1263 Eamdem
645 1205 863 1262 realem
891 1203 1106 1260 summi
1130 1203 1506 1261 pontificatus
1521 1203 1910 1280 praesentiam
1935 1198 2000 1258 in
2024 1199 2188 1256 Rom.

80 1299 425 1359 Praesulibus
469 1297 964 1380 deprehendimus
1006 1298 1069 1355 in
1113 1298 1237 1378 ipsa
1277 1296 1487 1377 agendi
1529 1296 1755 1355 ratione
1787 1294 2190 1353 haereticorum

80 1408 137 1454 et
164 1394 653 1453 schismaticorum
672 1438 687 1467 .‚
716 1393 815 1474 qui
832 1439 850 1468 ‚
875 1404 942 1463 ut
962 1392 1226 1475 proprios
1254 1391 1701 1451 cohonestarent
1729 1411 1949 1450 errores
1979 1411 2043 1448 ae
2064 1411 2194 1471 per·

82 1490 468 1562 duellionem7
508 1489 748 1547 minime
788 1488 1132 1547 dubitarunt
1171 1490 1416 1546 Romam
1447 1486 1754 1565 confugere
1780 1484 1870 1569 (3)
1893 1530 1909 1559 ,
1948 1487 2192 1547 Romam

152 1681 214 1740 (l)
253 1680 347 1728 Cfr.
364 1678 577 1743 Theoph.
605 1679 890 1743 Raynaudus
913 1715 925 1739 ‚
946 1682 995 1726 in
1011 1696 1088 1744 op.

90 1764 278 1811 Corona
311 1777 458 1807 aurea
498 1777 642 1825 super
689 1759 919 1807 mithram
967 1777 1087 1809 rom.

87 1843 362 1907 Pontifiois.
399 1859 508 1906 opp.
558 1844 669 1890 edit.
704 1843 859 1908 Lugd.
893 1853 1007 1891 tom.
1039 1860 1089 1891 x.

88 1925 179 1973 Ubi
203 1925 279 1973 hie
319 1936 479 1973 auctor
505 1925 766 1973 incredibili
796 1927 1014 1990 patientia
1050 1935 1094 1972 et

85 2007 239 2055 labore
265 2025 318 2054 ex
345 2006 531 2054 Patrum
569 2023 815 2070 graecorum
855 2016 900 2054 et
928 2007 1092 2054 latino-

88 2106 190 2136 rum
214 2089 500 2154 aliorumque
520 2091 791 2153 scriptorum
825 2088 1098 2138 ecclesiasti-

90 2187 248 2217 corum
268 2172 446 2233 scriptis
469 2170 648 2234 collegit
664 2171 836 2226 titulos,
854 2171 1024 2237 quibus
1040 2171 1095 2219 Β.
1117 2216 1119 2218 .

91 2251 253 2298 Petrus
282 2259 328 2297 et
352 2268 471 2298 rom.
514 2250 726 2299 Pontifex
762 2253 919 2299 donati
957 2262 1094 2312 sunt,

94 2349 147 2380 ac
172 2342 412 2380 enumerat
442 2331 810 2397 quadrinqemos
834 2334 1099 2396 nonaqinta

93 2416 321 2479 quinque.
365 2413 593 2480 Equidem
630 2415 797 2476 fateor,
832 2433 913 2480 pro
955 2418 1102 2463 aetatis

94 2494 224 2544 illius«
263 2497 417 2543 critica
463 2496 711 2544 nonnullos
747 2513 801 2545 ex
853 2497 925 2544 his
958 2496 1102 2545 titulis

97 2579 226 2625 hunc
264 2587 493 2626 auctorem
521 2579 725 2626 hausisse
764 2578 824 2627 ab
858 2577 1100 2643 operibus,

98 2675 200 2724 quae
225 2677 352 2707 nunc
365 2664 432 2707 uti
453 2662 605 2725 spuria
621 2659 870 2709 habentur.
889 2661 1104 2708 Attamen

100 2742 310 2809 plerique
343 2761 396 2791 ex
428 2746 641 2809 genuinis
678 2744 887 2792 fontibus
920 2743 1102 2792 collecti

33 2845 35 2848 ·
106 2837 225 2874 sunt.
245 2826 310 2874 Ex
333 2826 405 2873 his
419 2842 549 2890 porro
573 2825 704 2874 facile
723 2824 1101 2891 deprehenditur,

102 2910 293 2974 quinam
324 2908 460 2956 fuerit
476 2911 613 2955 totius
639 2907 924 2973 antiquitatis
948 2924 1106 2956 sensus

102 2992 220 3038 circa
264 2990 466 3038 divinam
498 2991 731 3054 xoriginem
752 3025 765 3048 ‚
798 2991 1108 3053 praerogativas

106 3087 157 3118 ac
184 3089 442 3136 supremam
490 3069 763 3135 dignitatem
802 3072 1020 3134 primatus
1048 3071 1107 3118 il-

106 3153 196 3199 lius
211 3191 224 3212 ‚
241 3172 333 3219 quo
349 3172 467 3203 rom.
489 3154 718 3212 Pontifex,
739 3163 896 3218 utpote
911 3151 961 3202 S.
989 3153 1111 3202 Petri

113 3251 364 3297 successor,
406 3240 606 3301 potitur,
646 3238 820 3301 quique
857 3235 947 3283 illis
971 3236 1112 3284 titulis

113 3332 165 3362 ac
191 3321 466 3366 onomastieo
500 3318 798 3384 significatur.
841 3317 941 3367 cfr.
972 3320 1111 3366 etiam

115 3396 397 3446 Mamaehius
417 3435 432 3460 ,
458 3399 596 3465 Oriq.
615 3409 661 3448 et
676 3401 907 3463 antiquit.
941 3399 1109 3448 christ.

116 3490 229 3528 tom.
251 3497 309 3538 v,
343 3498 390 3543 p.
430 3498 484 3539 ι,
515 3480 619 3530 libri
650 3501 696 3531 iv
719 3522 732 3543 ‚
772 3502 820 3548 p.
848 3498 908 3541 2,
943 3483 1111 3548 cap.3.

110 3559 198 3609 His
218 3562 416 3610 addendi
448 3574 552 3611 sunt
573 3563 712 3614 Card.
733 3565 891 3614 Orsius
914 3579 931 3625 ‚'
954 3569 1005 3614 in
1026 3554 1106 3631 op.

108 3643 188 3690 De
214 3642 555 3709 irreformabili
583 3663 704 3695 rom.
741 3642 1002 3713 Pontifieis
1024 3651 1114 3711 ju-

101 3725 228 3773 dicio
246 3762 260 3785 ‚
289 3725 396 3773 trib.
416 3726 653 3776 volum.in
679 3725 753 3790 4⁰,
779 3729 934 3778 Romae
968 3729 1112 3795 ¹7393

1175 1679 1312 1728 Card.
1349 1678 1581 1727 Gerdilius
1601 1716 1614 1738 ‚
1661 1676 1867 1727 Analisi
1881 1686 2040 1724 contro
2059 1676 2196 1724 Lau-

1175 1762 1286 1826 ‘nojo
1312 1798 1325 1819 ‚
1361 1778 1470 1825 opp.
1504 1761 1576 1807 ed.
1613 1762 1694 1809 cit.
1719 1773 1833 1810 tom.
1863 1775 1984 1820 x1113
2015 1759 2199 1806 Muzza-

1176 1844 1295 1904 ralli,
1316 1843 1414 1891 Del
1429 1843 1566 1891 buon
1581 1860 1666 1891 uso
1683 1842 1805 1890 della
1822 1842 1976 1907 loqioa
1995 1879 2008 1901 ‚
2034 1859 2195 1906 opusc.

1178 1945 1233 1975 m
1252 1964 1265 1988 ‚
1286 1928 1398 1976 edit.
1413 1927 1449 1975 F
1452 1927 1536 1977 lor.
1563 1924 1682 1976 1831
1713 1966 1725 1988 ‚
1749 1937 1864 1977 tom.
1895 1943 1946 1989 ις
1970 1926 2161 1991 Bolgeni
2181 1962 2195 1986 ,

1178 2027 1255 2075 op.
1289 2013 1384 2071 cit.;
1433 2010 1644 2058 Zaeearia
1670 2048 1682 2069 ‚
1719 2009 1782 2057 in?
1814 2008 2161 2072 Antifhbronio
2180 2044 2196 2067 ‚

1179 2102 1224 2141 et
1239 2095 1291 2148 in
1303 2091 1650 2155 Antifebronio
1665 2090 1911 2139 vindicato
1927 2125 1943 2150 ‚
1959 2093 2040 2156 qui
2052 2090 2196 2139 uber·

1182 2177 1298 2222 rima
1327 2174 1548 2222 exhibent
1561 2176 1611 2221 in
1626 2174 1747 2222 hanc
1768 2191 1865 2243 rem
1887 2167 2078 2221 Patrum
2103 2182 2198 2222 tes-

1182 2260 1392 2306 timonia.
1439 2257 1505 2305 Ex
1544 2257 1877 2318 recentioribus
1925 2258 2048 2305 idem
2085 2273 2202 2321 prae-

1184 2341 1397 2386 stiterunt
1411 2338 1578 2387 Frane.
1593 2338 1816 2386 Patricius
1835 2338 2050 2399 Kenrick‚
2068 2339 2198 2388 eoad-

1185 2420 1398 2485 Episcopi
1439 2420 1728 2486 Philadelph.
1755 2423 1804 2468 in
1852 2422 2100 2485 provinciis
2118 2421 2202 2469 foe-

1186 2502 1356 2551 deratis
1376 2501 1591 2551 Amerieae
1613 2540 1625 2563 ,
1643 2506 1691 2550 in
1729 2520 1806 2568 op.
1838 2502 1942 2550 The
1968 2502 2203 2567 Primae-y

1187 2586 1248 2650 of
1261 2584 1335 2632 the
1358 2584 1586 2650 apostolic
1611 2602 1711 2633 seeo
1734 2585 1837 2632 and
1854 2584 1931 2632 the
1962 2583 2204 2649 authority

1189 2668 1248 2732 of
1275 2668 1471 2731 qeneral
1498 2665 1677 2715 concils
1707 2667 1982 2715 vindicatae!
1999 2702 2015 2727 ,
2046 2666 2202 2714 Phila-

1190 2748 1383 2813 delphiae
1414 2746 1573 2809 18383
1603 2751 1856 2813 praesertim
1872 2766 1979 2797 vero
2007 2746 2092 2798 Dr.
2109 2747 2204 2796 Ro-

1190 2830 1395 2890 thensee,
1418 2833 1466 2878 in
1488 2848 1568 2895 op.
1590 2831 1695 2878 Der
1706 2832 1892 2896 primae
1909 2831 1991 2878 des
2005 2826 2205 2896 Papstes

1190 2914 1246 2960 in
1258 2912 1556 2961 altenehristl
1558 2913 1693 2959 ichen
1702 2912 2201 2973 Jahrhundertemetc.

1193 3012 1273 3044 seu
1294 2991 1542 3042 Primatas
1566 2995 1714 3060 Papoe
1731 2996 1788 3042 in
1803 2995 2016 3059 antiquis
2029 2994 2204 3043 seculis

1192 3076 1474 3125 christianis
1496 3114 1508 3135 ‚
1543 3076 1754 3140 Mogunt.
1805 3073 1948 3125 1836.
1985 3076 2205 3142 Quamvis

1193 3159 1284 3207 hoc
1302 3176 1416 3223 opus
1432 3196 1444 3217 ‚
1475 3168 1657 3206 auctore
1673 3165 1820 3206 morte
1841 3169 2070 3222 praevento
2090 3196 2103 3214 .,
2121 3158 2204 3206 ab·

1196 3243 1397 3290 solutum
1426 3258 1521 3287 non
1555 3239 1710 3290 fuerit.

1265 3322 1334 3386 (Ξ)
1373 3320 1471 3374 Cfr,
1509 3321 1742 3369 Ballerinii
1761 3358 1774 3382 ‚
1838 3320 2203 3369 Observationes

1197 3406 1253 3451 in
1281 3404 1469 3452 discen.
1499 3421 1527 3451 v
1554 3401 1800 3470 Quesuelli
1813 3439 1828 3464 ,
1853 3413 1967 3452 tom.
1997 3419 2031 3450 11
2050 3438 2066 3461 ‚
2096 3418 2202 3466 opp.

1197 3485 1247 3534 S.
1283 3485 1447 3533 Leonis
1467 3522 1480 3541 ‚
1510 3502 1611 3550 pag.
1636 3500 1736 3551 902
1761 3495 1805 3533 et
1837 3503 1967 3550 seqq.

1268 3567 1331 3630 (3)
1366 3566 1510 3632 Cujus
1562 3568 1732 3633 agendi
1776 3568 1964 3616 rationis
2002 3564 2206 3629 exempla

1198 3651 1435 3696 notissima
1460 3661 1568 3697 sunt
1584 3649 1780 3699 Nestorii
1799 3687 1814 3710 ,
1842 3647 2062 3713 Eutychis
2082 3684 2094 3708 ‚
2117 3645 2203 3695 Pe-

1197 3730 1304 3794 lagii
1328 3768 1341 3789 ‚
1370 3736 1461 3779 etc.
