2514 4218
361 183 517 222 PART.
564 186 604 222 1.
647 185 798 223 ster.
847 187 913 223 11.
957 188 1078 226 cu.
1123 187 1210 226 111.
1253 188 1321 226 nn
1364 188 1492 227 nar.
1541 191 1607 227 m·
1652 191 1776 230 sun.
1823 193 1972 233 mm.
2104 175 2222 235 435

119 326 208 384 his
253 324 520 384 omnibus
560 323 856 403 dimissiS‚'
895 349 1002 386 nos
1038 327 1287 407 vestigiis
1329 328 1510 388 semel
1553 332 1754 410 positis
1786 333 2116 396 insistentes
2145 340 2224 398 sic

117 431 394 479 assertam
433 420 886 500 propositionem
918 422 1255 483 evincimUS.

198 513 338 572 625.
387 513 465 571 Ex
492 515 771 595 superiori
800 516 1191 597 propositione
1225 528 1488 592 constat,
1520 540 1666 576 rom.
1699 521 1987 581 Pontificis
2015 526 2226 604 prima-

119 620 248 666 tum
281 619 489 666 natura
515 630 637 667 sua
681 630 804 668 esse
840 609 1243 669 auctoritatem
1284 611 1667 694 episcopalem
1705 607 2225 695 superEcclesiam

116 702 483 775 universam3
509 724 643 782 ergo
653 707 786 781 jure
805 704 1106 764 inferimus
1133 725 1146 762 :
1169 704 1454 785 primatus
1476 728 1620 766 rom.
1647 709 1934 769 Pontificis
1958 734 2227 793 suprema

116 798 456 857 auctoritate
507 809 740 878 praestat
786 820 960 881 super
1009 819 1212 857 omnes
1266 799 1572 880 Episcopos
1625 803 1920 863 catholicae
1969 807 2229 869 Ecclesiae

115 892 291 951 etiam
339 893 401 950 in
445 892 674 972 Synodo
697 892 947 973 generali
984 904 1355 972 congregatos
1378 938 1395 967 .,
1434 916 1535 954 seu
1566 917 1714 955 rom.
1744 900 2007 959 Pontifex
2029 924 2228 984 supre-

115 1008 210 1045 ma
243 985 424 1067 pollet
463 988 802 1047 auctoritate
840 1008 912 1046 ex
957 986 1152 1046 divina
1196 988 1561 1050 institutione
1603 991 1779 1051 etiam
1816 1016 1990 1075 super
2030 998 2227 1057 Conci-

114 1079 258 1138 lium
292 1081 560 1159 generale
580 1126 598 1155 ‚
638 1092 813 1163 prout
854 1081 1173 1140 distinctim
1223 1104 1254 1140 a
1285 1104 1431 1141 rom.
1467 1085 1717 1145 Praesule
1750 1099 2061 1169 spectatur.

197 1175 336 1233 626.
384 1176 535 1235 Sane
568 1177 877 1258 Episcopus
913 1176 1174 1257 superior
1206 1187 1293 1234 est
1325 1178 1544 1257 synodo
1576 1179 1904 1240 dioecesana
1925 1229 1942 1258 .,
1967 1207 2088 1243 non
2117 1186 2226 1245 alia

116 1270 191 1329 de
221 1291 422 1341 causa,
479 1271 592 1329 nisi
616 1269 748 1350 quia
782 1269 1097 1352 Episcopus
1123 1282 1251 1344 est3
1289 1293 1422 1330 cum
1468 1274 1647 1353 igitur
1677 1297 1830 1334 rom.
1861 1280 2127 1339 Pontifex
2154 1282 2229 1340 sit

68 1410 75 1412 >
116 1365 427 1446 Episcopus
454 1364 864 1446 Episcoporum
885 1407 901 1438 s
936 1365 1245 1447 Episcopus
1269 1367 1612 1429 universalis
1631 1414 1650 1444 5
1684 1370 1797 1430 hoc
1818 1373 1945 1454 ipso
1967 1376 2228 1456 superior

115 1471 205 1518 est
235 1460 359 1541 ipso
384 1458 636 1518 Concilio
682 1459 939 1539 generali
973 1460 1088 1541 (1).

198 1555 336 1614 627.
384 1556 635 1613 Rursum
667 1577 681 1612 :
725 1553 987 1614 Christus
1007 1599 1024 1629 .,
1066 1555 1272 1615 Matth.
1301 1558 1429 1616 XVI
1450 1602 1466 1632 ,
1511 1560 1751 1618 Petrum
1771 1605 1789 1634 .,
1815 1560 2073 1643 adeoque
2104 1568 2227 1642 ejus

115 1669 464 1708 successores
486 1694 502 1724 .,
571 1648 1023 1709 fundamentum
1080 1652 1383 1725 constituit
1428 1652 1687 1713 Ecclesiae
1731 1677 1850 1715 suae
1902 1658 2222 1731 universae3

114 1764 252 1821 ergo
271 1788 288 1817 ‚
326 1744 437 1803 nisi
472 1743 698 1802 dicatur
730 1744 791 1802 in
820 1743 1072 1813 Concilio
1097 1746 1404 1828 Episcopos
1439 1746 1615 1807 simul
1638 1747 1905 1809 collectos
1933 1751 2059 1811 fieri
2086 1752 2228 1811 fun-

113 1836 459 1897 damentum
488 1838 644 1898 Petri
668 1842 906 1919 ejusque
937 1850 1147 1920 caput,
1178 1840 1486 1900 fatendum
1518 1854 1638 1919 est,
1662 1844 1840 1902 etiam
1874 1845 1936 1902 in
1965 1846 2223 1905 Concilio

113 1932 363 2010 generali
403 1936 677 2007 Petrum,
711 1955 776 1992 ac
805 1936 926 2010 ejus
960 1944 1268 2014 propterea
1304 1956 1653 1996 successores
1686 1936 2144 1999 fundamentum
2166 1951 2226 2001 et

114 2039 290 2108 caput
317 2049 442 2088 esse
470 2027 727 2106 ejusdem
758 2026 995 2086 Concilii
1013 2073 1029 2101 ‚
1053 2049 1155 2088 seu
1187 2028 1346 2110 quod
1371 2029 1531 2090 idem
1564 2042 1684 2109 est,
1706 2053 1855 2091 rom.
1885 2034 2228 2095 Pontificem

115 2120 228 2178 frui
266 2133 554 2203 potestate
594 2143 866 2203 suprema
904 2122 1083 2182 etiam
1126 2145 1302 2206 super
1346 2125 1656 2208 Episcopos
1682 2126 1856 2185 simul
1897 2128 1959 2186 in
1994 2129 2216 2209 synodo

116 2216 492 2277 coadunatos·

199 2310 339 2370 628.
389 2310 622 2371 Accedit
648 2334 848 2372 sensus
874 2314 1050 2372 totius
1067 2314 1427 2395 antiquitatis
1444 2358 1462 2390 ,
1490 2335 1563 2374 ex
1590 2336 1705 2396 quo
1728 2314 2024 2391 discimus,
2049 2317 2225 2400 plane

114 2405 375 2485 ignotam
398 2406 573 2466 fuisse
614 2406 907 2466 veteribus
935 2409 1059 2468 sive
1106 2406 1371 2467 Patribus
1406 2409 1528 2469 sive
1560 2409 1825 2468 Conciliis
1858 2410 2036 2470 etiam
2068 2433 2233 2471 oecun

115 2501 357 2560 menicis
385 2501 846 2578 distinctionem,
878 2524 1069 2584 nuper
1094 2503 1408 2577 invectam,
1435 2503 1590 2563 inter
1616 2503 1920 2587 Episcopos
1945 2507 2231 2567 distribu-

115 2599 229 2654 tive
265 2606 326 2656 et
357 2597 639 2655 collective
668 2606 931 2678 sumptos
951 2642 968 2672 ,
995 2617 1121 2678 quae
1149 2608 1350 2656 tamen
1390 2598 1627 2656 unicum
1654 2609 1739 2657 est
1763 2598 2044 2683 doctrin'ae
2066 2599 2232 2679 galli-

116 2711 271 2751 canae
299 2690 770 2751 fundamentum.
801 2692 1029 2750 Etenim
1053 2703 1267 2773 praeter
1291 2691 1817 2769 denominatione5‚
1849 2715 1989 2775 quas
2016 2694 2229 2774 passim

116 2785 361 2844 tributas
388 2808 419 2844 a
458 2796 580 2845 tota
607 2786 956 2868 antiquitate
988 2809 1137 2845 rom.
1170 2786 1429 2845 Pontifici
1456 2786 1630 2868 paulo
1663 2798 1798 2847 ante
1836 2788 2195 2847 ostendimus
2214 2832 2233 2864 ,

115 2903 208 2941 ex.
247 2903 335 2961 gr.
369 2882 599 2961 Capitis
624 2885 928 2959 capitu-m,
968 2883 1262 2961 Episcopi
1297 2884 1650 2940 oeoumeniei
1670 2924 1689 2956 ,
1735 2883 2007 2941 Pastoris
2028 2896 2236 2962 pasto-

116 2997 291 3050 rum,
324 2987 435 3036 etc.
478 2998 607 3058 quae
641 2975 1041 3036 collectionem
1084 2977 1368 3036 denotant
1398 3022 1414 3048 .,
1455 2976 1518 3034 id
1555 2987 1753 3058 aperte
1800 2977 2128 3038 vindicatur
2161 3001 2233 3038 ex

118 3070 358 3130 Patrum
390 3073 740 3131 testimoniis
758 3115 780 3143 ,
815 3094 958 3152 quos
990 3072 1146 3130 inter
1185 3073 1321 3130 satis
1353 3071 1448 3130 hic
1478 3072 1551 3130 sit
1581 3093 1654 3130 ex
1684 3070 1929 3131 Ecclesia
1951 3071 2235 3153 gallicana

121 3184 415 3225 recensere
453 3168 753 3250 Episcopos
787 3167 1097 3250 provinciae
1138 3166 1486 3226 Arelatensis
1514 3211 1530 3241 ,
1557 3167 1657 3247 qui
1684 3167 1744 3225 in
1775 3168 1942 3249 epist.
1976 3168 2052 3227 ad
2087 3171 2235 3228 Leo-

80 3300 84 3304 -
122 3279 258 3317 nem
299 3261 371 3318 M.
415 3262 667 3322 scribere
689 3285 809 3335 non
850 3261 1239 3320 dubitarunt:
1269 3263 1392 3320 Per
1425 3263 1500 3321 B.
1538 3262 1790 3320 Petrum
1818 3263 2237 3341 Apostolorum

122 3493 203 3524 seu
226 3474 394 3523 Critic.
412 3475 726 3526 Commentar.
743 3478 796 3525 F
792 3479 919 3543 reyi‚
938 3490 1055 3543 part.
1076 3495 1142 3537 iv,
1296 3477 1360 3539 (1)
1397 3474 1500 3527 Cfr.
1528 3476 1716 3542 Bolgeni
1732 3516 1746 3539 ,
1778 3479 1869 3527 loe.
1889 3478 1975 3527 cit.
2004 3487 2049 3525 et
2072 3477 2239 3525 Zacca-

121 3574 224 3622 pag.
250 3573 366 3624 717,
384 3559 465 3622 qui
482 3558 667 3606 scribit:
691 3559 815 3608 Tota
830 3561 1027 3624 quoestio
1043 3575 1145 3606 ver·
1227 3561 1294 3608 ria
1311 3596 1326 3618 ,
1362 3562 1413 3607 in
1452 3559 1791 3626 Amifehronio
1828 3560 2111 3622 vindicato,
2137 3561 2238 3610 loco

120 3646 257 3685 satur
287 3637 432 3685 veluti
458 3637 671 3686 chimera
696 3641 752 3686 in
780 3639 893 3688 lana
925 3643 1147 3706 caprina.
1229 3642 1398 3702 pariter
1421 3643 1502 3690 cit.

1824 3718 1925 3778 28.
