2514 4218
209 171 327 230 538

208 335 512 379 succurrant...
541 334 685 385 Quum
711 331 900 376 ecclesiae
928 334 974 375 et
986 333 1183 388 pastores
1211 333 1257 375 in
1286 332 1472 376 solidum
1492 337 1751 378 concurrant
1779 335 1836 379 ad
1863 338 2126 382 sententiam
2153 338 2335 394 dogma-

207 406 343 448 ticam
356 401 603 453 ferendam,
632 404 677 445 et
702 414 850 444 omnes
874 400 1023 444 fideles
1052 401 1098 443 in
1125 413 1177 445 ea
1191 413 1316 445 suam
1345 401 1565 458 propriam
1583 402 1712 446 fidem
1733 409 1995 459 agnoscant,
2027 406 2218 462 porfecto
2237 420 2336 451 cum

208 473 365 515 intima
395 471 675 527 persuasione
703 471 787 526 ipsi
818 470 1065 524 adhaerent,
1107 483 1158 514 ac
1184 483 1283 515 cum
1311 471 1465 526 majori
1494 471 1709 516 desiderio
1737 472 1995 518 defendendi
2024 479 2194 531 partem
2222 476 2335 520 banc

209 542 449 586 communis
483 540 768 595 patrimonii,
804 539 922 595 quod
942 540 1139 584 Ecclesiae
1161 543 1264 583 Jesu
1293 541 1456 583 Christi
1471 541 1748 584 commissum
1778 545 1861 586 est.
1892 545 1947 586 Et
1975 545 2080 600 quia
2109 557 2335 597 assensus,

210 623 340 667 quem
370 609 613 652 definitioni
629 612 861 664 praestant,
892 609 1271 665 disquisitionem,
1300 611 1587 665 cognitionem
1620 624 1758 655 causae
1787 616 1832 656 et
1846 612 2048 657 doctrinae
2062 613 2341 671 dijudicatio-

209 691 310 722 nem
344 678 550 734 supponit
575 712 587 730 ,
629 677 725 728 ideo
749 678 795 719 in
826 679 932 734 ipsis
965 678 1165 733 producit
1192 690 1278 722 non
1307 691 1465 722 coecam
1495 679 1731 735 quamdam
1776 680 2098 736 obedientiam,
2130 683 2208 726 sed
2235 684 2343 726 illu-

212 748 423 790 minatam
466 748 790 802 persuasionem
810 777 822 799 ,
865 750 910 790 et
939 747 1245 791 rationabilem
1275 760 1501 791 assensum
1530 749 1662 807 verbo
1691 749 1836 792 Dei....
1866 752 1922 792 Et
1951 750 1991 805 §-
2020 753 2054 793 L
2084 764 2095 793 ε
2125 751 2339 802 Quoniam

207 820 338 861 Jesus
374 817 574 860 Christus
601 814 879 871 privilegium
907 816 1153 860 inerrantiae
1181 848 1194 870 ,
1234 830 1319 860 non
1349 817 1526 861 definito
1560 817 1731 861 cuidam
1759 830 1942 862 numero
1974 831 2154 873 eorum,
2194 821 2272 876 qui
2300 821 2347 863 in

209 887 405 931 Ecclesia
446 889 550 929 sunt
568 918 582 938 ,
619 886 810 942 legavit,
837 887 914 931 sed
947 887 1028 931 toti
1071 887 1240 945 corpori
1271 889 1495 941 Ecclesiae,
1525 888 1623 932 ideo
1655 901 1743 932 non
1770 890 1973 945 promisit
1998 890 2091 934 fore
2118 893 2171 934 ut
2196 890 2243 933 in
2269 890 2352 934 do-

210 957 365 1000 ctrinis
380 988 393 1009 ,
423 955 477 1000 de
504 956 667 1013 quibus
692 951 870 1013 litigant
887 957 1155 1012 Christiani,
1191 957 1354 1005 veritas
1372 971 1505 1015 penes
1520 958 1730 1017 majorem
1751 959 1823 1005 vel
1836 959 2049 1015 minorem
2077 959 2347 1017 litigantium

212 1037 446 1070 numerum
475 1030 606 1071 esset.
858 1035 864 1038 ’

912 1538 1272 1597 EDlTORES
1315 1537 1658 1599 LECTORI.

298 1874 496 1953 Quum
551 1871 749 1944 doctos
791 1870 1009 1930 harum
1044 1869 1354 1950 regionum
1405 1868 1563 1931 viros
1611 1891 1851 1952 prorsus
1895 1869 2151 1931 laterent
2183 1872 2357 1933 Notoe

218 1975 289 2030 in
309 1971 798 2031 Constz‘tutionem
824 1967 1136 2027 Aneronnu
1154 1966 1333 2038 me,
1348 1986 1490 2047 quas
1506 1964 1578 2024 cl.
1594 1966 1744 2029 Xav.
1766 1968 1851 2026 De
1870 1964 2057 2026 Feller
2066 1967 2363 2048 scripsisse

217 2068 405 2126 fertur
438 2087 471 2125 a
507 2063 665 2124 doct.
699 2061 1008 2123 Cardinale
1043 2059 1302 2122 Gerdilio
1328 2107 1346 2132 ,
1379 2082 1485 2120 nec
1516 2060 1639 2120 ullo
1665 2073 2056 2121 monumento
2089 2060 2359 2144 publico,

218 2160 337 2222 imo
366 2183 473 2222 nec
500 2171 737 2243 patrum
767 2158 1049 2220 memoria
1072 2167 1366 2219 constaret
1385 2155 1790 2218 doctissimum
1814 2158 2010 2220 virum
2037 2157 2362 2242 quidquam

216 2257 560 2338 hujusmodi
610 2255 865 2318 edidisse
907 2301 925 2331 ,
993 2255 1072 2315 ad
1118 2253 1338 2315 calcem
1386 2252 1704 2315 voluminis
1756 2255 1830 2314 IV
1885 2253 2062 2333 hujus
2110 2255 2302 2337 operis
2343 2300 2363 2330 .,

218 2355 432 2415 harum
471 2365 749 2414 notarum
789 2351 1160 2412 authentiam
1195 2351 1259 2411 in
1286 2349 1541 2411 dubium
1577 2352 2018 2430 revocavimus3
2056 2362 2147 2429 et,
2176 2349 2365 2410 allatis

219 2450 513 2534 opinionis
568 2460 786 2510 nostrae
841 2449 1158 2509 momentis
1192 2494 1209 2523 ,
1275 2447 1563 2529 negativis
1608 2447 1853 2531 quidem
1889 2491 1909 2522 ‚
1964 2446 2068 2508 sed
2121 2447 2366 2508 minime

219 2546 568 2629 spernendis
587 2594 601 2618 ‚
636 2545 1043 2607 demonstrare
1074 2538 1270 2605 conati
1302 2566 1506 2604 sumus
1526 2590 1543 2621 ,
1583 2544 1780 2606 Notas
1810 2566 1975 2627 quas.
2003 2542 2178 2605 Card.
2220 2546 2369 2604 Ger-

221 2643 392 2702 dilius
438 2642 679 2719 refellit,
709 2643 957 2707 Xaverio
991 2645 1076 2703 De
1121 2641 1311 2703 Feller
1334 2664 1456 2702 non
1481 2664 1605 2703 esse
1641 2641 2008 2702 tribuendas.

302 2741 378 2802 At
399 2743 467 2800 R.
487 2744 549 2801 P.
568 2742 825 2801 Perrone
848 2786 864 2817 ,
899 2741 989 2800 cui
1012 2762 1104 2800 res
1125 2740 1348 2823 optime
1370 2749 1495 2801 erat
1526 2749 1853 2822 perspecta,
1872 2748 2119 2798 testatus
2141 2747 2229 2798 est
2251 2781 2268 2812 ‚
2308 2757 2369 2796 se

223 2859 344 2920 prae
373 2837 651 2898 manibus
678 2836 896 2898 habere
922 2836 1195 2920 epistolas
1212 2835 1599 2918 autographas
1619 2879 1637 2912 ,
1671 2834 1881 2918 quibus
1898 2836 2044 2896 Xav.
2073 2836 2166 2894 De.
2184 2831 2372 2894 Feller

224 2952 285 2991 se
308 2933 618 2995 Notarum
647 2945 946 2994 auctorem
971 2954 1123 3011 esse,
1163 2933 1307 3015 quin
1336 2933 1456 2992 imo
1479 2943 1539 2992 et
1559 2930 1730 2992 Card.
1762 2929 2017 2992 Gerdilio
2039 2951 2100 2990 se
2134 2950 2373 3010 respon-

225 3049 428 3088 surum
464 3031 667 3090 asserit
696 3056 712 3105 ς
758 3029 976 3090 harum
1002 3028 1383 3112 epistolarum
1411 3027 1712 3110 exemplar
1746 3027 1821 3086 ad
1848 3049 1954 3087 nos
1976 3027 2210 3086 mittere
2242 3023 2372 3103 dig-

226 3135 398 3184 natus
429 3138 515 3187 est
541 3126 614 3186 cl.
643 3138 872 3202 auctor3
900 3138 1261 3210 quapropter
1288 3126 1568 3186 lectorem
1599 3124 1964 3185 monendum
1997 3121 2328 3184 censuimus
2356 3166 2373 3197 ,

229 3219 437 3300 dubia,
472 3223 681 3305 quaein
703 3223 1003 3286 volumine
1031 3224 1104 3284 IV
1124 3222 1509 3288 movebamus
1530 3268 1546 3299 .,
1578 3243 1818 3306 prorsus
1845 3220 2174 3284 evanuisse.
