2514 4218
305 142 423 201 346

892 160 1087 202 TRAGT.
1138 164 1207 200 DE
1250 165 1407 203 mols
1451 167 1830 209 THEOLOGICIS.

305 326 421 386 qua
454 304 546 364 vel
583 304 891 383 significari
912 315 1139 386 queunt
1163 305 1405 388 privatae
1438 327 1505 365 ac
1531 310 1780 390 propriae
1803 311 1984 370 animi
2018 312 2185 373 dotes
2211 325 2271 373 et
2294 337 2443 398 qua»-

301 401 498 459 litates
536 399 705 479 alicuj
717 423 816 468 uS,
870 400 968 461 vel
1015 401 1323 481 significari
1359 413 1556 483 potest
1598 425 1812 464 munus
1833 451 1849 481 ,
1877 407 2279 489 privilegium,
2302 432 2444 471 auc-

301 497 508 555 toritas
537 541 553 570 ,
599 517 726 578 quae
758 497 839 554 ita
883 495 1052 555 alicui
1095 496 1314 555 tributa
1353 498 1464 572 sit,
1492 510 1560 557 ut
1587 499 1663 558 sit
1693 498 1817 559 aliis
1841 501 2402 566 incommunicabilis
2422 553 2438 575 ,

298 604 481 675 atque
516 592 673 650 illius
713 593 957 651 omnino
994 594 1258 675 propria.
1307 595 1364 652 Si
1399 594 1510 653 hoc
1558 596 1866 676 posteriori
1910 600 2224 681 accipiatur
2266 624 2441 661 sensu

288 691 626 770 personalis
649 689 828 747 Petri
846 692 1342 767 praeeminentia,
1387 690 1759 763 verissimum
1791 703 1911 769 est,
1940 715 2163 776 nosque
2195 697 2311 779 ipsi
2332 697 2441 756 hac

296 785 394 844 usi
420 806 561 845 voce
599 806 799 843 sumus
832 784 908 843 ad
948 785 1375 846 secernendam
1403 785 1754 865 dignitatem
1783 799 1844 848 et
1878 791 2285 852 auctoritatem
2316 795 2442 875 pri-

297 891 495 940 matus
535 901 567 939 a
605 879 837 940 Christo
874 881 979 939 uni
1011 883 1184 941 Petro
1216 881 1489 942 collatam
1529 882 1602 941 ab
1644 883 1741 943 illa
1773 895 2102 945 ceterorum
2134 888 2445 970 Apostolo-

302 1001 457 1038 rum.
481 977 652 1052 Quod
667 978 716 1036 si
730 977 936 1038 eadem
957 1000 1070 1040 vox
1090 979 1152 1037 in
1179 979 1359 1061 priori
1386 980 1806 1060 significatione
1828 994 2145 1061 usurpetur
2161 1029 2177 1057 .,
2204 984 2446 1044 assertio

295 1087 391 1135 est
406 1074 588 1150 falsa3
614 1075 771 1157 quia,
800 1096 937 1134 cum
954 1074 1222 1134 Christus
1239 1120 1255 1149 ,
1275 1082 1444 1154 juxta
1461 1074 1791 1136 doctrinam
1815 1079 2054 1137 Patrum
2075 1124 2091 1152 ,
2124 1079 2444 1146 instituerit

298 1172 625 1254 primatum
656 1174 720 1230 in
760 1170 987 1231 bonum
1026 1170 1289 1231 Ecclesiae
1316 1217 1332 1245 ,
1372 1193 1588 1254 nempe
1625 1171 1701 1231 ad
1730 1177 1853 1251 ejus
1889 1174 2181 1234 unitatem
2221 1176 2443 1235 consti-

299 1267 586 1328 tuendam
619 1278 680 1328 et
698 1267 1169 1328 conservandam
1188 1313 1203 1339 ,
1232 1266 1474 1327 evidens
1499 1279 1587 1327 est
1605 1271 1802 1328 Patres
1820 1268 1933 1327 illis
1951 1268 2161 1343 titulis,
2187 1270 2443 1332 noluisse

291 1364 910 1447 significare'proprias
939 1386 1004 1424 ac
1027 1363 1415 1424 individuales
1443 1365 1593 1423 Petri
1625 1386 1891 1446 personae
1926 1364 2122 1442 doteS,
2154 1388 2283 1449 quae
2304 1388 2441 1426 cum

294 1461 427 1543 ipso
463 1461 654 1544 perire
699 1459 997 1520 debebant
1042 1460 1155 1541 (1).
1196 1462 1572 1542 Quapropter
1610 1482 1920 1543 nunquam
1973 1461 2082 1521 hoc
2116 1484 2291 1522 sensu
2330 1463 2440 1546 ipsi

369 1708 434 1773 (l)
474 1708 586 1757 Haec
632 1719 699 1758 est
727 1711 964 1775 potissima
999 1711 1118 1757 ratio
1138 1747 1152 1769 ,
1185 1725 1328 1775 quare

297 1790 565 1856 Dupinius,
600 1793 683 1857 qui
710 1826 727 1852 ,
761 1801 812 1839 ut
846 1791 1081 1852 vidimus,
1115 1793 1328 1858 quamvis

294 1873 509 1921 videatur
539 1889 783 1938 agnoscere
816 1872 869 1921 in
896 1874 1029 1922 Petro
1072 1873 1326 1940 primatum

294 1956 634 2022 jurisdictionis
656 1991 671 2016 ,
703 1959 851 2021 reipsa
880 1967 1034 2005 tamen
1065 1975 1173 2005 eum
1201 1958 1325 2006 redi-

296 2042 361 2105 git
381 2040 442 2088 ad
481 2042 734 2105 primatum
766 2042 884 2087 meri
916 2041 1089 2089 ordinis
1121 2058 1199 2088 seu
1239 2041 1326 2088 ho-

295 2124 454 2183 noris3
487 2123 596 2170 hinc
629 2124 729 2187 ipse
775 2121 969 2170 subdole
1011 2123 1068 2170 ad
1107 2125 1325 2171 evincen-

295 2203 411 2251 dum
427 2204 802 2269 primatumPetri
817 2206 993 2267 respuit
1012 2205 1322 2268 probationes,

301 2302 406 2352 quae
434 2305 488 2335 ex
510 2286 683 2335 Matth.
718 2301 802 2335 xvt
825 2297 869 2335 et
889 2287 1022 2335 Joan.
1049 2305 1128 2334 xxi
1154 2305 1326 2336 eruun-

302 2378 380 2416 tur
399 2407 412 2428 ,
435 2379 480 2418 et
495 2368 647 2417 solum
673 2368 806 2417 illum
836 2369 1008 2434 colligit
1029 2388 1080 2417 ex
1097 2387 1170 2429 eo,
1196 2370 1323 2436 quod

292 2452 454 2500 Petrus
477 2452 674 2517 primus
704 2470 882 2517 semper
913 2455 969 2500 sit
1002 2452 1187 2501 habitus
1206 2488 1221 2514 ,
1257 2464 1325 2501 at-

294 2552 388 2600 que
420 2552 445 2582 a
479 2534 667 2582 Christo
714 2534 957 2598 decretus,
999 2546 1043 2582 et
1084 2535 1215 2600 quod
1243 2553 1325 2583 ne-

293 2634 418 2666 cesse
449 2619 507 2665 sit
532 2655 546 2677 ‚
569 2627 622 2664 ut
641 2619 731 2676 ait,
764 2618 878 2665 diss.
900 2635 948 2665 1v
967 2653 981 2677 ,
1009 2635 1111 2682 cap.
1138 2634 1154 2665 1
1177 2656 1189 2678 ‚
1219 2616 1244 2683 S
1275 2635 1319 2678 1,

291 2700 502 2766 aliquem
535 2702 759 2767 primum
802 2703 934 2748 inter
976 2701 1144 2766 plures
1191 2718 1323 2763 esse,-

291 2787 469 2849 primus
501 2801 577 2832 res
608 2792 707 2844 est,
740 2800 847 2848 quoe
878 2785 967 2830 nni
997 2792 1187 2831 tantum
1210 2800 1322 2831 con-

291 2870 456 2928 venit,
493 2885 579 2916 neo
604 2867 748 2915 alteri
774 2874 928 2932 potest
951 2868 1321 2916 communicari.

292 2948 468 2999 Eadem
498 2953 679 2999 ratione
698 2968 746 2999 se
775 2953 911 3016 gessit
935 2949 1193 3014 LaunojuS.
1219 2949 1318 2998 Cfr.

295 3029 563 3096 Gerdssius,
607 3036 658 3081 in
699 3050 863 3098 opusc.
908 3030 1112 3079 Analisi
1154 3040 1321 3079 contra

292 3113 549 3181 Launqjo,
581 3133 692 3181 opp.
737 3116 851 3164 edit.
889 3114 1030 3163 Rom.
1073 3125 1190 3163 tom.
1220 3132 1321 3163 xm.

291 3195 422 3245 Idem
470 3210 670 3247 senserat
715 3198 784 3248 Μ.
826 3197 936 3247 Ant.
985 3198 1043 3246 de
1070 3197 1317 3259 Dominis,

291 3278 376 3328 De
422 3281 589 3345 repub.
642 3281 727 3331 lib.
763 3284 813 3342 i,
862 3299 968 3347 cap.
1004 3277 1056 3343 4.
1104 3279 1321 3329 Ceterum

292 3364 615 3412 auctoritatem
659 3367 755 3412 veri
803 3366 1008 3414 nominis
1051 3381 1130 3412 seu
1178 3362 1320 3427 juris-

294 3444 511 3494 dictionis
539 3450 840 3495 neeessariam
870 3466 967 3497 esse
1001 3448 1061 3496 ad
1092 3448 1318 3496 unitatem

1420 1707 1499 1755 De
1528 1707 1910 1757 l’etablissement
1927 1718 1972 1757 et
1998 1709 2080 1757 des
2109 1712 2439 1776 preroqatives

1415 1791 1473 1840 de
1499 1790 1703 1857 I'Eylise
1742 1793 1800 1840 de
1834 1793 1980 1842 Rome
2009 1803 2052 1842 et
2092 1793 2173 1841 des
2203 1797 2397 1859 &nequeo
2417 1832 2432 1855 ,

1414 1873 1538 1922 Paris
1575 1872 1700 1924 1685
1721 1911 1734 1934 ‚
1754 1874 1894 1940 chap.
1922 1873 1955 1938 4
1975 1913 1989 1935 ,
2017 1894 2123 1940 pag.
2149 1874 2210 1940 57
2239 1887 2284 1924 et
2306 1894 2439 1943 seqq.

1412 1954 1474 2004 Je
1503 1956 1636 2003 dirui
1685 1955 1971 2018 seulement,
2005 1959 2167 2007 scribit
2188 1972 2218 2019 ,'
2246 1976 2297 2006 ce
2325 1958 2445 2006 dont

1412 2046 1515 2087 tous
1546 2037 1611 2085 les
1653 2037 1944 2104 catholiques
1975 2041 2328 2098 conviennent‚
2351 2057 2442 2105 qne

1411 2118 1751 2169 Jews-Christ
1785 2122 1959 2169 choi-sit
1979 2125 2112 2169 saint
2128 2117 2297 2169 Pierre
2311 2131 2443 2170 entre

1411 2212 1516 2251 tons
1548 2220 1619 2250 ses
1638 2201 1832 2268 apdtres
1853 2221 1985 2270 pour
2002 2203 2075 2251 lm·
2108 2204 2292 2252 donner
2318 2221 2432 2252 non·

1410 2284 1668 2333 seulement
1687 2286 1734 2333 la
1752 2288 2002 2352 primaute
2018 2287 2204 2334 d'ordre
2227 2324 2239 2347 ,
2267 2286 2436 2334 d’hon-

1410 2384 1535 2416 near
1561 2377 1605 2415 et
1645 2367 1701 2415 de
1737 2384 1891 2432 ranq,
1937 2386 1999 2416 en
2030 2368 2104 2416 lui
2143 2368 2361 2417 donnant
2398 2368 2440 2416 Ie

1401 2453 1617 2517 premier
1642 2448 1740 2498 lieu
1760 2488 1771 2510 ,
1794 2468 1974 2499 comme
2004 2452 2035 2499 ὰ
2060 2450 2184 2499 celui
2208 2453 2297 2516 qui
2313 2459 2380 2499 est
2397 2450 2439 2500 le

1399 2535 1619 2599 premier
1629 2543 1759 2581 entre
1772 2550 1844 2581 ses
1856 2538 2013 2598 equum
2032 2571 2046 2593 ,
2062 2543 2107 2581 et
2127 2550 2187 2580 en
2208 2549 2284 2580 ces
2294 2533 2433 2595 done,

1406 2633 1482 2664 ces
1508 2618 1741 2682 pouvoirs
1784 2625 1827 2663 et
1867 2632 1941 2664 ces
1985 2617 2183 2680 φάσθε,
2217 2617 2305 2680 qni
2331 2624 2441 2664 sont

1408 2697 1735 2764 inseparables
1757 2706 1801 2745 et
1820 2697 1875 2745 de
1905 2697 2172 2764 l'apostolat
2198 2707 2242 2745 et
2267 2697 2325 2746 do
2351 2697 2435 2746 Γέ-

1398 2782 1652 2846 piscopat,
1690 2782 1816 2828 mais
1849 2783 1986 2829 aussi
2018 2780 2065 2828 la
2096 2782 2346 2848 primani&
2381 2781 2438 2829 cle

1395 2863 1729 2930 jurisdiction
1750 2899 1766 2927 ,
1801 2856 1858 2911 de
1879 2866 2145 2929 puio-sance
2173 2873 2219 2911 et
2248 2863 2436 2911 d'auto-

1406 2947 1498 2994 rite
1515 2963 1602 2993 sur
1629 2955 1735 2994 tons
1753 2945 1818 2994 les
1845 2946 2009 3011 fideles
2026 2946 2151 2995 dans
2180 2954 2305 2994 toute
2328 2944 2437 2992 l'E'-

1410 3027 1530 3094 qliae
1543 3065 1561 3091 ,
1591 3028 1705 3078 dont
1727 3028 1765 3076 il
1791 3014 2099 3077 leconstitua
2126 3027 2167 3075 le
2204 3027 2326 3092 chef.
2356 3026 2434 3075 Sic

1406 3111 1568 3160 Nicole
1587 3150 1601 3171 ,
1639 3111 1879 3160 Instruct.
1917 3131 1945 3159 x
1974 3149 1986 3171 ,
2019 3128 2105 3158 sar
2133 3109 2175 3157 le
2202 3109 2426 3176 symbolos,

1405 3192 1434 3260 §
1472 3210 1530 3242 10
1569 3211 1583 3242 ε
1618 3193 1694 3242 La
1732 3193 1964 3241 tradition
1992 3231 2005 3254 ,
2070 3196 2263 3258 inquit,
2310 3209 2433 3240 nous

1405 3277 1634 3345 apprend
1672 3295 1762 3344 que
1806 3276 1945 3325 Dieu
1968 3315 1980 3337 ,
2016 3294 2146 3343 pour
2186 3293 2436 3325 conserver

1405 3378 1493 3410 son
1508 3358 1674 3426 quise
1690 3378 1750 3408 en
1763 3364 1923 3424 unite',
1939 3378 1968 3407 a
1983 3360 2129 3408 etabli
2143 3377 2239 3407 une
2268 3359 2432 3408 chaire

1407 3453 1452 3494 et
1479 3447 1688 3494 antorite
1710 3446 1989 3510 superienre
2002 3461 2134 3510 pon-r
2157 3442 2321 3492 veiller
2335 3444 2365 3490 ὰ
2383 3441 2431 3490 Ia

293 3528 667 3577 constituendam
685 3540 730 3577 et
746 3530 1130 3590 conservandam,
1147 3530 1222 3578 vel
1239 3529 1329 3595 ipsi
1411 3528 1681 3575 maintem‘r
1696 3564 1710 3587 ,
1742 3529 1829 3592 qui
1861 3536 1927 3574 est
1944 3526 2056 3576 celle
2082 3526 2138 3575 de
2161 3525 2355 3591 l'quise
2377 3524 2434 3572 de

300 3609 421 3659 Petri
472 3614 697 3676 primatus
743 3614 988 3661 adversarii
1042 3611 1151 3661 fassi
1199 3624 1323 3661 sunt.

294 3693 416 3744 Sane
433 3694 727 3759 Maimbourg
746 3697 795 3743 in
813 3696 1061 3760 op.gallice
1079 3698 1323 3761 inscripto:

1415 3610 1591 3670 Rome,
1623 3620 1715 3659 etc.
1751 3610 1849 3658 Alia
1887 3610 2085 3659 iuferius
2128 3609 2432 3677 subjiciemus

1417 3695 1697 3743 testimonia.
