2514 4218
450 238 610 276 PART.
661 238 699 271 1.
745 232 868 270 CAP.
918 234 978 269 11.
1025 234 1092 268 DE
1136 230 1354 270 CHRISTI
1399 229 1549 266 Eccl..
1599 228 1846 266 CONSTIT.
2126 205 2201 264 33

104 390 304 447 etitate
326 380 556 464 praediti
576 388 713 436 sunt
735 421 751 450 ,
775 396 838 433 ac
869 387 1178 456 propterea
1208 394 1304 433 eos
1322 391 1525 430 omnes
1550 369 1623 427 ab
1649 368 1746 427 illa
1770 370 2081 454 removeri,
2105 369 2205 449 qui

107 478 367 563 quamvis
392 474 467 533 ad
487 473 666 535 vitam
695 482 974 528 aeternam
1004 464 1434 549 praedestinati,
1472 464 1736 523 nondum
1769 465 2205 541 suntjustitiam

105 574 332 654 adepti,
358 570 706 650 quicumque
732 564 969 623 demum
990 562 1032 619 ii
1061 563 1212 635 sint„
1238 561 1299 619 id
1323 571 1411 621 est
1428 605 1444 633 ,
1471 560 1593 620 sive
1618 559 1678 617 in
1716 557 1975 617 Ecclesiae
1999 580 2206 639 corpus

95 676 219 747 jam
251 666 466 724 fuerint
504 661 757 742 cooptati
784 660 903 719 sive
923 658 1081 727 'non-3
1109 677 1374 728 rursum,
1413 655 1462 713 si
1483 675 1685 713 omnes
1723 653 2110 734 includuntur
2143 654 2208 711 in

103 764 213 822 hoc
248 782 445 831 cenSU.
474 760 575 838 qui
606 754 813 814 actuali
843 761 981 810 sunt
1007 749 1231 827 justitia
1256 751 1477 821 ornati,
1517 758 1701 830 patet,
1744 747 1818 807 ad
1860 747 2209 807 nobiliorem

105 858 255 917 hanc
285 854 543 915 Ecclesiae
578 862 808 932 partem
840 844 1133 927 pertinere
1166 853 1453 923 quotquot
1482 864 1611 900 eam
1655 843 2026 911 sanctitatem
2061 864 2205 923 pos·

106 953 298 1011 sident
330 995 345 1016 ,
381 950 500 1008 sive
538 947 691 1004 intra
727 943 849 1002 sive
886 950 1051 998 extra
1085 937 1347 996 Ecclesiae
1388 958 1598 1017 corpus
1637 949 1769 996 actu
1809 938 2204 1000 inveniantur.

107 1045 328 1119 Quibus
349 1045 428 1101 ita
451 1036 776 1121 compositis
796 1076 819 1108 ,ν
841 1034 922 1093 sic
949 1032 1276 1092 accedimus
1298 1030 1372 1090 ad
1395 1031 1704 1091 veritatem
1731 1033 2055 1092 enunciatae
2082 1055 2212 1114 pro-

108 1139 402 1222 positionis
434 1130 833 1196 evincendam.
1509 1192 1512 1195 ,

189 1235 288 1293 49.
337 1232 426 1290 11Ιί
464 1246 662 1287 omnes
699 1236 758 1283 et
792 1223 897 1282 soli
933 1222 1008 1281 ad
1053 1221 1310 1280 Ecclesiae
1359 1222 1615 1280 animam
1654 1221 1949 1302 pertinere
1986 1222 2215 1285 dicendi

107 1340 279 1403 sunt,
322 1325 420 1408 qui
446 1333 577 1382 actu
615 1321 826 1382 vivunt
862 1318 982 1379 vita
1010 1317 1108 1376 illa
1144 1316 1575 1398 supernaturali
1604 1328 1778 1398 atque
1812 1317 2048 1393 divina,
2084 1341 2210 1400 quae

109 1426 296 1506 ipsam
321 1417 575 1479 Ecclesiae
597 1416 854 1474 animam
878 1413 1210 1485 constituit3
1247 1434 1351 1492 per
1373 1434 1550 1494 quam
1573 1414 1677 1472 Dei
1702 1414 1907 1493 spiritu
1938 1424 2214 1495 aguntur,

112 1519 211 1601 qui
256 1517 408 1597 ipsos
457 1510 685 1572 invadit
727 1530 793 1568 ac
841 1518 1155 1590 penetrat,
1191 1508 1405 1588 “eisque
1442 1507 1649 1567 intime
1695 1507 1978 1583 inhaeret‚
2030 1509 2108 1568 ita
2150 1521 2218 1569 ut

110 1611 304 1671 idonei
338 1611 482 1666 fiant
512 1605 587 1665 ad
624 1603 933 1665 eliciendos
972 1613 1133 1661 actus
1169 1601 1303 1660 huic
1341 1603 1474 1665 vitae
1505 1614 1924 1662 consentaneos
1945 1648 1961 1678 ,
1998 1625 2100 1663 seu
2141 1604 2218 1663 ad

111 1703 456 1767 emittendos
503 1702 720 1760 fructus
762 1699 892 1761 vitae
922 1709 1178 1757 aeternae.
1219 1698 1390 1778 Atqui
1427 1696 1571 1757 tales
1612 1709 1750 1757 sunt
1782 1720 1984 1759 omnes
2019 1710 2080 1759 et
2111 1699 2216 1759 soli

101 1802 262 1880 justi.
299 1802 466 1881 Erg0.

193 1897 288 1956 50.
334 1895 563 1955 Etenim
584 1940 600 1969 ,
631 1893 705 1953 ad
729 1897 1008 1971 majorem
1037 1891 1194 1973 quod
1216 1902 1471 1973 spectat,
1489 1912 1664 1951 nemo
1686 1904 1774 1952 est
1798 1893 1897 1974 qui
1923 1892 2181 1976 ambigat
2198 1939 2214 1967 ,

109 1993 170 2051 in
195 1994 262 2051 iis
283 2037 299 2067 ,
326 2011 453 2073 quae
474 1989 867 2050 recensuimus
885 2033 902 2062 ,
936 1988 1118 2047 vitam
1145 1985 1218 2046 de
1243 2008 1357 2067 qua
1388 1986 1683 2068 loquimur
1710 1989 2063 2063 consistere3
2092 2009 2220 2070 quae

109 2089 254 2147 ratio
285 2098 373 2147 est
407 2108 508 2150 cur
532 2131 548 2160 ,
586 2096 652 2144 ut
685 2084 937 2144 vidimus
960 2128 975 2157 ,
1020 2105 1054 2141 a
1082 2081 1386 2140 nonnullis
1423 2093 1622 2140 vocata
1653 2082 1828 2142 fuerit
1859 2083 2220 2143 elementum

111 2183 377 2242 divinum
419 2192 735 2263 penetrans
759 2179 1088 2237 humanum
1113 2224 1130 2251 ,
1181 2188 1240 2236 et
1266 2177 1433 2236 exiis
1470 2187 1730 2250 constat,
1779 2200 1908 2260 quae
1947 2163 2051 2238 suo
2093 2179 2222 2241 loco
2291 2208 2302 2259 j

113 2276 471 2335 ostendimus
509 2274 619 2353 (l).
663 2275 859 2332 Gratia
899 2272 1188 2354 siquidem
1226 2272 1618 2331 sanctificante
1663 2285 1764 2331 aut
1810 2274 2101 2333 nascimur
2149 2274 2223 2334 ad

110 2371 260 2428 hanc
282 2371 462 2429 vitam
488 2379 589 2426 aut
619 2369 1017 2427 reviviscimus
1036 2411 1053 2440 ,
1088 2367 1170 2441 si,
1194 2377 1504 2446 postquam
1527 2366 1692 2426 illam
1713 2369 2014 2428 amisimus
2034 2404 2056 2443 ‚1
2089 2392 2220 2429 eam

107 2484 549 2544 recuperamuS‚
591 2473 653 2522 et
692 2462 756 2520 in
802 2482 869 2520 ea
914 2460 1211 2518 nutrimur
1243 2471 1302 2518 et
1343 2456 1671 2518 crescimus,
1710 2463 1793 2520 Ex
1835 2483 1901 2520 ea
1932 2462 2075 2522 fides
2120 2464 2221 2523 illa

108 2557 369 2641 profluit,
398 2578 528 2639 quae
565 2577 672 2638 per
699 2555 1049 2614 charitatem
1069 2564 1344 2634 operatur
1365 2599 1381 2627 a
1414 2575 1548 2612 cum
1573 2555 1776 2615 ceteris
1802 2556 2122 2616 virtutibus
2148 2580 2214 2618 ac

107 2653 275 2713 donis
307 2651 566 2711 adnexis,

192 2748 287 2806 51.
334 2750 511 2806 Porro
540 2767 744 2805 omnes
777 2765 843 2803 ac
871 2743 1021 2803 solos
1045 2748 1232 2821 justos
1267 2742 1368 2801 tali
1396 2743 1644 2821 gaudere
1683 2746 1801 2806 vita
1837 2746 2075 2809 evidens
2098 2761 2218 2824 est,

110 2844 243 2924 quia
270 2843 380 2925 ipsi
412 2841 519 2902 soli
546 2843 724 2921 gratia
758 2839 1155 2898 sanctificante
1178 2834 1449 2896 instructi
1477 2850 1615 2898 sunt
1633 2885 1648 2913 ,
1682 2842 2095 2925 εειιῚΡΓὶηοίΡίο
2117 2844 2220 2904 illo

110 2937 271 2999 vitali
292 2983 309 3013 7
346 2959 462 3019 quo
497 2938 563 2995 fit
599 2947 666 2994 ut
700 2937 820 2993 Deo
859 2933 1231 3008 adhaereant,
1277 2937 1515 3014 ejusque
1547 2935 1754 3016 spiritu
1786 2949 2135 2998 moveantur
2163 2952 2222 3009 et

111 3044 300 3112 agant.
353 3034 515 3091 Hanc
563 3030 861 3090 notionem
916 3028 1165 3089 involvit
1212 3028 1334 3109 ipsa
1374 3032 1544 3106 justi
1589 3030 2019 3107 denominatim
2081 3056 2221 3115 pro·

117 3129 352 3188 veniens
369 3172 385 3200 ,
414 3128 473 3185 in
509 3149 570 3185 re
596 3125 668 3184 de
697 3146 808 3206 qua
832 3124 1053 3203 agimus
1075 3167 1090 3194 ‚
1122 3121 1196 3181 ab
1221 3121 1319 3181 illa
1345 3124 1568 3200 justitia
1586 3170 1603 3198 a
1630 3146 1759 3207 quae
1784 3138 1871 3185 est
1895 3127 2220 3210 complexio

189 3372 256 3434 (1)
287 3373 384 3423 cfr.
421 3384 549 3423 tract.
584 3373 661 3422 De
675 3374 833 3438 qratia
854 3407 868 3430 ‚
902 3381 1020 3437 part.
1047 3387 1079 3419 11
1104 3407 1116 3427 ‚
1206 3380 1247 3417 e*
1263 3370 1454 3419 effectus
1466 3373 1617 3437 gratiae
1630 3375 1955 3423 sanctificantis
1972 3412 1984 3434 ‚
2005 3393 2218 3425 unacum

120 3470 167 3501 n.
187 3449 294 3516 468-
309 3465 352 3503 et
377 3473 508 3522 seqq.
538 3466 654 3504 tom.
671 3474 700 3503 v
719 3491 733 3518 ,
759 3474 805 3521 p.
835 3469 865 3502 2
878 3470 956 3502 10.
974 3454 1056 3502 ubi
1073 3454 1124 3500 in
1206 3469 1328 3500 nexu
1349 3471 1489 3519 quem
1507 3452 1682 3502 habent
1699 3472 1808 3504 cum
1828 3459 2069 3506 contrariis
2098 3460 2219 3523 prin-

120 3545 213 3583 toto
243 3553 324 3583 suo
346 3536 518 3587 lumine
530 3539 852 3588 collocavimus
869 3536 1126 3611 doctrinam
1209 3537 1359 3600 cipiis,
1381 3552 1434 3584 ex
1452 3535 1623 3602 quibus
1635 3538 1862 3603 ejusmodi
1878 3539 2098 3589 doctrinae
2111 3556 2218 3605 pro·

118 3617 329 3665 Ecclesiae
347 3617 596 3680 catholicae,
612 3630 659 3668 et
675 3620 826 3669 eidem
838 3615 1120 3668 adversantis
1202 3617 1384 3676 fluunt,
1425 3626 1470 3665 et
1495 3615 1744 3668 corollariis
1761 3653 1776 3680 ,
1812 3635 1917 3686 quae
1942 3621 2111 3671 exinde
2135 3622 2218 3672 de-

119 3700 371 3764 systematis
390 3697 760 3761 protestantium,
783 3702 901 3749 circa
912 3710 1122 3748 naturam
1205 3697 1455 3750 ducuntur.

201 3780 265 3841 T,
321 3780 462 3837 V111.
1939 3781 1974 3840 3
