2514 4218
309 195 425 259 100
893 212 1103 253 anam.
1157 212 1226 247 mi
1269 210 1421 248 Locls
1464 210 1844 250 Tne'oLocmis.

306 384 378 423 ea
421 359 715 438 Apostolis
753 358 844 415 vel
872 354 1226 435 Apostolicis
1248 361 1554 409 auctorem.
1573 373 1754 412 suum
1772 358 2132 433 proferant,
2164 366 2232 413 ut
2257 358 2434 415 mvdto

295 460 681 538 posteriores,
704 473 838 532 quoe
859 451 1114 527 denique
1140 447 1405 526 quotidie
1430 450 1875 524 instituuntur.
1910 462 2109 509 tamen
2135 454 2204 511 in
2230 452 2434 510 eadem

304 556 419 635 fide
449 556 894 631 conspirantes,
941 567 1063 604 reon
1101 547 1311 602 minas
1352 543 1686 622 apostolicoe
1726 545 2106 623 deputantur
2142 568 2257 626 pro
2293 568 2435 606 con-

303 651 716 728 sanyuinitate
740 646 1050 702 doctrinoe.
1076 641 1177 699 Ita
1201 660 1401 697 omnes
1427 639 1693 711 haereses,
1726 640 1812 696 ad
1833 651 2152 721 utramque
2159 646 2436 722 formam

306 770 345 807 a
391 747 608 806 nostris
650 741 938 800 Ecclesiis
963 746 1331 816 provocatae,
1359 736 1618 814 probent
1655 756 1711 792 se
1752 756 2002 814 quaqua
2027 750 2257 816 putant
2289 763 2435 820 apo-

307 844 563 902 stolicas.
598 836 710 894 Sed
731 836 876 894 adeo
898 854 1005 892 nec
1022 842 1195 899 sant;
1228 852 1333 889 nec
1355 832 1622 909 probare
1642 842 1915 908 poseant,
1942 834 2104 910 qaod
2116 854 2236 893 non
2261 834 2436 905 sana·

307 958 412 996 nec
434 938 823 1012 recipiuntur
844 935 912 989 in
931 950 1148 1009 pacem
1177 938 1234 987 et
1253 929 1857 985 communicationem
1885 929 1964 986 ab
1989 929 2048 987 E
2051 930 2278 999 eclesiis
2297 948 2439 1010 ‘qao-

303 1053 417 1112 quo
461 1030 629 1088 modo
654 1028 1022 1107 apostolici&
1060 1025 1287 1083 scilicet
1319 1024 1390 1080 ob
1418 1024 1825 1081 diversitatem
1861 1024 2247 1084 Sacramenti
2270 1029 2438 1086 nullo

306 1127 476 1186 modo
518 1112 851 1204 apostolicoe
879 1123 989 1203 (1).
1030 1118 1251 1179 Eodem
1289 1117 1466 1177 modo
1500 1116 1825 1199 loquuntur
1864 1115 2118 1179 Irenaeus
2144 1121 2233 1201 (2)
2262 1166 2277 1197 .,
2325 1124 2439 1203 Cy-

304 1222 543 1305 prianus
565 1219 684 1299 (3),
714 1217 1051 1278 Ambrosius
1074 1215 1163 1295 (4)
1185 1261 1200 1279 .
1236 1214 1487 1273 Hilarius
1503 1213 1595 1294 (5)
1617 1259 1633 1288 ,
1668 1214 2019 1295 Augustinus
2037 1217 2127 1297 (6)
2145 1261 2160 1291 .,
2187 1238 2439 1299 quorum

304 1317 638 1378 testimonia
660 1314 835 1398 paulo
865 1323 998 1395 post
1023 1310 1453 1372 exhibebimus,

390 1414 526 1473 170.
579 1411 821 1471 Interim
858 1432 928 1468 ex
962 1407 1273 1490 postremis
1318 1405 1664 1466 Tertulliani
1702 1406 1896 1467 verbis
1934 1420 2134 1489 patet,
2187 1409 2264 1468 ad
2298 1431 2441 1469 con-

305 1507 663 1569 stituendam
681 1505 1170 1588 apostolicitatem
1191 1499 1312 1561 non
1337 1497 1602 1561 absolute
1622 1503 1862 1584 requiri,
1898 1515 1964 1562 ut
1986 1504 2179 1587 aliqua
2195 1505 2441 1566 Ecclesia

307 1605 381 1666 ab
412 1603 696 1689 Apostolis
726 1600 1066 1661 immediate
1095 1610 1197 1656 aut
1229 1597 1367 1657 viris
1390 1597 1718 1704 apostolicis
1741 1598 2010 1658 instituta
2043 1601 2153 1675 sit·
2184 1602 2289 1661 sed
2319 1601 2441 1660 suf-

307 1705 516 1775 ficere,
562 1711 630 1759 ut
675 1698 750 1757 ab
796 1695 1109 1778 apostolica
1151 1692 1396 1752 Ecclesia
1425 1693 1711 1771 originem
1753 1682 2060 1769 habuerit,
2098 1647 2159 1756 ei:
2201 1717 2335 1755 cum
2376 1718 2443 1756 ea

306 1797 701 1859 communic-et
731 1795 796 1852 in
831 1793 947 1851 fide
983 1803 1042 1850 et
1084 1789 1387 1848 charitate.
1432 1788 1522 1847 Sic
1566 1789 1726 1848 enim
1759 1788 2088 1850 innumerae
2130 1812 2280 1873 pene
2332 1793 2440 1851 Ec-

307 1894 499 1954 clesiae
530 1892 639 1950 hac
673 1899 812 1949 nota
853 1888 1168 1959 fruuntur,
1209 1887 1345 1965 quia
1387 1884 1450 1942 in
1483 1884 1795 1964 apostolica
1846 1885 2092 1945 Ecclesia
2135 1887 2441 1948 inoculatae

307 2002 449 2051 sunt
487 1988 596 2068 (7).

377 2243 443 2306 (l)
483 2240 563 2289 De
615 2238 894 2302 Proescript.
943 2253 1044 2300 cap.
1093 2237 1177 2284 32.
1211 2234 1336 2299 Quid

310 2325 388 2372 hic
413 2323 637 2388 significet
670 2319 989 2368 Tertullianus
1027 2314 1340 2364 Sacramenti

317 2409 538 2463 nomine,
575 2404 721 2451 critici
766 2404 886 2449 inter
933 2418 981 2448 se
1024 2416 1122 2446 non
1167 2416 1338 2446 conve·

311 2491 470 2536 niunt.
520 2484 747 2534 Nonnulli
797 2482 1127 2549 jusjurandum
1163 2480 1337 2529 intelli—

313 2580 459 2636 gunt;
490 2569 569 2617 alii
610 2567 960 2615 Sacramentum
992 2564 1249 2629 Bapfismi,
1290 2574 1339 2611 ut

317 2655 381 2702 La
412 2652 599 2711 Cerda3
647 2649 726 2698 alii
761 2649 1059 2696 verisimilius
1090 2663 1215 2694 ,cum
1259 2645 1339 2692 Al-

315 2738 544 2801 baspinaeo
583 2734 820 2796 accipiunt
852 2747 953 2777 eam
998 2744 1158 2775 vocem
1191 2727 1250 2774 de
1271 2743 1341 2773 re-

315 2822 485 2884 ligione
514 2820 613 2882 ipsa
636 2854 648 2875 ‚
673 2833 753 2862 seu
784 2812 1017 2876 religionis
1037 2809 1337 2874 professione.

319 2902 417 2950 Cfr.
451 2898 682 2947 Pamelius
712 2899 763 2944 in
798 2895 928 2942 hunc
970 2893 1062 2940 loc.

391 2983 457 3047 (2)
497 2983 607 3039 Lib,
643 2999 688 3039 v,
726 2997 826 3043 cap.
861 2992 961 3036 20,
993 2993 1042 3023 n.
1081 2991 1098 3022 1
1133 2984 1179 3022 et
1207 2991 1339 3040 seqq.

391 3065 457 3128 (3)
496 3065 640 3129 Epist.
670 3074 843 3119 txxm,
874 3060 983 3107 etin
1008 3056 1096 3105 lib.
1116 3053 1189 3104 De
1206 3057 1337 3104 unit.

325 3146 587 3201 Ecclesioe,
647 3144 764 3193 edit.
821 3141 971 3190 Maur.
1018 3157 1121 3203 pag.
1176 3136 1266 3204 195
1301 3148 1346 3187 et

323 3230 435 3278 alibi
470 3231 658 3293 passim.
916 3267 919 3271 ,

390 3310 457 3374 (h)
500 3310 603 3358 Lib.
670 3308 743 3356 De
787 3310 1042 3356 Incamat.
1087 3303 1344 3351 dominicae

321 3400 621 3442 sacramento
646 3427 659 3448 ‚
693 3408 798 3455 cap.
837 3389 866 3438 5
891 3428 904 3449 ,
953 3407 1003 3437 n.
1040 3384 1137 3450 34ς
1176 3395 1221 3434 et
1252 3384 1338 3434 lib.

322 3474 395 3525 De
416 3476 592 3542 paem't.
623 3490 726 3537 cap.
761 3490 787 3538 7
814 3510 826 3530 ‚
859 3490 907 3519 n.
947 3469 1030 3518 33.

395 3559 461 3622 (5)
504 3555 769 3604 Comment.
801 3556 857 3600 in
890 3551 1071 3601 Matth.
1106 3567 1208 3614 cap.
1250 3564 1339 3608 10,

322 3661 373 3691 n.
394 3659 429 3707 9
456 3649 502 3689 et
530 3655 608 3694 ιο,
652 3636 770 3684 edit.
802 3635 955 3693 Maur,
989 3645 1033 3683 et
1060 3632 1192 3683 alibi.

385 3724 456 3786 (6)
496 3722 637 3771 Cont.
674 3719 811 3783 epist.
838 3715 987 3775 Petit,
1022 3716 1106 3763 lib.
1127 3731 1159 3762 n
1184 3751 1196 3773 ,
1232 3730 1338 3778 cap.

1421 2234 1506 2295 38;
1536 2235 1621 2284 lib.
1641 2233 1712 2284 De
1723 2237 1856 2285 unit.
1873 2234 2015 2285 E'ccl.
2040 2254 2142 2303 cap.
2165 2254 2192 2286 2
2211 2253 2226 2300 ;
2246 2237 2444 2288 Brevic.

1419 2317 1577 2366 collat.
1633 2333 1747 2365 cum
1768 2317 2062 2379 ,Donatistis
2084 2356 2097 2380 ‚
2151 2338 2253 2386 cap.
2304 2321 2332 2370 3
2405 2332 2449 2370 et

1420 2417 1553 2466 seqq.
1584 2409 1676 2449 etc.

1490 2482 1554 2546 (7)
1594 2481 1812 2532 Ecclesiae
1864 2492 2014 2532 tractu
2047 2485 2307 2533 seculorum
2333 2485 2446 2533 fun·

1422 2565 1539 2612 datae
1585 2565 1689 2613 ideo
1731 2565 1989 2629 apostolicae
2027 2576 2276 2626 vocantur,
2316 2567 2445 2633 quod

1421 2647 1479 2693 ab
1508 2646 1715 2694 Ecclesia
1745 2644 1995 2710 apostolica
2023 2650 2148 2695 missi
2179 2648 2353 2696 fuerint
2385 2651 2446 2699 ad

1421 2727 1809 2776 annunciandum
1829 2727 2134 2792 Evangelium
2161 2740 2205 2778 et
2239 2731 2446 2780 fundan-

1423 2808 1503 2855 das
1528 2807 1757 2856 Ecclesiae
1793 2811 1876 2856 viri
1903 2811 1960 2856 ad
1983 2811 2071 2858 hoc
2098 2812 2263 2860 delecti
2285 2847 2302 2874 ,
2337 2824 2381 2862 et
2394 2814 2452 2861 hi

1423 2890 1651 2939 Ecclesiae
1675 2910 1700 2939 a
1722 2909 1769 2939 se
1793 2892 2014 2941 fundatas
2037 2897 2087 2942 in
2108 2900 2445 2948 communione

1423 2972 1531 3021 fidei
1582 2983 1627 3021 et
1660 2974 1896 3022 charitatis
1941 2993 2046 3023 cum
2085 2976 2288 3026 Ecclesia
2328 2997 2443 3044 apo-

1425 3055 1584 3103 stolica
1618 3057 1919 3106 instituerint.
1950 3057 2054 3106 Hoc
2073 3057 2214 3123 igitur
2243 3061 2436 3109 interest

1425 3138 1676 3186 discrimen
1701 3141 1823 3186 inter
1851 3139 2075 3188 Ecclesias
2091 3141 2358 3191 immediate
2376 3143 2435 3191 ab

1425 3218 1662 3285 Apostolis
1694 3221 1909 3269 fundatas
1954 3232 2000 3270 et
2043 3239 2117 3270 eas
2136 3258 2149 3281 ‚
2181 3240 2286 3288 quae
2316 3226 2441 3274 inse-

1427 3303 1676 3368 quentibus
1716 3302 2008 3366 temporibus
2052 3306 2270 3353 instituta}
2297 3318 2441 3370 sunt,

1427 3386 1553 3450 quod
1594 3385 1686 3432 illae
1737 3401 1843 3433 vere
1881 3396 1924 3433 et
1960 3390 2141 3451 proprie
2182 3389 2447 3453 apostolicae

1427 3478 1645 3516 vocentur
1662 3477 1709 3515 et
1741 3470 1835 3515 sint
1858 3506 1870 3528 ‚
1900 3470 1993 3515 istae
2023 3480 2174 3517 autem
2216 3488 2296 3535 per
2338 3489 2445 3535 par-

1427 3552 1742 3613 ticipationem
1767 3587 1779 3607 ‚
1814 3558 1867 3599 ut
1901 3552 2057 3615 postea
2081 3551 2269 3601 uberius
2301 3569 2443 3618 expo·-

1428 3648 1609 3679 nemus.
