2514 4218
2043 228 2153 287 161

506 258 663 295 ultr.
708 256 750 293 1.
798 255 919 292 CAP.
971 254 1059 291 111.
1110 254 1176 289 DE
1221 249 1487 291 EGGLESIAE
1531 249 1702 287 nous.

52 414 360 463 externum
392 396 578 458 cultus
610 407 958 479 apparatum
980 440 996 469 ,
1029 393 1103 453 ad
1142 392 1450 475 scapularis
1469 438 1484 465 ‚
1512 401 1612 449 aut
1642 389 1841 448 rosarii
1878 390 2158 450 aliorum-

53 520 165 580 que
210 492 490 575 ejusmodi
534 513 703 551 usum
725 537 741 563 .,
789 490 865 550 ad
905 509 1082 571 quem
1124 486 1430 546 diobolarii
1477 485 1864 566 disputatores
1925 506 2158 568 semper

52 590 390 670 confugiunt
427 587 536 667 (1).
581 588 774 646 Caecus
811 605 986 667 porro
1027 592 1149 640 non
1174 581 1397 659 judicat
1435 581 1508 640 de
1532 577 1841 641 coloribus,

50 734 54 738 .
131 685 272 743 261.
322 682 410 743 Ad
450 684 570 756 2¹1¹,
607 682 758 761 Ney.
809 681 944 738 Haec
971 676 1146 735 'enim
1196 685 1361 734 atrox
1403 675 1693 734 calumnia
1747 674 1913 733 unice
1947 676 2156 736 inniti·-

49 791 149 838 tur
174 777 498 837 auctoritati
518 774 815 854 irreligiosi
842 771 1174 850 nulliusque
1198 769 1333 828 fidei
1355 771 1648 851 scriptoris
1676 770 1789 850 (2),
1819 781 1879 830 et
1902 772 2160 831 testimo-

51 873 150 933 nio
166 872 407 931 infelicis
421 869 684 930 Praesulis
700 866 927 948 decepti
942 885 974 923 a
988 865 1024 923 J
1027 863 1378 939 ansenianiS,
1392 885 1640 944 quorum
1657 864 1970 925 factionem
1986 866 2157 942 fovit,

54 969 268 1050 quique
302 966 377 1026 ad
415 965 640 1025 saniora
670 959 903 1023 consilia
930 958 1036 1018 Dei
1069 958 1250 1038 gratia
1292 969 1594 1017 revocatus
1625 959 1983 1040 palinodiam
2011 963 2162 1023 ceci·

54 1064 144 1122 nit
192 1083 394 1122 eorum
429 1061 721 1133 omnium,
759 1075 887 1137 quae
928 1052 1072 1111 falso
1113 1064 1173 1112 et
1211 1052 1443 1112 incaute
1476 1063 1647 1112 antea
1689 1055 2013 1135 protulerat
2048 1057 2159 1139 (3).

56 1159 330 1217 Ceterum
362 1153 708 1216 monasteria
738 1147 847 1209 sub
884 1147 1181 1228 vigilantia
1216 1149 1524 1207 Pastorum
1560 1148 1874 1208 constituta
1910 1161 2077 1226 sunt.)
2114 1154 2163 1212 si

57 1274 172 1334 qua
201 1251 419 1313 ibidem
444 1247 594 1309 mala
633 1243 813 1306 herba
829 1288 847 1321 ,
883 1254 949 1303 ut
977 1242 1103 1302 fieri
1125 1252 1322 1324 potest
1343 1286 1360 1317 ‚
1384 1243 1799 1321 germinaverit
1816 1289 1832 1320 ‚
1858 1244 2010 1305 illico
2033 1268 2163 1307 era·

129 1513 196 1578 (l)
232 1513 318 1563 Vix
346 1513 467 1577 legas
487 1509 690 1577 plebejos
710 1508 939 1578 ejusmodi
965 1507 1064 1557 dis-

58 1606 284 1660 putatores
301 1630 314 1654 ,
336 1602 415 1643 aut
441 1604 791 1657 provocatores,
817 1594 868 1640 in
885 1579 1063 1656 gravis*-

57 1681 183 1727 simis
202 1675 514 1727 controversiis
533 1675 590 1724 de
608 1674 824 1725 Ecclesiae
843 1677 1033 1723 veritate
1048 1711 1062 1735 ,

56 1748 383 1808 infallibilitate
412 1792 429 1817 ,
474 1758 650 1805 unitate
678 1794 693 1818 ,
748 1766 835 1806 etc.
875 1758 1017 1805 victos
1047 1791 1062 1817 ‚

1148 1507 1226 1556 hic
1254 1516 1415 1556 auctor
1442 1507 1568 1556 hanc
1587 1507 1821 1558 crambem
1843 1525 1962 1575 saepe
1978 1514 2163 1577 repetit.

1219 1588 1288 1652 (3)
1326 1587 1388 1637 Ut
1427 1598 1617 1638 testatus
1649 1600 1718 1638 est
1749 1608 1788 1639 s.
1830 1608 1900 1640 m.
1932 1590 2041 1641 Pius
2069 1610 2167 1654 vn,

1148 1674 1198 1719 in
1211 1672 1489 1720 allocutione
1503 1661 1659 1720 habita
1687 1673 1761 1721 die
1788 1671 1852 1722 26
1868 1673 1998 1723 Junii
2019 1673 2165 1736 1805,

1148 1756 1198 1801 in
1228 1756 1499 1801 consistorio
1525 1764 1716 1803 secreto.
1742 1754 1867 1803 Inter
1889 1766 2037 1806 cetera
2057 1774 2165 1807 vero

51 1841 172 1888 duur
198 1857 275 1889 eos
327 1841 481 1888 statim
520 1838 753 1887 declinare
800 1838 929 1887 vides
955 1873 971 1896 ,
1012 1854 1067 1886 ac
1145 1836 1244 1885 haec
1274 1838 1326 1885 in
1366 1836 1553 1901 praefata
1585 1836 1863 1887 allocutione
1904 1838 2123 1903 leguntur
2149 1857 2164 1888 ε

51 1921 170 1970 elabi
214 1925 264 1970 in
303 1921 548 1988 reliquias,
590 1921 789 1970 amuleta
809 1956 824 1982 ‚
856 1922 1028 1969 rosaria
1049 1956 1064 1979 ,

53 2003 304 2068 scapularia
326 2040 346 2064 ,,
377 2020 549 2069 aquam
586 2001 881 2051 benedictam
912 2038 926 2060 ‚
970 2011 1058 2050 etc.

55 2083 149 2135 Hic
190 2087 315 2133 enim
349 2095 417 2133 est
443 2087 573 2134 locus
608 2086 815 2149 ipsorum
850 2101 1064 2133 commu-

57 2169 129 2213 nis
144 2202 158 2226 ,
187 2184 280 2232 qua
307 2170 482 2215 ratione
499 2183 525 2214 a
541 2154 918 2215 substantialibus
937 2181 1067 2231 quae-

1145 1916 1324 1965 Filiali
1344 1917 1531 1981 fiducia
1557 1918 1696 1966 nobis
1725 1920 2048 1986 siqnificavit(
2063 1919 2165 1971 Sci-

1145 2001 1222 2064 pio
1250 1999 1747 2049 Riccius'Pistoriensis
1771 2002 1883 2050 olim
1913 2013 1956 2051 et
1980 2003 2169 2053 Prateu-

1148 2083 1207 2129 sis
1226 2081 1505 2146 Episcopus)
1529 2118 1543 2140 ‚
1568 2098 1618 2130 se
1639 2081 1876 2146 formaloe,
1905 2100 2052 2148 quam
2068 2086 2169 2150 ipsi

1138 2179 1406 2230 proponere
1444 2163 1600 2212 Nobis
1634 2163 1900 2230 placuisset
1915 2203 1930 2225 ‚
1978 2168 2164 2216 sincero

59 2246 283 2295 stionibus
307 2248 365 2295 ad
385 2247 634 2311 adiaphora
662 2264 711 2295 se
731 2264 791 2295 se*
807 2249 1037 2311 recipiunt
1058 2281 1072 2305 ‚
1150 2245 1289 2294 corde
1307 2246 1714 2311 subscripturum.
1730 2246 1833 2296 Nec
1847 2247 1969 2312 fidei
1987 2286 2000 2308 ‚
2018 2266 2166 2314 quam

61 2338 114 2376 ut
152 2329 217 2375 sie
268 2328 676 2376 declamationibus
712 2329 843 2375 vanis
888 2328 976 2375 sibi
1013 2344 1069 2375 ac

61 2409 220 2456 ceteris
244 2407 460 2457 illudant.
492 2406 637 2456 Tanta
663 2417 731 2456 est
755 2410 949 2456 istorum
976 2423 1061 2456 cae-

61 2473 171 2537 citas
195 2499 240 2537 et
263 2492 574 2553 praesumptio.

131 2570 195 2634 (2)
236 2570 346 2618 Haec
373 2572 499 2618 enim
526 2572 791 2618 innituntur
804 2572 1070 2618 auctoritate

61 2649 123 2699 D.
167 2651 227 2700 de
276 2651 463 2711 Potter‚
512 2654 592 2717 qui
636 2654 687 2699 in
733 2669 812 2716 op.
859 2645 961 2699 Vie
1005 2651 1062 2698 de

63 2730 265 2799 Scipion
289 2733 347 2782 de
382 2734 522 2782 Ricci
540 2772 553 2795 ‚
581 2737 749 2798 eoique
779 2733 837 2782 de
875 2733 1066 2782 Pistoie

65 2825 108 2865 et
145 2813 293 2865 Proto
315 2854 327 2877 ‚
366 2826 410 2866 ct
448 2818 762 2882 reformamur
805 2817 874 2864 du
911 2817 1071 2865 catho-

66 2899 246 2948 licisme
288 2916 349 2948 en
398 2899 614 2948 Toscane
635 2938 648 2959 ,
695 2916 805 2948 sous
850 2899 892 2947 Ie
925 2900 1070 2964 reqne

67 2981 122 3028 de
164 2981 407 3047 Leopold‚
442 2981 682 3031 Bruxelles
730 2978 856 3030 1825
887 3016 905 3042 ,
947 2991 1068 3030 totus

69 3064 120 3110 in
143 3080 196 3112 eo
219 3073 287 3112 est
306 3101 319 3124 ‚
347 3073 400 3112 ut
420 3063 613 3112 extollat
643 3063 784 3129 hujus
797 3063 923 3111 illusi
945 3062 1067 3111 Prae-

74 3143 184 3192 sulis
214 3148 452 3194 temeraria
482 3155 620 3211 gesta.
654 3144 795 3194 Porro
826 3162 934 3194 cum
966 3144 1076 3210 Epi-

77 3241 236 3291 scopus
278 3229 406 3278 Ricci
461 3230 760 3278 meditaretur
811 3228 1076 3278 subtrahere

77 3324 103 3354 a
133 3307 415 3371 regularibus
441 3309 767 3360 Sacerdotibus
792 3310 1074 3376 spiritualem

80 3391 459 3440 monasteriorum
486 3392 926 3442 administrationem
943 3400 988 3439 et
1002 3391 1074 3439 di-

80 3470 324 3517 rectionem
334 3507 348 3530 ,
358 3474 675 3536 magnificavit
693 3474 942 3523 nonnullos
958 3473 1076 3522 abu·

82 3569 158 3599 sus
188 3553 283 3599 sive
311 3553 451 3602 reales
481 3558 573 3606 sive
605 3558 807 3618 fictitios,
839 3561 990 3624 quiin
1025 3575 1078 3607 ea

0 3693 7 3701 ι
81 3635 352 3697 irrepserant
376 3668 392 3695 ,
416 3643 468 3682 ut
491 3645 612 3700 patet
633 3655 686 3687 ex
700 3656 780 3705 op.
807 3641 886 3688 cit.
912 3649 1027 3701 tom.
1042 3656 1081 3697 1,

83 3732 183 3781 cap.
230 3730 286 3763 ¹2
333 3726 377 3763 et
407 3714 498 3778 15,
539 3728 583 3767 et
621 3720 730 3770 alibi
760 3724 964 3787 passim,
1002 3722 1083 3770 ubi

161 3797 226 3854 T.
280 3796 420 3854 VlII.

1146 2325 1300 2374 Nobis
1313 2327 1523 2386 dederat,
1533 2327 1701 2391 defait.
1715 2328 2000 2377 Formulam
2010 2333 2165 2392 enim,

1141 2424 1233 2472 per
1245 2424 1353 2456 ven.
1368 2408 1572 2471 fratrem
1594 2415 1809 2455 nostram
1824 2408 1875 2456 A
1879 2410 2166 2476 rchz‘episco-

1142 2505 1262 2552 pum
1286 2487 1654 2554 Philippensem
1683 2490 1732 2537 ei
1754 2491 1955 2538 missam
1973 2529 1986 2552 ,
2016 2491 2132 2557 leqit
2148 2531 2162 2555 ‚

1146 2569 1349 2617 admisit
1367 2606 1382 2629 ‚
1414 2586 1594 2634 suaque
1618 2587 1770 2618 manu
1791 2573 2019 2635 siqnaoit.
2043 2573 2162 2623 Hae

1147 2669 1256 2717 erqo
1269 2653 1482 2716 formula
1500 2688 1518 2714 ,
1548 2670 1694 2717 quam
1725 2657 1994 2720 reparando
2015 2660 2164 2706 ‘'scan-

1149 2734 1257 2782 dalo
1282 2734 1528 2800 publicam
1549 2737 1604 2782 in
1638 2739 1959 2801 coquitionem
1992 2739 2168 2789 deduci

1146 2818 1421 2882 concupivit
1447 2853 1462 2878 ‚
1482 2817 1742 2866 declaravit
1756 2835 1805 2867 se
1822 2837 1948 2885 pure
1970 2830 2015 2869 et
2045 2822 2165 2869 sim-

1137 2899 1340 2965 pliciter
1388 2901 1676 2964 omninoque
1734 2917 1793 2948 ea·
1836 2903 2001 2950 animo
2034 2906 2165 2954 acci-

1139 2999 1256 3048 pere
1271 3018 1284 3038 ,
1305 2991 1349 3030 et
1365 2984 1590 3030 venerari
1606 2981 1980 3034 Constitutiones
1994 2996 2026 3034 'a
2040 2984 2166 3039 Sede

1147 3062 1349 3129 apostoli
1353 3081 1409 3113 ca
1419 3065 1576 3129 factas
1595 3102 1608 3123 ‚
1630 3064 1804 3128 quibus
1816 3082 1994 3116 errores
2018 3069 2163 3134 Baji,

1160 3143 1419 3206 demanii,
1457 3144 1706 3213 Quesnelli
1724 3183 1738 3206 ,
1767 3154 1812 3194 et
1829 3146 2020 3197 illorum
2039 3156 2168 3218 ,qui

1158 3243 1234 3275 eos
1261 3220 1427 3276 sectati
1450 3237 1564 3276 sant
1584 3264 1597 3288 ‚
1621 3228 1994 3293 'proscribuntur
2009 3270 2022 3292 ‚
2035 3251 2166 3299 proe-

1156 3311 1320 3356 sertim
1350 3325 1458 3357 vero
1492 3308 1675 3357 bullam
1705 3309 2021 3375 doqmaticam
2037 3315 2166 3364 Auo.

1158 3399 1302 3438 torem
1332 3391 1451 3453 fidei
1464 3425 1479 3453 ,
1505 3397 1592 3439 etc.
1624 3387 1761 3440 Hanc
1796 3398 2166 3447 retractationem

1159 3471 1450 3521 confirmavit
1474 3470 1659 3520 Riccius
1686 3473 1845 3523 litteris
1861 3476 1920 3523 ad
1950 3478 2166 3528 eumdem

1161 3552 1245 3603 SS.
1274 3553 1546 3603 Pontificem
1562 3554 1695 3604 datis.
1719 3556 1826 3605 Jam
1840 3574 1947 3606 vero
1975 3575 2077 3607 eam
2095 3559 2167 3611 De

1163 3636 1319 3687 Potter
1347 3638 1518 3686 frustra
1534 3638 1903 3689 cavillationibus
1926 3640 2167 3695 obscurare

1166 3732 1247 3771 aut
1278 3721 1462 3771 eludere
1494 3723 1673 3772 nititur.

1812 3804 1881 3860 11
