2514 4218
2057 216 2188 275 245

497 242 653 280 PART.
695 243 736 280 1.
784 243 906 281 CAP.
954 242 1035 281 IV.
1084 243 1151 278 DE
1193 240 1460 280 EGGLESIAE
1503 239 1749 277 DOTIBUS.

156 382 294 442 369.
343 380 432 441 Ad
479 382 582 458 8¹¹¹,
630 382 779 463 Ney.
819 382 1028 462 agendi
1054 382 1373 456 rationem,
1414 402 1590 462 quam
1625 389 1791 439 tenet
1832 378 2078 438 Ecclesia
2115 383 2179 438 in

72 475 467 559 proponendis
490 476 625 536 fidei
641 476 1005 556 dogmatibus
1025 497 1132 557 per
1151 476 1406 557 aliquam
1429 475 1879 536 determinatam
1906 473 2179 551 formam,

72 571 364 632 adversari
405 571 746 653 antiquioris
782 571 1040 631 Ecclesiae
1072 569 1289 643 indoli3
1324 570 1432 629 hoc
1456 571 1615 630 enim
1644 568 1853 628 falsum
1876 579 1984 627 est.
2020 569 2179 629 Vidi·-

71 686 201 724 mus
222 665 509 745 siquidem
534 665 728 746 plures
752 665 997 725 haereses
1013 695 1034 737 ,·
1051 664 1115 721 in
1131 664 1286 723 ‚vivis
1310 664 1500 723 adhuc
1529 662 1835 744 agentibus
1865 664 2173 745 ApostoliS‚

66 760 416 840 proscriptas
447 759 616 819 fuisse
636 805 651 835 .,
676 772 734 820 et
762 757 1163 820 determinatis
1186 748 1450 835 formulis
1475 758 1949 818 contradictorias
1969 758 2176 817 errori-

68 852 179 912 bus
215 854 329 912 illis
367 856 641 914 veritates
675 865 937 914 assertas,
973 854 1122 911 Ante
1159 851 1479 910 Concilium
1520 854 1834 912 Nicaenum·
1852 858 1978 931 jam
2020 865 2179 913 octo-

71 950 229 1028 ginta
263 947 395 1029 plus
438 949 632 1008 minus
678 949 924 1008 haereses
962 944 1278 1028 profligatae
1319 957 1457 1005 sunt
1475 991 1496 1021 ,‚
1536 956 1596 1006 et
1641 948 1855 1008 veritas
1902 947 2180 1008 catholica

70 1042 275 1102 eadem
300 1044 522 1102 ratione
550 1043 612 1102 in
641 1055 770 1102 tuto
785 1042 1003 1124 posita3
1032 1061 1203 1101 voces
1227 1045 1555 1111 trinitati&
1573 1063 1845 1122 personae
1859 1086 1881 1114 ,
1907 1054 2178 1119 παίωνα»,

71 1137 314 1218 aliaeque
345 1138 627 1215 ejusmodi
659 1137 913 1196 inductae
944 1146 1082 1194 sunt
1111 1147 1310 1195 contra
1334 1136 1628 1197 catholicae
1658 1138 1918 1198 veritatis
1945 1138 2137 1199 hostes
2160 1185 2177 1214 ,

71 1241 138 1290 ut
170 1242 400 1290 tesserae
433 1230 766 1290 orthodoxae
801 1229 938 1288 fidei
967 1230 1076 1310 (l).
1118 1229 1286 1304 Quod
1317 1232 1365 1289 si
1390 1231 1608 1290 factiosi
1644 1232 1824 1313 aliqui
1855 1243 1997 1292 tunc
2035 1245 2183 1293 tem-

70 1326 227 1406 poris
254 1327 471 1406 pariter
497 1327 839 1385 restiterunt
864 1323 1127 1384 Ecclesiae
1157 1323 1591 1384 definitionibus
1610 1371 1626 1398 ,
1662 1327 1749 1384 uti
1777 1348 1934 1386 nunc
1962 1328 2183 1389 eisdem
2242 1374 2244 1376 -

71 1420 351 1480 resistunt
387 1422 816 1493 ProtestanteS‚
866 1420 1059 1478 cuncti
1106 1419 1179 1477 ab
1220 1418 1483 1479 Ecclesiae
1526 1420 1658 1477 sinu
1699 1421 1867 1499 ejecti
1899 1433 2078 1497 sunt,
2125 1435 2219 1482 et.

71 1514 523 1598 ipsa'ineolumis
557 1536 789 1597 semper
819 1516 1073 1597 perstitit
1099 1537 1162 1575 ac
1190 1516 1268 1575 ita
1312 1527 1652 1598 perseverat
1670 1560 1687 1587 .‚
1727 1526 1793 1575 ut
1815 1537 1884 1576 ex
1909 1516 2186 1596 perduel-

40 1609 43 1612 ⁴
73 1610 219 1669 lium
252 1609 573 1671 defectione
603 1609 837 1670 nullum
873 1610 1296 1672 detrimentum
1325 1613 1511 1693 capiat
1538 1611 1648 1691 (2).

72 1859 214 1904 rum,
245 1845 469 1908 praecipue
509 1859 618 1892 vero
663 1840 876 1891 Strausii.
913 1840 1086 1890 Verum

76 1933 120 1972 et
146 1924 236 1972 hoc
267 1934 461 1990 systema
497 1923 668 1989 pendet
693 1941 720 1971 a
750 1933 916 1971 natura
945 1924 1088 1988 ipsius

72 2008 427 2071 protestantismi
448 2042 460 2065 ‚
478 2023 578 2071 quae
596 2014 692 2053 tota
705 2004 965 2070 subjectiva
984 2015 1051 2053 est
1069 2041 1083 2065 ‚

73 2103 154 2134 seu
202 2105 229 2135 a
273 2090 437 2152 spiritu
480 2083 850 2152 uniuscujusque
911 2087 1089 2151 privato

73 2177 295 2233 tanquam
326 2186 351 2216 a
389 2171 572 2232 proprio
600 2169 747 2216 fundo
776 2168 899 2216 fides
920 2186 974 2216 ac
1015 2186 1091 2216 re-

74 2249 182 2313 ligio
222 2249 321 2296 erui
361 2248 516 2296 debet.
561 2248 684 2296 Hinc
731 2248 993 2314 pervulgata
1042 2251 1093 2297 in

79 2326 328 2380 Germania
355 2328 588 2377 antithesis
610 2330 690 2377 illa
707 2366 720 2390 ‚
741 2347 834 2394 qua
852 2330 1095 2394 distingui-

78 2419 153 2457 tur
180 2412 231 2457 in
267 2428 348 2458 sua
370 2420 533 2458 natura
564 2409 955 2477 catholicismusa
983 2427 1094 2474 pro-

79 2493 362 2539 testantismo
395 2528 409 2551 ‚
461 2492 584 2557 quod
646 2492 723 2539 ille
767 2493 990 2539 nimirum
1039 2493 1098 2538 sit

77 2573 350 2639 oly'ectivus,
383 2581 615 2639 quatenus
631 2574 771 2622 fidem
787 2592 864 2622 seu
885 2575 992 2622 fidei
1015 2574 1098 2622 ob-

75 2656 249 2721 jectum
274 2653 332 2702 ab
360 2655 563 2704 Ecclesia
585 2658 766 2720 recipit,
794 2658 876 2703 iste
899 2658 956 2702 sit
984 2655 1096 2702 aul)-

64 2739 302 2802 jectivus,
338 2747 564 2803 quatenus
595 2738 737 2786 fidem
770 2756 849 2786 seu
883 2738 989 2785 fidei
1011 2738 1097 2785 ob-

75 2821 252 2884 jectum
281 2820 338 2868 de
369 2837 451 2867 suo
486 2820 616 2868 cudit
651 2820 832 2886 sibique
861 2820 1093 2868 efformat.

149 2901 214 2965 (l)
252 2899 436 2951 Harum
478 2903 788 2951 formularum
835 2902 1098 2968 exemplum

81 2982 205 3031 aliud
233 2987 430 3033 occurrit
459 2988 510 3033 in
535 3002 647 3034 voce
686 2983 907 3049 ὅμοοᾶσ-ιον
929 3022 942 3045 ,
985 3001 1098 3033 eon-

86 3064 394 3114 substantiale
410 3104 424 3127 ‚
456 3084 558 3133 quae
580 3071 674 3133 jam
701 3068 855 3117 seculo
878 3084 929 3115 111
960 3074 1101 3115 tesse-

86 3160 183 3192 ram
207 3148 513 3197 constituebat
539 3150 800 3198 orthodoxae
833 3150 941 3197 fidei
980 3151 1102 3196 circa

90 3225 196 3274 Filii
226 3228 511 3281 divinitatem
532 3267 547 3293 ,
598 3233 713 3281 adeo
755 3242 809 3281 ut
854 3232 1104 3296 Dionysius

91 3308 223 3357 Alex.
243 3324 477 3362 accusatus
492 3316 626 3364 fuerit
643 3316 765 3380 apud
782 3316 1104 3380 cognominem

93 3408 212 3438 rom.
229 3389 496 3443 Pontificem
516 3433 530 3456 ‚
551 3397 676 3462 quod
692 3415 793 3445 eam
811 3413 973 3445 vocem
991 3399 1108 3443 omi-

94 3475 220 3521 sisset
245 3470 297 3519 in
324 3471 526 3524 Ecclesia
553 3496 580 3526 a
602 3478 816 3527 Patribus
844 3478 1109 3544 frequenta-

94 3565 213 3603 tam.
240 3553 339 3603 Cfr.
374 3572 479 3621 quae
503 3558 716 3608 adversus
746 3548 1021 3628 Basnagium
1051 3560 1108 3608 de

93 3637 182 3686 hac
206 3652 315 3684 voce
341 3635 517 3686 erudite
552 3642 726 3705 scripsit
742 3642 903 3691 doctus
927 3642 995 3691 De
1011 3641 1110 3690 Ma-

99 3719 247 3782 gistris
269 3755 281 3780 ,
318 3721 367 3767 in
394 3719 661 3784 praefatione
689 3722 747 3771 ad
765 3740 901 3788 opera
930 3722 980 3773 S.
1004 3723 1116 3771 Dio-

1170 1844 1294 1910 nysii
1333 1840 1663 1903 Alexandrini,
1706 1858 1809 1908 pag.
1854 1841 1920 1907 34
1963 1853 2009 1892 et
2052 1861 2186 1911 seqq.

1169 1923 1330 1972 Romae
1364 1921 1509 1990 1796.

1244 2004 1310 2069 (2)
1346 2005 1414 2054 Ex
1453 2006 1526 2053 his
1558 2015 1767 2068 constat,
1805 2022 1948 2071 quam
1977 2007 2188 2071 ineptum

1174 2090 1262 2147 sit,
1288 2088 1413 2153 quod
1429 2087 1712 2136 Boeh-merus
1729 2087 1819 2135 loc.
1849 2090 1929 2135 cit.
1959 2087 2185 2150 adstruit,

1175 2170 1289 2218 dum
1316 2169 1533 2228 affirmat,
1562 2169 1687 2235 quod
1705 2169 1826 2233 fidei
1846 2170 2053 2219 definitio
2071 2171 2201 2220 alie--

1175 2269 1285 2299 nam
1314 2270 1339 2299 a
1363 2250 1593 2316 religionis
1619 2261 1783 2299 natura
1816 2253 2097 2300 coactionem
2113 2254 2191 2300 in-

1177 2333 1308 2380 ferat.
1335 2332 1439 2379 Jam
1459 2349 1566 2380 vero
1589 2368 1603 2391 ,
1637 2349 1753 2380 num
1791 2332 2022 2396 religionis
2056 2344 2194 2382 natu-

1177 2431 1278 2461 ram
1308 2412 1550 2478 ignorabat
1566 2413 1811 2476 Apostolus
1826 2449 1841 2473 ,
1864 2431 1971 2462 cum
1993 2414 2192 2463 formam

1179 2496 1397 2544 doctrinae
1437 2494 1744 2560 praescriberet
1768 2494 1827 2542 ab
1852 2495 2068 2543 omnibus
2097 2511 2193 2544 ser-

1180 2578 1377 2625 vandam
1402 2582 1426 2626 ?
1468 2578 1560 2626 Aut
1609 2594 1717 2624 cum
1747 2578 1877 2625 verbi
1916 2577 2194 2625 administris

1179 2662 1433 2723 potentiam
1475 2659 1633 2707 datam
1677 2659 1933 2707 testabatur
1959 2697 1972 2720 ‚
2009 2676 2044 2707 11
2087 2658 2194 2708 Cor.

1180 2758 1212 2787 x
1236 2778 1250 2800 ‚
1267 2739 1316 2789 ,5
1340 2778 1354 2800 ‚
1398 2750 1451 2788 ut
1480 2757 1666 2788 omnem
1707 2740 1995 2788 intellectum
2020 2739 2203 2805 redige-

1180 2832 1288 2871 rent
1309 2825 1359 2870 in
1390 2820 1668 2888 obsequium
1695 2820 1865 2870 Christi
1882 2821 1906 2869 ¹?
1932 2820 2076 2870 Ludit
2090 2839 2200 2887 pro-

1183 2904 1304 2951 fecto
1323 2903 1604 2951 Boehmerus
1620 2937 1634 2966 ,
1661 2901 1773 2949 dum
1794 2902 1895 2949 haec
1912 2903 2105 2966 oggerit.
2126 2901 2203 2949 An

1184 2986 1298 3033 forte
1339 2983 1420 3033 hic
1467 2987 1614 3049 agitur
1660 2984 1718 3032 de
1764 2985 1998 3031 coactione
2031 3019 2045 3044 ,
2094 2999 2200 3049 quae

1188 3066 1390 3114 libertati
1434 3068 1530 3114 vim
1577 3065 1772 3124 inserat,
1812 3082 1951 3130 quam
1989 3081 2076 3112 nec
2106 3066 2202 3130 ipsa

1187 3159 1350 3197 natura
1381 3146 1589 3214 patitur?
1625 3144 1792 3211 Agitur
1830 3148 1956 3195 enim
1998 3161 2101 3194 vero
2146 3145 2205 3194 de

1188 3233 1456 3279 necessitate
1486 3229 1621 3277 officii
1643 3265 1657 3288 ‚
1702 3244 1844 3294 quam
1884 3244 2038 3276 secum
2067 3227 2207 3276 infert

1189 3314 1446 3378 legitimum
1500 3311 1694 3377 quodvis
1745 3319 2024 3375 praeceptum
2063 3346 2076 3369 ,
2114 3326 2206 3374 qua

1193 3412 1362 3460 nempe
1384 3394 1651 3457 intelligitur
1671 3393 1984 3457 praescriptum
2003 3390 2208 3439 officium

1190 3480 1252 3524 ita
1272 3476 1580 3525 necessarium
1598 3490 1692 3521 esse
1710 3509 1723 3533 ,
1753 3481 1825 3533 ut,
1847 3474 1926 3538 qui
1951 3487 2107 3534 parere
2126 3468 2208 3516 de-

1194 3569 1372 3618 trectet,
1389 3566 1433 3606 et
1448 3553 1631 3621 culpam
1646 3555 1899 3615 contrahat,
1913 3549 2210 3602 etsubeundoe

1195 3657 1339 3706 poenae
1354 3640 1607 3687 obnoxium
1623 3654 1670 3687 se
1682 3636 1860 3687 reddat.
1875 3634 1973 3684 Cfr.
1987 3635 2064 3681 cit.
2076 3631 2196 3680 Com

1201 3730 1350 3772 mem.
1375 3739 1480 3787 pag.
1500 3717 1584 3769 81.
