2514 4218
324 189 436 248 110

932 211 1124 251 TRAGT.
1174 213 1242 248 ΒΕ
1286 212 1434 250 LOCIS
1479 215 1853 256 THEOLOGICIS.

316 352 558 414 unitatis
597 352 802 427 reali53
846 355 912 413 70
948 375 1016 413 eo
1058 352 1153 412 vel
1193 352 1373 432 magis
1402 356 1563 435 quod
1600 379 1888 441 apparens
1923 358 2209 437 ejusmodi
2252 362 2442 421 unitas

316 459 512 531 potest
546 470 669 508 esse
707 449 901 507 unitas
944 447 1191 523 erroriS,
1232 460 1298 506 ut
1332 459 1498 531 patet
1537 471 1631 510 ex.
1678 475 1762 532 gr.
1805 455 1868 514 in
1907 455 2075 514 sectis
2111 456 2443 517 nestoriana

298 555 492 626 atque
519 543 863 625 eutychiana
885 586 902 616 ‚
927 564 1056 623 quae
1080 565 1202 602 non
1229 545 1426 603 minus
1459 545 1618 604 inter
1643 567 1706 606 se
1733 561 2085 629 apparenter
2114 553 2445 629 conjunctae

318 651 459 698 sunt
485 685 502 713 ,
544 661 609 699 ac
635 640 752 697 sint
788 637 1053 698 Ecclesiae
1085 639 1398 700 orientales
1425 663 1525 700 seu
1559 662 1750 721 graecae
1787 654 1846 702 et
1874 644 2136 706 Ecclesiae
2165 668 2439 707 romanae.

315 736 383 795 80
422 737 569 795 Cum
596 757 734 794 vero
758 733 834 793 ad
864 735 1383 795 internoscendum
1403 781 1420 812 ,
1452 749 1653 795 utrum
1678 737 2005 798 differentia
2029 752 2129 798 aut
2159 744 2351 802 unitas
2372 743 2446 801 sit

318 852 606 914 apparens
649 842 886 888 tantum
923 853 999 889 an
1035 832 1203 891 realis
1229 877 1245 906 ,
1271 855 1416 912 opus
1448 834 1522 891 sit
1553 832 1725 913 longa
1755 855 1820 893 ac
1849 833 2065 894 difficili
2096 836 2446 898 discussione

311 938 368 986 et
397 927 666 985 examine
689 971 704 999 ,
734 927 1022 1008 sequitur,
1056 950 1176 986 non
1196 950 1366 1009 posse
1392 929 1682 988 unitatem
1710 950 1832 988 esse
1854 941 2055 988 notam
2079 941 2178 989 aut
2212 932 2445 1011 signum

311 1042 462 1083 verae
497 1021 760 1082 Ecclesiae
780 1023 892 1103 (1).
938 1024 1005 1083 90
1045 1022 1234 1099 Adde,
1271 1024 1563 1089 unitatem
1594 1023 1856 1084 Ecclesiae
1897 1028 2183 1085 moralem
2208 1037 2446 1086 tantum

379 1220 443 1284 (1)
482 1218 718 1267 Hactenus
749 1217 844 1266 fere
870 1215 1051 1265 Palmer
1083 1219 1132 1265 in
1154 1234 1230 1282 op.
1247 1221 1322 1265 cit.

310 1303 359 1351 A
395 1303 587 1349 creati-se
622 1302 688 1365 qf'
707 1298 783 1347 the
822 1298 1019 1347 Charo-h
1050 1299 1111 1364 of
1138 1298 1330 1356 Christ,

307 1405 387 1434 seu
438 1384 700 1432 Tractatus
745 1382 802 1429 de
840 1379 1065 1430 Ecclesia
1108 1380 1325 1439 Christi,

310 1468 424 1517 edit.
454 1466 714 1516 sec.Lond.
742 1462 884 1532 1839.
916 1474 1034 1529 part.
1062 1481 1108 1523 ι,
1131 1481 1234 1529 cap.
1263 1462 1294 1512 5
1315 1501 1328 1523 ‚

310 1561 422 1600 sect.
450 1549 479 1598 3
514 1560 557 1599 et
577 1547 610 1612 4
626 1585 640 1608 ,
661 1553 793 1614 cujus
814 1546 1107 1595 difficultates
1126 1549 1177 1593 in
1202 1563 1330 1594 com-

310 1633 537 1699 pendium
567 1631 848 1696 redegimus.
881 1627 1041 1695 Atque
1069 1629 1147 1677 hic
1161 1631 1334 1694 juverit

311 1728 410 1766 tum
449 1715 587 1780 hujus
621 1724 722 1764 tum
739 1724 994 1762 ceterorum
1025 1713 1334 1759 recentiorum

314 1798 595 1852 Oxoniensis
626 1797 938 1845 un1versitatis
960 1794 1204 1842 doctorum
1231 1811 1334 1862 sys-

312 1893 438 1932 tema
463 1883 621 1947 paucis
645 1896 870 1945 exponere
892 1916 905 1938 ,
930 1887 982 1925 ut
998 1880 1186 1925 istorum
1204 1894 1335 1925 mens

309 1968 361 2013 in
398 1964 547 2013 allatis
605 1973 651 2011 et
691 1961 938 2010 afferendis
978 1958 1334 2007 difficultatibus

310 2049 511 2112 penitius
555 2044 867 2107 dignoscatur.
926 2038 991 2090 Hi
1039 2042 1178 2104 igitur
1212 2042 1334 2088 viam

311 2128 515 2176 mediam
543 2130 710 2174 ineunt
739 2127 860 2172 inter
888 2123 1043 2183 illum,
1073 2137 1214 2187 quem
1250 2124 1335 2187 ipsi

311 2220 477 2260 vocant
531 2207 1123 2274 ultra-protestantismum
1169 2213 1215 2252 et
1259 2222 1336 2253 ro-

309 2297 631 2345 manismum.
657 2291 931 2343 Admittunt
956 2290 1132 2337 idcirco
1168 2299 1335 2354 praeter

309 2379 573 2443 Scripturas
601 2379 743 2424 etiam
775 2374 1073 2422 traditionem
1093 2408 1106 2431 ,
1134 2389 1231 2419 non
1253 2371 1334 2426 illo

234 2454 238 2457 ⁵
312 2472 467 2509 tamen
501 2475 668 2518 sensu,
718 2474 812 2523 quo
848 2474 948 2505 eam
986 2454 1336 2520 amplectuntur

311 2543 536 2593 Catholici
562 2576 576 2601 ‚
600 2541 680 2589 sed
711 2540 863 2588 solum
891 2548 1118 2604 quatenus
1145 2538 1337 2584 inservit

311 2627 371 2676 ad
406 2626 652 2690 Scripturae
696 2623 1004 2687 dogmaticam
1057 2607 1336 2683 interpreta-

311 2713 523 2770 tionem3
569 2704 789 2771 rejiciunt
825 2712 1066 2768 propterea
1109 2704 1336 2764 interpre-

311 2795 537 2841 tationem
564 2791 790 2854 privatam
818 2823 831 2845 ,
863 2802 947 2833 seu
979 2800 1118 2831 sensu
1155 2785 1335 2847 privato

314 2877 511 2935 factam,
547 2889 691 2940 quam
735 2871 898 2918 acriter
945 2873 1137 2914 tuentur
1176 2864 1333 2913 Prote-

314 2969 527 3019 stantes;
575 2963 850 3010 venerantur
896 2953 1035 3000 etiam
1071 2958 1335 2997 sanctorum

314 3044 503 3093 Patrum
515 3034 1160 3102 auctoritatem.Contendunt
1179 3051 1332 3099 porro,

317 3144 364 3175 se
392 3144 487 3174 esse
513 3124 776 3172 Catholicos
808 3139 889 3169 seu
913 3121 1140 3185 pertinere
1163 3117 1223 3164 ad
1246 3116 1337 3164 Ec—

316 3210 502 3259 clesiam
520 3207 793 3255 catholicam
811 3242 825 3264 ,
853 3220 954 3269 quae
975 3204 1106 3268 juxta
1128 3202 1337 3264 ipsorum

317 3293 481 3358 piacita
498 3291 710 3338 coalescit
726 3307 780 3337 ex
794 3289 989 3336 diversis
1004 3286 1136 3333 sectis
1156 3293 1199 3332 et
1209 3300 1337 3331 com-

317 3372 642 3430 munionibus‚
662 3371 921 3419 dummodo
956 3377 1146 3417 servent
1163 3367 1338 3416 hierar-

318 3459 471 3509 chiam
518 3466 561 3506 εἴ
604 3455 908 3519 profiteantur
936 3452 1219 3518 principium
1252 3468 1338 3498 au-

317 3541 540 3591 ctoritatis
554 3540 604 3586 in
619 3537 756 3587 rebus
768 3532 1337 3584 fidei.EcclesiamR0ma-

318 3642 427 3675 nam
464 3622 606 3671 veluti
633 3629 808 3685 partem
839 3627 1100 3683 agnoscunt
1124 3615 1339 3664 Ecclesiae

317 3707 551 3756 catholicae
567 3739 582 3764 ,
611 3703 689 3751 sed
713 3719 805 3749 non
835 3702 885 3749 in
916 3718 1051 3749 sensu
1073 3698 1303 3747 exclusivo
1324 3735 1335 3756 ,

1424 1227 1563 1283 prout
1609 1217 1933 1266 Romanenses
1970 1256 1983 1279 ,
2027 1228 2079 1266 ut
2115 1220 2198 1283 ipsi
2236 1231 2400 1273 vocant
2430 1259 2443 1281 ,

1424 1301 1717 1365 profitentur.
1763 1301 1823 1350 Ut
1852 1312 2005 1350 autem
2045 1304 2110 1350 ita
2154 1320 2177 1350 a
2218 1320 2265 1350 se
2295 1303 2446 1351 confi-

1427 1394 1551 1431 ctam
1591 1383 1866 1432 catholicam
1885 1384 2139 1432 Ecclesiam
2168 1384 2410 1432 adstruant
2429 1423 2443 1445 ,

1423 1466 1676 1514 admittunt
1708 1467 1900 1532 quidem
1916 1476 1961 1515 et
1984 1469 2070 1532 ipsi
2090 1477 2288 1533 quatuor
2312 1477 2445 1516 notas

1422 1544 1774 1597 verae'Ecclesiae
1808 1548 2087 1612 nobiscum3
2116 1560 2323 1598 attamen
2338 1567 2445 1599 ren-

1421 1639 1530 1690 tur,
1573 1647 1705 1694 posse
1752 1633 1947 1679 existere
1994 1635 2226 1680 unitatem
2286 1633 2394 1681 fidei
2425 1670 2443 1695 ‚

1424 1715 1603 1761 etiamsi
1634 1730 1733 1760 non
1763 1730 1925 1760 omnes
1958 1714 2009 1761 in
2039 1713 2202 1762 eadem
2237 1714 2447 1763 doctriua

1422 1795 1686 1860 profitenda
1708 1798 1990 1844 conveniant
2013 1813 2026 1858 ς
2055 1814 2109 1845 ac
2137 1799 2279 1845 etiam
2315 1813 2448 1862 posse

1421 1878 1581 1926 haberi
1597 1881 1825 1926 unitatem
1844 1881 2209 1938 communionis,
2232 1881 2448 1944 quamvis

1423 1971 1609 2008 externa
1643 1978 1737 2008 non
1757 1960 1984 2008 habeatur
2010 1963 2131 2008 inter
2164 1972 2314 2026 partes
2345 1979 2448 2009 om-

1420 2060 1503 2090 nes
1528 2044 1755 2091 societatis
1782 2043 2038 2090 christianae
2057 2045 2441 2105 communicatio,

1421 2141 1524 2190 quae
1571 2128 1623 2172 in
1673 2127 1867 2172 istorum
1928 2135 2172 2191 systemate
2222 2127 2441 2191 quando-

1421 2226 1514 2274 que
1549 2208 1670 2256 salva
1717 2211 1896 2257 unitate
1938 2210 2121 2272 penitus
2158 2210 2444 2273 interrumpi

1421 2300 1607 2355 potest,
1658 2306 1712 2337 ac
1754 2290 1893 2355 longo
1931 2292 2071 2339 etiam
2107 2292 2325 2355 temporis
2366 2291 2446 2338 'in-

1427 2372 1637 2427 tervallo,
1681 2371 1946 2420 Admittunt
1979 2375 2293 2421 auctoiitatem
2322 2371 2446 2422 Con·-

1423 2457 1635 2504 ciliorum
1687 2459 2084 2505 oecumenicorum
2119 2492 2133 2513 ,
2179 2471 2232 2504 ea
2283 2465 2444 2503 tamen

1424 2540 1693 2587 conditione
1715 2577 1728 2598 ,
1761 2548 1811 2586 ut
1841 2538 1943 2586 haec
1986 2537 2046 2585 ab
2093 2539 2311 2584 universa
2353 2536 2443 2585 Ec-

1422 2622 1559 2669 clesia
1577 2621 1801 2668 catholica
1818 2657 1832 2682 ,
1864 2637 1917 2667 ea
1934 2621 2180 2676 nimirum,
2200 2636 2341 2684 quam
2354 2620 2441 2683 ipsi

1422 2704 1510 2750 sihi
1541 2703 1864 2767 percommode
1879 2703 2225 2764 excogitarunt,
2249 2701 2441 2764 probata

1421 2786 1596 2834 fuerint
1623 2822 1635 2844 ,
1667 2802 1760 2851 quo
1787 2785 1843 2832 fit
1873 2795 1925 2832 ut
1949 2785 2076 2832 nulla
2113 2784 2202 2832 alia
2232 2783 2442 2833 Concilia

1423 2885 1504 2932 pro
1550 2869 1847 2916 oecumenicis
1898 2867 2103 2915 habeant
2157 2871 2318 2931 praeter
2363 2883 2441 2915 sex

1422 2953 1590 3015 priora.
1633 2949 1739 2997 Non
1773 2959 2033 3014 agnoscunt
2063 2949 2270 2998 absolute
2299 2948 2441 2998 infal-

1422 3033 1682 3082 libilitatem
1699 3032 1942 3091 Ecclesiae,
1961 3030 2176 3098 quamvis
2187 3030 2442 3095 plurimum

1423 3114 1523 3181 ejus
1553 3118 1811 3164 auctoritati
1846 3115 2086 3174 deferant;
2126 3123 2170 3161 et
2188 3114 2260 3159 'ita
2286 3129 2440 3177 porro.

1423 3197 1558 3263 Quod
1579 3200 1704 3246 enim
1740 3199 1902 3245 attinet
1924 3197 1982 3244 ad
2000 3205 2169 3244 ceteras
2188 3194 2327 3260 hujus
2342 3211 2441 3260 sys-

1424 3284 1605 3329 tematis
1643 3290 1825 3345 partes,
1861 3296 1934 3327 eas
1972 3277 2127 3325 oblata
2168 3278 2443 3341 opportuni-

1425 3374 1515 3412 tate
1544 3364 1828 3412 evolvemuS.
1861 3360 1949 3408 Hic
1981 3363 2089 3408 satis
2119 3362 2205 3407 erit
2230 3358 2443 3407 animad-

1424 3455 1599 3495 vertere
1622 3483 1634 3506 ,
1655 3446 1956 3494 recentiorem
1981 3442 2105 3490 hanc
2130 3441 2442 3491 Oxoniensem

1426 3528 1633 3581 scholam
1669 3528 1762 3582 huc
1796 3527 2056 3591 pervenisse
2077 3563 2089 3585 ,
2121 3534 2172 3572 ut
2202 3523 2443 3576 ecclesiam

1426 3627 1569 3677 quam
1599 3618 1766 3658 vocant
1790 3608 2082 3673 anglicanam
2115 3607 2173 3656 ab
2192 3602 2442 3654 universali

1425 3694 1785 3759 protestantismi
1848 3691 2085 3760 naufragio
2161 3687 2439 3745 incolumem
