2514 4218
2047 235 2158 294 153

498 263 658 301 PAR'r.
707 263 747 298 1.
791 262 913 299 GAP.
961 261 1045 299 111.
1094 263 1162 298 DE
1204 259 1473 298 EGCLESIAE.
1517 258 1695 294 NOTIS.

71 409 475 471 {tridentinum
530 406 594 462 in
637 403 772 462 fidei
814 404 1056 462 decretis
1111 403 1184 461 ab
1234 401 1504 461 omnibus
1560 399 1799 458 omnino
1853 398 2158 458 Catholicis

68 518 137 564 ut
173 499 590 563 oecumenicum
619 508 676 557 et
708 498 1006 556 infallibile
1046 497 1327 570 habetur,
1371 507 1430 554 et
1461 505 1622 577 patet
1662 515 1731 552 ex
1767 492 1900 551 fidei
1939 494 2162 574 profes-

69 601 226 658 sione
241 639 267 674 ἱ
281 600 408 676 quae
424 598 589 670 jussu
610 594 694 652 Pii
714 594 785 651 IV
805 592 877 650 ab
897 589 1166 650 omnibus
1183 590 1406 649 elicitur
1425 592 1488 648 in
1506 589 1770 648 universa
1787 587 2029 646 Ecclesia
2045 589 2160 666 (I).

149 692 292 750 251.
340 691 428 749 Ad
454 690 536 748 3¹¹1
557 735 572 764 ,
612 690 759 769 Ney.
792 691 991 768 Neque
1017 686 1372 743 contrarium
1399 687 1677 746 evincunt
1713 685 2180 766 disceptationesv

68 787 470 865 theologorum
499 831 514 857 ἦ
560 806 692 843 cum
730 803 930 842 omnes
974 781 1038 837 in
1081 778 1444 856 dogmatibus
1487 781 1871 853 conveniant3
1920 791 2162 838 contro-

67 881 267 942 versiae
282 891 587 941 versantur
614 877 915 936 dumtaxat
945 873 1093 933 circa
1123 874 1367 931 modum
1392 895 1458 932 ea
1488 874 1864 948 conciliandi,
1892 896 2019 955 quae
2049 873 2166 933 dif-

67 976 385 1035 ficultatem
420 995 536 1054 prae
556 994 616 1032 se
632 973 858 1043 ferunt,
889 969 990 1049 qui
1020 966 1228 1025 modus
1243 978 1311 1025 ut
1343 967 1663 1062 plurimum
1688 990 1819 1027 cum
1847 969 2164 1050 impervius

69 1072 178 1142 sitq
221 1069 308 1128 nil
350 1069 563 1127 mirum
600 1066 842 1125 siinter
886 1083 948 1121 se
985 1083 1106 1120 non
1154 1064 1507 1122 conveniant
1538 1108 1552 1135 ,
1601 1074 1662 1122 et
1700 1062 1856 1123 salva
1888 1063 2167 1122 charitate

67 1165 515 1244 uniuscujusque
545 1159 748 1221 scholae
777 1157 1029 1238 theologi
1048 1156 1130 1215 illi
1145 1158 1443 1236 systemati
1470 1157 1803 1217 adhaereant
1823 1204 1837 1232 ,
1866 1158 2023 1239 quod
2045 1180 2168 1217 ma·

69 1259 153 1337 gis
187 1257 262 1316 ad
291 1268 552 1338 optatum
571 1255 750 1312 finem
773 1251 1094 1312 conducere
1127 1251 1393 1311 videatur
1412 1296 1428 1321 .,
1463 1253 1648 1333 parati
1678 1273 1907 1333 semper
1929 1253 2000 1311 ad
2023 1252 2168 1312 illud

62 1351 346 1430 judicium
373 1347 871 1434 amplectendum,
897 1346 1052 1428 quod
1075 1345 1224 1404 forte
1247 1344 1445 1404 tulerit
1476 1347 1534 1404 S.
1559 1345 1752 1405 Sedes,
1788 1348 1949 1406 Idem
1977 1348 2068 1407 dic
2094 1347 2168 1407 de

70 1443 496 1505 institutoribus
546 1441 760 1501 ethices
809 1441 1131 1500 christianae
1153 1485 1169 1513 ,
1223 1439 1325 1520 qui
1369 1438 1478 1498 sibi
1525 1462 1740 1499 munus
1789 1454 2167 1524 sumpserunt

71 1562 199 1599 eam
231 1538 303 1598 ad
330 1536 582 1617 singulos
614 1558 774 1596 casus
806 1537 1086 1618 practicos
1123 1534 1445 1616 applicare,
1481 1555 1616 1594 cum
1657 1556 1795 1595 vero
1831 1535 1893 1594 hi
1931 1558 2038 1616 pro
2073 1538 2170 1596 in—

69 1634 326 1694 numeris
354 1653 535 1714 prope
562 1632 843 1710 adjunctis
865 1632 1092 1692 varient
1109 1677 1125 1706 ,
1152 1631 1367 1689 mirum
1401 1651 1523 1690 esse
1555 1652 1678 1690 non
1701 1628 1878 1694 debet
1896 1676 1912 1705 ,
1939 1632 1991 1689 si—
2009 1630 2170 1691 iden-

70 1729 253 1789 tidem
278 1727 351 1786 ab
386 1728 640 1789 invicem
677 1727 995 1787 discedant.
1030 1725 1087 1785 Si
1121 1724 1420 1784 interdum
1447 1726 1508 1783 in
1540 1724 1652 1785 hoc
1684 1725 2009 1807 perdifficili
2044 1749 2171 1786 mu-

67 1844 207 1883 nere
221 1821 491 1882 obeundo
513 1822 688 1904 aliqui
712 1823 856 1904 lapsi
880 1831 1017 1880 sunt
1038 1865 1054 1895 ,
1080 1820 1280 1878 statim
1297 1820 1550 1879 revocati
1570 1820 1808 1879 fuerunt
1829 1842 1899 1880 ex
1928 1842 2168 1880 censura

65 1916 179 1977 lata
208 1939 241 1976 a
263 1919 318 1977 S.
353 1917 498 1978 Sede
526 1919 587 1976 in
615 1937 884 1978 erroneas
913 1927 1016 1975 aut
1041 1914 1211 1974 falsas
1237 1935 1440 1975 eorum
1467 1914 1659 1976 theses
1682 1915 1793 1995 (2).
1850 1971 1852 1973 ,

71 2163 238 2210 duinus
258 2200 271 2223 ,
300 2164 468 2230 aliique
498 2164 811 2213 Conciliorum
832 2163 944 2230 galli
970 2163 1068 2210 col-

71 2243 276 2291 lectores.
315 2242 478 2291 Actum
514 2247 564 2291 in
592 2263 645 2293 eo
681 2247 969 2310 potissimum
990 2253 1073 2291 est

73 2324 132 2373 de
147 2327 441 2389 extirpatione
455 2327 710 2374 schismatis
728 2363 742 2386 ‚
768 2329 952 2385 rescissa
967 2335 1077 2373 sunt

73 2417 175 2455 acta
235 2409 526 2457 conciliabuli
576 2409 761 2468 Pisani,
824 2411 1076 2474 proscripta

47 2489 50 2491 ’
73 2491 351 2551 pragmatica
370 2493 539 2538 sanctio
556 2490 779 2555 gallicana
795 2526 807 2548 ‚
836 2490 1078 2538 definitum

73 2580 140 2618 est
165 2572 368 2619 animam
402 2573 672 2620 rationalem
712 2589 808 2620 esse
845 2573 1081 2619 immorta-

71 2652 165 2700 lem
179 2688 195 2709 ‚
223 2669 310 2701 nec
326 2669 467 2701 unam
486 2655 536 2700 in
554 2652 764 2717 pluribus
782 2652 1078 2712 hominibus,

74 2733 154 2782 sed
195 2735 559 2800 uniuscujusque
582 2736 811 2798 propriam
829 2772 841 2792 ‚
869 2750 997 2782 secus
1026 2750 1080 2781 ac

74 2814 315 2863 docuerint
331 2814 894 2879 Averroes‚Pomponatius
909 2815 1079 2881 aliique

75 2913 154 2962 per
186 2896 233 2944 id
267 2899 482 2961 temporis
519 2897 760 2945 delirantes
796 2897 1077 2962 philosophi.

74 2977 125 3026 Si
167 2989 325 3027 tamen·
367 2978 523 3027 audias
562 2978 849 3044 Leopoldum
886 2978 1076 3040 Ranke‚

72 3055 288 3106 Histoire
316 3057 372 3105 de
388 3056 434 3106 la
450 3062 664 3124 papante
686 3093 699 3118 ,
736 3057 943 3107 doctrina
960 3058 1076 3119 haec,

76 3138 396 3204 communibus
444 3139 668 3205 suffragiis
712 3142 764 3188 in
800 3140 1079 3187 oecumenico

78 3215 279 3268 Concilio
324 3224 568 3286 proscripta
582 3256 611 3283 ,-
643 3232 819 3271 mentes
864 3221 1078 3269 italorum

78 3298 316 3348 invaserat.
474 3299 475 3302 ’

150 3376 220 3442 (1)
255 3377 356 3428 Hoc
373 3382 541 3432 fatetur
559 3384 738 3433 Palmer
755 3421 768 3445 ‚
793 3387 872 3450 qui
888 3385 1079 3449 proinde

81 3460 170 3508 hac
204 3460 262 3508 de
289 3477 420 3514 causa
450 3469 658 3516 animum
681 3468 924 3533 despondit
961 3470 1079 3516 circa

82 3543 301 3589 unionem
314 3553 536 3595 sectarum
543 3565 649 3598 cum
660 3548 861 3598 Ecclesia
875 3567 1078 3599 romana.

151 3621 215 3685 (2)
231 3622 334 3671 Huc
348 3635 550 3689 spectant
560 3633 885 3695 propositiones
900 3651 925 3680 a
940 3632 1076 3698 Rom.

87 3702 384 3753 Pontificibus
427 3707 734 3759 condemnatae
759 3750 771 3774 ,
819 3713 877 3763 de
913 3707 1081 3780 quibus

1160 2162 1244 2210 cfr.
1286 2160 1400 2210 Viva
1438 2198 1451 2221 ,
1509 2160 1722 2209 Trutina
1784 2160 1987 2209 thesium
2036 2160 2171 2210 dam-

1158 2252 1404 2293 natorum.
1454 2243 1638 2293 Exinde
1687 2255 1840 2310 patet,
1873 2248 1921 2293 in
1970 2245 2171 2294 Ecclesia

1159 2343 1351 2376 romana
1377 2344 1554 2392 semper
1580 2335 1746 2392 praesto
1767 2343 1862 2376 esse
1883 2329 2137 2377 remedium
2153 2364 2168 2385 ‚

1161 2425 1269 2455 cum
1311 2408 1465 2473 aliqua
1495 2410 1721 2472 irrepserit
1749 2426 1802 2457 ex
1834 2418 1963 2474 parte
2001 2411 2170 2457 indivi-

1163 2489 1363 2536 duorum
1382 2506 1521 2553 prava
1551 2490 1777 2539 doctrina.
1807 2488 1900 2537 Vix
1933 2491 2056 2538 enim
2085 2489 2173 2538 ali-

1163 2587 1256 2635 qua
1286 2572 1533 2635 propositio
1559 2571 1776 2619 damnata
1805 2571 1920 2630 fuit,
1958 2580 2011 2618 ut
2035 2587 2172 2620 nemo

1164 2650 1479 2713 theologorum
1499 2651 1829 2706 catholicorum
1851 2669 1951 2699 eam
1977 2651 2174 2716 amplius

1163 2729 1438 2779 defenderit.
1463 2730 1700 2779 Proferant
1731 2732 1878 2779 simile
1909 2733 2174 2797 exemplum

1163 2821 1304 2859 costus
1325 2815 1608 2878 quicumque
1631 2811 1692 2860 ab
1718 2813 1918 2861 Ecclesia
1952 2813 2172 2862 catholica

1164 2897 1377 2960 sejuncti.
1408 2894 1543 2943 Nunc
1567 2913 1673 2944 vero
1700 2905 1752 2942 ut
1777 2896 1834 2943 ad
1861 2894 2039 2943 Gableri
2059 2896 2172 2944 alio-

1163 2994 1362 3042 rumque
1390 2980 1487 3042 ejus
1508 2980 1853 3043 symmistarum
1870 3013 1885 3036 ‚
1912 2980 1992 3042 qui
2013 2994 2172 3043 expro-

1162 3056 1304 3106 brant
1332 3057 1578 3108 Catholicis
1603 3059 1776 3107 nullius
1807 3059 1949 3124 frugis
1981 3076 2172 3108 concer-

1162 3143 1357 3190 tationes
1374 3179 1387 3202 ,
1409 3161 1604 3208 quarum
1624 3145 1696 3191 vix
1710 3153 1951 3207 supersunt
1966 3146 2170 3209 vestigia,

1164 3241 1421 3273 sermonem
1454 3237 1774 3274 convertamus
1793 3263 1806 3285 ,
1845 3218 1880 3274 si
1907 3242 2173 3290 urgeremus

1169 3307 1385 3356 adversus
1415 3307 1520 3356 illos
1554 3310 1880 3356 controversias
1902 3325 2063 3357 omnes
2081 3326 2174 3358 eas-

1163 3405 1254 3453 que
1289 3388 1610 3452 gravissimas‚
1655 3390 1869 3451 dissidia,
1918 3391 2173 3439 simultates

1164 3473 1433 3528 acerrimas,
1457 3486 1559 3535 quae
1580 3483 1746 3520 exortae
1776 3482 1887 3520 sunt
1924 3484 1969 3520 et
2001 3473 2173 3536 passim

1164 3552 1317 3601 adhuc
1354 3570 1480 3602 novae
1523 3555 1644 3619 apud
1691 3557 1811 3619 ipsos
1878 3556 2172 3611 exoriuntur,

1165 3651 1363 3701 quaeque
1403 3638 1540 3702 juxta
1588 3648 1782 3703 systema
1830 3636 2175 3685 fundamentale
2229 3691 2233 3696 .

1167 3716 1526 3780 protestantismi
1559 3717 1618 3767 de
1649 3718 1856 3769 libertate
1881 3717 2105 3767 examinis
2132 3726 2177 3766 et
