2514 4218
403 247 561 283 mur.
607 246 645 280 1.
691 242 814 279 cn».
862 242 926 279 11.
973 242 1040 277 ΒΕ
1083 239 1296 279 camsi-1
1340 238 1491 275 ecci.
1541 238 1790 274 consur.
2079 216 2159 273 79

60 389 261 471 apud
245 405 398 493 lpsos
427 382 769 456 CatholicOS‚
802 381 1077 440 miracula
1105 401 1170 440 30
1200 379 1351 438 dona
1372 375 1823 438 extraordinaria
1854 397 2161 482 argumen-

62 496 190 542 tum
225 480 464 540 minime
497 499 622 537 esse
657 477 943 536 interioris
985 474 1340 547 sanctitati3‚
1376 494 1508 531 cum
1541 482 1599 530 et
1624 469 1742 529 ab
1725 470 1916 550 lmpiis
1941 471 2158 551 patrari

59 578 301 660 possint.
338 575 507 652 ErgO.

143 669 276 728 136.
325 669 492 748 Resp.
530 666 616 725 Ad
640 667 755 739 lm,
793 667 949 724 Dzst.
980 662 1037 720 Si
1064 660 1438 742 1111‚qu1haec
1469 660 1794 742 proferunt
1815 659 2160 719 fiimissimis

58 763 418 822 documentis
456 783 576 819 non
625 761 1058 829 inniterentur
1095 776 1253 814 conc.
1273 775 1294 822 ,⁶
1336 756 1381 813 si
1424 755 1630 815 validis
1664 776 1728 813 ac
1770 754 1950 812 firmis
1979 753 2159 814 docu-

46 858 276 916 'mentis
299 857 648 927 innitantur,
673 877 799 934 neq.
827 844 1048 910 Rident
1063 849 1319 930 profecto
1336 849 1616 909 increduli
1638 871 1702 908 30
1722 847 2160 925 haeretici‚dum

59 952 196 1010 talia
223 950 502 1027 audiunt,
529 962 588 1009 et
609 947 899 1010 cachinnis
928 946 1104 1003 etiam
1139 943 1466 1024 excipiunt.)
1505 955 1593 1001 ast
1626 944 1844 1018 rident,
1880 955 1945 1002 ut
1970 944 2160 1003 insani

58 1046 246 1105 ridere
272 1045 460 1105 solent
477 1067 564 1119 ea,
586 1062 712 1125 quae
734 1062 859 1100 non
888 1039 1239 1120 percipiunt.
1263 1036 1433 1096 Aliud
1461 1058 1636 1119 porro
1658 1049 1744 1097 est
1760 1050 2156 1111 contemnere,

57 1151 125 1198 ut
145 1140 359 1221 passim
381 1141 596 1199 faciunt
615 1134 928 1196 adversarii
955 1134 1171 1208 nostri,
1202 1132 1357 1191 aliud
1383 1153 1520 1192 vero
1544 1130 1618 1190 ad
1638 1131 1891 1211 rigidum
1915 1155 2159 1193 examen

58 1255 360 1307 revocare,
406 1253 531 1315 quae
574 1230 982 1312 proferuntur,
1021 1228 1179 1309 quod
1207 1238 1408 1286 tamen
1449 1227 1559 1308 ipsi
1604 1237 1942 1291 constanter
1970 1228 2160 1308 negli-

58 1339 223 1407 gunt.
259 1326 529 1387 Excaecati
554 1336 622 1383 ut
654 1336 790 1383 sunt
811 1369 826 1394 ,
864 1344 930 1382 30
958 1322 1192 1404 propria
1219 1321 1479 1397 scientia,
1507 1341 1682 1402 quam
1713 1320 2044 1395 buccinant,
2075 1324 2163 1380 in-

56 1422 182 1482 flati
198 1468 215 1500 ‚
231 1423 614 1502 dedignantur
635 1420 730 1479 illa
754 1418 1082 1501 expendere
1101 1445 1118 1491 ς
1140 1418 1298 1500 quod
1321 1419 1368 1476 si
1389 1417 1678 1492 facerent,
1703 1416 1898 1475 nullus
1922 1416 2128 1477 dubito
2146 1465 2165 1488 ,

59 1518 201 1598 quin
232 1516 304 1576 ab
338 1514 620 1594 ejusmodi
653 1515 771 1574 risu
794 1536 855 1574 se
884 1515 1211 1595 reciperent
1232 1557 1249 1587 7
1291 1512 1615 1595 praesertim
1657 1512 1737 1586 si,
1773 1523 1840 1570 ut
1865 1511 2067 1588 decet,
2099 1513 2163 1572 in

57 1612 284 1692 negotio
310 1609 453 1668 adeo
487 1610 647 1690 gravi
683 1609 936 1670 veritatis
973 1629 1170 1667 amore
1197 1606 1258 1666 id
1292 1617 1640 1687 praestarent
1670 1628 1736 1665 ac
1758 1607 1971 1666 animo
2004 1608 2161 1667 anti-

57 1707 255 1788 cipatis
277 1705 509 1783 judiciis
547 1726 743 1765 vacuo,

141 1799 274 1858 137.
325 1800 409 1857 Ad
434 1801 552 1873 ’2¹⁰7
596 1801 752 1858 Deflet
785 1800 980 1858 Patres
1007 1799 1297 1857 donorum
1335 1796 1571 1855 illorum
1607 1773 1964 1862 affluentiam
1998 1819 2162 1858 coar-

60 1904 220 1953 ctant
239 1893 314 1953 ad
339 1893 599 1954 Ecclesiae
628 1893 945 1974 primordia
972 1895 1245 1962 relative,
1270 1914 1454 1962 conc.,·
1478 1894 1760 1965 absolute,
1780 1915 1911 1973 neq.
1939 1896 2164 1977 Nempe

57 1993 114 2047 S.
141 1990 485 2067 Augustinus
507 2035 522 2063 ,
563 1991 620 2047 S.
652 1989 957 2067 Gregorius
1002 1989 1079 2046 M-
1123 2008 1187 2046 ac
1220 1990 1416 2047 Patres
1450 1986 1657 2068 reliqui
1692 1987 1883 2069 quoad
1922 1989 2162 2050 univer-

58 2082 340 2142 salitatem
387 2095 448 2142 et
480 2083 922 2142 multitudinem
971 2082 1234 2142 fidelium
1277 2083 1572 2141 affirmant
1614 2102 1860 2141 cessasse
1895 2082 1993 2141 illa
2023 2083 2163 2143 cha-

58 2177 330 2252 rismata,
370 2198 495 2259 quae
540 2177 679 2237 olim
722 2178 1051 2237 communia
1090 2189 1259 2237 erant
1301 2178 1363 2235 in
1407 2176 1654 2236 Ecclesia
1681 2178 1790 2255 (1).
1838 2178 1961 2236 Hoc
2000 2179 2158 2238 enim

130 2416 199 2479 (1)
233 2413 356 2464 Sane
401 2415 453 2465 S.
500 2416 779 2483 Augustinus
799 2455 813 2475 ,
866 2435 971 2484 quae
1017 2421 1069 2466 in

72 2496 251 2563 objecto
293 2499 395 2547 loco
444 2517 495 2548 ex
536 2501 620 2548 lib.
664 2498 736 2549 De
782 2517 894 2548 vera
929 2501 1066 2566 reliq.

61 2581 299 2642 scripserat
329 2615 344 2639 ,
396 2598 562 2644 nempe
615 2598 629 2629 :
678 2582 800 2629 Cum
847 2580 1068 2631 Ecclesia

60 2658 291 2706 catholica
312 2677 403 2724 per
430 2669 574 2707 totum
600 2661 756 2708 orbem
788 2661 965 2727 diffusa
994 2670 1069 2708 at-

61 2756 150 2804 que
177 2741 384 2804 fundata
408 2743 473 2789 sit
490 2779 503 2802 ,
537 2757 621 2789 nec
650 2742 885 2789 miracula
905 2742 990 2789 illa
1006 2744 1067 2790 in

62 2830 221 2868 nostra
248 2831 454 2887 tempora
474 2822 653 2871 durare
668 2826 915 2888 permissa
933 2833 1063 2887 sunt,

61 2919 123 2951 ne
153 2906 347 2952 animus
361 2921 545 2971 semper
567 2906 784 2954 visibilia
813 2916 1060 2971 quaereret‚

68 2993 112 3032 et
146 3002 305 3033 eorum
331 2987 672 3036 consuetudine
689 2989 960 3053 sriqesceret
981 3007 1063 3053 qe-

60 3080 154 3114 nus
190 3066 484 3129 humanum,
516 3085 717 3133 quorum
738 3071 945 3118 novitate
974 3071 1064 3135 fla-

58 3149 214 3210 gravit
235 3185 248 3207 ‚
296 3148 421 3208 haec,
466 3152 661 3215 inquam
703 3153 767 3199 sic
805 3162 1060 3216 temperat,

59 3224 149 3274 lib.
173 3243 191 3274 1
218 3265 232 3287 ‚
257 3228 462 3278 Retract.
497 3248 600 3295 cap.
637 3232 727 3291 13,
770 3249 822 3279 n.
862 3248 888 3297 7
923 3247 937 3281 ε
967 3228 1066 3282 Sed

62 3320 161 3352 non
190 3309 260 3355 sic
291 3310 620 3375 accipiendum
660 3319 727 3359 est
762 3312 888 3376 quod
918 3313 1028 3361 dixi
1046 3348 1061 3374 ,

60 3395 115 3432 ut
136 3402 266 3435 nunc
289 3391 344 3437 in
377 3390 560 3442 Christi
593 3394 786 3442 nomine
812 3394 926 3457 fieri
968 3396 1061 3442 mi·

61 3466 228 3516 racula
253 3470 382 3520 nulla
392 3474 665 3525 credantur.
683 3475 813 3524 Nam
829 3492 911 3541 eqo
925 3479 1028 3542 ipse
1041 3511 1058 3537 ,

59 3550 254 3613 quando
287 3552 431 3599 istum
459 3557 619 3620 ipsum
641 3556 819 3605 librum
845 3560 1025 3624 scripsi
1046 3595 1061 3620 ,

57 3630 124 3678 ad
133 3631 569 3684 Mediolanensium
585 3640 1062 3706 corporaMartyrum

59 3713 117 3759 in
131 3713 294 3762 eadem
319 3717 512 3764 civitate
532 3732 706 3768 cocum
735 3721 1060 3772 illuminatum

1148 2419 1302 2482 fuisse
1311 2421 1416 2481 jam
1435 2435 1662 2467 noveram
1677 2453 1695 2479 ,
1728 2427 1774 2466 et
1788 2419 1888 2468 alia
1904 2422 2160 2483 nonnulla,

1154 2499 1319 2563 qualia
1337 2508 1434 2547 tam
1459 2499 1615 2547 multa
1640 2502 1785 2547 etiam
1812 2503 1921 2549 istis
1941 2506 2164 2568 tempori-

1155 2581 1243 2628 bus
1263 2582 1395 2644 fiunt
1410 2618 1423 2639 ‚
1453 2589 1510 2627 ut
1529 2597 1616 2629 nec
1643 2583 1808 2630 omnia
1843 2599 2117 2646 coqnoscere
2138 2620 2158 2646 ‚

1154 2678 1239 2710 nec
1255 2679 1311 2710 ea
1330 2698 1343 2720 ,
1373 2679 1479 2727 quae
1505 2664 1858 2727 coqnoscimus,
1883 2681 2163 2715 enumerare

1144 2746 1404 2809 possimus.
1420 2744 1496 2794 Sic
1514 2748 1651 2793 etiam
1667 2744 1713 2795 S.
1731 2745 1864 2812 Greg.
1883 2747 1950 2796 M.
1968 2766 2040 2809 ea,
2059 2765 2162 2814 quae

1151 2828 1390 2890 scripserat
1430 2829 1480 2874 in
1509 2826 1662 2878 Hom.
1702 2845 1807 2875 xxix
1838 2829 1903 2874 ‚in
1940 2826 2158 2894 Evanq„

1152 2909 1338 2970 exponit
1370 2907 1456 2955 lib.
1488 2925 1647 2968 xxvu,
1680 2911 1746 2957 In
1775 2907 1884 2957 Job.
1918 2926 2022 2975 cap.
2061 2910 2120 2960 18
2142 2948 2158 2971 ‚

1150 3004 1202 3036 n.
1224 2986 1309 3047 36,
1341 2989 1452 3036 edit.
1475 2989 1626 3038 Maur.
1654 2990 1795 3037 Tunc
1809 2991 1984 3056 quippe
1994 3000 2161 3042 sancta

1150 3066 1374 3117 Ecclesia
1404 3070 1750 3119 miraculorum
1782 3071 2041 3137 adjutoriis
2077 3075 2159 3121 in-

1150 3150 1308 3215 dignit
1326 3188 1339 3210 ‚
1363 3167 1474 3199 cum
1502 3151 1839 3201 contribulatio
1864 3157 2160 3219 persecutio-

1149 3235 1230 3279 nis
1251 3236 1447 3299 pressit.
1464 3234 1595 3283 Nam
1614 3243 1866 3300 postquam
1881 3237 2158 3302 superbiam

1147 3315 1453 3378 infidelitatis
1483 3317 1722 3376 edomuit,
1762 3320 1982 3382 nonjaezm
2004 3321 2157 3368 virtu-

1148 3405 1251 3466 tum
1292 3399 1435 3463 siqua
1449 3434 1465 3459 ,
1508 3398 1591 3445 sed
1630 3397 1730 3447 sola
1755 3401 1933 3448 :merita
1962 3415 2156 3466 operum

1149 3480 1353 3543 requirit
1381 3481 1641 3544 ;.quamvis
1662 3488 1708 3528 et
1728 3479 1818 3529 illa
1832 3497 1924 3547 per
1951 3482 2121 3529 multos
2140 3518 2154 3541 ‚

1149 3576 1260 3608 cum
1313 3563 1642 3627 opportunitas
1681 3563 1835 3627 emiqit
1867 3599 1880 3623 ,
1919 3562 2154 3612 ostendat.

1150 3640 1217 3692 Et
1249 3661 1301 3691 n.
1335 3643 1396 3709 37
1441 3659 1455 3690 ε
1504 3642 1642 3709 Quid
1670 3651 1739 3691 est
1779 3659 1888 3708 erqo
1927 3644 2108 3690 mirum
2134 3678 2151 3701 ‚

1150 3725 1302 3790 inquit
1319 3762 1331 3785 ‚
1366 3725 1411 3772 si
1432 3733 1702 3791 propaqata
1724 3725 1823 3790 fide
1840 3760 1858 3789 ‚
1885 3724 2044 3773 crebro
2058 3727 2152 3774 mi·
