2514 4218
2110 156 2228 215 495

359 189 518 225 PAnr.
571 188 611 223 1.
664 184 813 222 secr.
857 184 919 220 11.
965 160 1085 220 car.
1130 180 1211 218 111.
1258 181 1325 215 nr.
1370 180 1504 216 aar.
1551 180 1617 216 nr
1662 180 1787 217 Jun.
1838 179 1990 217 rmM.

122 336 328 392 rentur
368 327 725 401 ordinariis,
768 337 828 387 et
864 325 1170 408 Episcopos
1204 322 1360 380 ultro
1408 321 1582 380 fassos
1625 322 1836 396 fuisse,
1878 344 1939 382 se
1978 323 2231 405 impares

125 428 372 487 omnino
395 445 516 484 esse
545 421 619 481 ad
650 443 746 482 eos
782 419 1075 481 tollendos
1098 464 1113 493 .,
1139 429 1238 477 aut
1273 416 1347 476 ad
1371 416 1741 498 disciplinam
1783 418 1843 475 in
1890 439 1992 478 suo
2038 419 2231 499 vigore

123 519 548 583 restituendam
579 518 690 596 (l).
721 514 889 590 Quod
915 535 1051 575 vero
1074 513 1149 572 ad
1171 513 1512 572 clericorum
1533 511 1745 571 attinet
1766 512 2189 594 appellationes
2213 558 2231 589 ‚

120 639 251 677 cum
302 620 471 694 juxta
530 611 941 673 Tridentinum
985 608 1294 669 sententiae
1336 607 1739 667 executionem
1778 606 1893 667 illae
1945 629 2066 668 non
2102 630 2234 669 sus·-

117 710 419 794 pendant,
448 709 672 792 quoties
695 707 770 767 de
797 703 1056 765 moribus
1103 702 1292 782 agitur
1325 703 1452 783 (2),
1502 712 1696 783 patet,
1751 724 1823 762 ex
1870 703 1951 762 eis
2003 703 2234 764 nullum

119 805 472 869 facinoribus
495 803 719 863 aditum
742 801 975 883 aperiri.
1017 797 1581 879 Acceditpraeterea,
1613 799 1923 880 Episcopus
1947 799 2009 858 in
2046 799 2234 881 pluri-

125 903 234 962 bus
269 901 526 976 casibus.
552 912 835 981 tanquam
878 895 1170 976 delegatos
1201 894 1543 976 apostolicos
1577 895 2032 955 extraordinaria
2074 908 2237 978 pote-

120 1010 268 1057 state
299 996 569 1079 praeditos
590 1016 736 1067 esse,
759 1015 830 1053 ex
856 989 1115 1070 ejusdem
1133 990 1371 1049 Concilii
1387 990 1711 1050 Tridentini
1726 990 2104 1073 dispositione
2123 992 2234 1073 (3).·,

119 1094 262 1152 item
296 1090 694 1170 metropolitas
730 1090 795 1148 in
824 1108 956 1147 suos
999 1086 1390 1165 suffraganeos
1415 1132 1431 1160 .‚
1469 1108 1700 1163 necnon
1736 1087 2097 1169 patriarchas
2135 1110 2238 1148 seu

120 1189 399 1269 primates
442 1187 504 1244 in
548 1181 944 1266 metropolitas
973 1193 1034 1240 et
1068 1181 1378 1262 Episcopos
1405 1187 1539 1259 jura
1567 1204 1668 1240 sua
1696 1202 1984 1244 exercere.
2014 1185 2237 1243 Partim

120 1283 294 1361 igitur
333 1280 507 1356 falsa,
547 1279 759 1360 partim
790 1287 1127 1356 exaggerata
1150 1287 1289 1334 sunt
1310 1321 1326 1348 ,
1360 1292 1487 1357 quae
1520 1275 1595 1334 ad
1634 1276 1920 1336 invidiam
1967 1278 2235 1338 conflan-

123 1377 259 1436 dam
303 1378 365 1435 in
402 1376 612 1435 Sedem
651 1371 1026 1455 apostolicam
1054 1370 1366 1431 adversarii
1395 1372 1952 1448 comminiscuntur,
1993 1373 2239 1455 perinde

123 1494 187 1531 ac
236 1473 283 1531 si
315 1470 528 1531 subditi
571 1490 774 1528 omnes
814 1466 888 1527 ab
925 1466 1262 1527 immediata
1313 1467 1678 1548 superiorum
1722 1487 1961 1527 suorum
1991 1469 2234 1547 jurisdi-

121 1569 312 1628 ctione
338 1575 691 1626 arcerentur.

202 1663 343 1722 722.
394 1659 482 1719 Ad
520 1659 631 1734 5¹1¹,
679 1662 848 1741 Resp.
891 1659 1106 1718 iterum
1139 1656 1365 1717 nullam
1407 1656 1580 1716 aliam
1622 1656 1882 1737 regulam
1927 1659 2238 1741 pontificiae

121 1756 449 1816 auctoritati
493 1755 711 1836 praefigi
754 1775 917 1836 posse
956 1765 1169 1836 praeter
1206 1775 1339 1814 eam
1359 1798 1376 1827 ,
1406 1774 1583 1835 quam
1616 1755 1670 1813 ei
1701 1754 1952 1835 praefixit
1979 1754 2240 1815 Christus

195 1959 258 2021 (1)
295 1958 394 2007 Cfr.
426 1961 546 2008 inter
568 1969 724 2007 caetera
743 1994 758 2019 ‚
799 1974 904 2023 quae
948 1958 1006 2006 de
1045 1974 1145 2005 mo-

136 2040 295 2088 nachis
315 2056 414 2104 pon
438 2042 662 2104 exemptis
679 2041 750 2087 'sui
767 2041 985 2104 temporis
1002 2041 1143 2105 scrip—

1227 1973 1387 2005 omnes
1412 1959 1518 2005 sine
1544 1959 1849 2006 restrictione
1876 1960 2119 2023 praefectus
2135 1961 2239 2010 sue-

1228 2049 1331 2100 rat,
1371 2039 1499 2088 nulla
1532 2039 1604 2088 lex
1645 2040 1850 2089 humana
1889 2057 1985 2089 esse
2030 2052 2240 2106 poterat,

135 2125 193 2170 sit
222 2121 466 2170 Ratherius
480 2155 496 2181 ‚
523 2125 574 2169 in
596 2139 674 2170 sex
702 2121 831 2168 libris
852 2120 1147 2186 Proeloquio-

133 2222 276 2267 rum,
312 2207 361 2252 in
397 2207 478 2253 cit.
510 2205 626 2254 edit.
666 2205 755 2253 eol.
793 2221 827 2271 9
862 2215 906 2253 et
941 2222 1071 2271 seqq.
1104 2215 1147 2253 et

135 2292 186 2337 in
229 2286 532 2352 Confessione
571 2303 654 2335 seu
685 2285 924 2352 Eoecerpto
957 2305 1016 2335 ex
1041 2287 1148 2334 dia-

133 2370 234 2434 loqo
273 2368 611 2434 confessionali
627 2403 642 2427 ‚
686 2369 804 2417 ibid.
847 2362 945 2417 col.
971 2367 1071 2435 249
1105 2379 1149 2418 et

135 2468 274 2518 seqq.
297 2461 349 2499 ut
362 2451 542 2499 silentio
559 2460 839 2515 pulueream,
865 2466 968 2516 quae
987 2466 1046 2498 ex
1061 2450 1148 2498 his·

138 2535 249 2582 toria
267 2533 571 2581 ecclesiastica
596 2549 660 2592 iv,
681 2551 710 2581 v
728 2570 742 2593 ,
773 2542 857 2582 etc.
885 2533 1146 2582 seculorum

148 2617 250 2664 erui
265 2624 468 2679 possent.

209 2697 284 2760 (2)
317 2695 434 2746 Sess.
464 2714 579 2758 sur,
617 2713 719 2762 cap.
757 2713 773 2743 1
801 2728 816 2755 ‚
850 2693 923 2744 De
954 2697 1148 2760 reform.

139 2790 239 2826 tum
257 2796 368 2826 sess.
403 2795 500 2826 xxn
519 2815 532 2837 ‚
560 2795 662 2843 cap.
701 2794 719 2825 1
745 2815 758 2835 ‚
793 2776 864 2827 De
887 2777 1083 2842 reform.

212 2859 280 2924 (3)
319 2859 412 2909 Vel
443 2862 539 2925 ipse
570 2859 843 2919 BossuetuS‚
872 2863 922 2909 in
941 2878 1151 2910 sermone

141 2941 299 2990 habito
330 2942 389 2989 ad
415 2944 598 2990 comitia
641 2941 749 2990 cleri
790 2941 1014 2990 Gallicani
1066 2942 1151 2991 Pa-

142 3025 258 3071 risiis
293 3020 447 3083 1681,
492 3021 777 3087 distinguens
821 3033 1091 3088 potestatem
1126 3043 1152 3072 a

145 3102 327 3159 Christo
355 3104 486 3154 Petro
511 3106 727 3153 collatam
753 3104 811 3152 ab
852 3103 933 3153 illa
953 3140 969 3167 ,
1011 3123 1152 3171 quam

144 3185 342 3234 contulit
383 3187 608 3252 Apostolis
634 3222 649 3246 ‚
689 3197 839 3252 aperte
878 3186 1118 3251 profitetur
1136 3225 1150 3247 ‚

143 3274 412 3330 potestatem
441 3267 571 3318 Petro
614 3266 830 3317 traditam
878 3269 1018 3316 fuisso
1069 3285 1152 3315 su·-

136 3362 228 3411 per
250 3362 410 3395 omnes
438 3350 542 3396 sine
557 3352 872 3408 restrictione,
912 3366 999 3397 nee
1031 3348 1152 3398 alios

144 3429 370 3476 terminos
393 3427 580 3490 habere,
614 3433 715 3479 nisi
736 3447 851 3496 quos
870 3431 1151 3498 proescribit

146 3526 336 3558 rreum.
357 3508 465 3559 Elle
496 3509 582 3571 n'a
613 3511 670 3560 de
704 3513 872 3562 bor-nes
900 3530 990 3578 que
1016 3512 1152 3561 celles

145 3608 234 3655 que
252 3592 414 3654 donne*
429 3591 476 3639 la
494 3602 647 3644 stans.
669 3592 782 3644 Haec
794 3586 956 3645 autem'
973 3595 1148 3661 regula,

147 3677 221 3723 cui
263 3674 448 3724 suberat
486 3675 610 3724 idem
655 3676 846 3738 Petrus,
886 3680 973 3743 qui
1010 3694 1155 3744 super

1229 2122 1309 2170 sed
1327 2120 1555 2169 naturalis
1576 2138 1630 2190 ac
1656 2121 1813 2170 divina
1827 2159 1841 2183 ‚
1877 2140 2044 2188 nempe
2063 2124 2242 2173 bonum

1230 2204 1457 2253 Ecclesiae.
1483 2204 1604 2252 Hinc
1642 2203 1849 2253 Gelasius
1868 2244 1881 2266 ‚
1911 2205 2078 2272 Epist.
2126 2225 2237 2270 xm,

1229 2286 1295 2334 ad
1327 2285 1590 2335 Dardaniae
1630 2282 1893 2352 Epist-opos
1913 2325 1926 2347 ‚
1965 2289 2076 2337 edit.
2117 2289 2242 2339 Ven.

1231 2368 1406 2427 Coleti‚
1441 2369 1531 2418 col.
1565 2366 1696 2426 326,
1730 2369 1960 2418 scribebat
1997 2387 2012 2418 ε
2054 2369 2243 2420 Unius-

1230 2452 1459 2517 eujusque
1499 2447 1690 2514 Synodi
1728 2451 2035 2500 constitutum
2058 2490 2071 2512 ‚
2119 2455 2246 2518 quod

1232 2531 1516 2580 universalis
1551 2521 1786 2582 Ecclesiae
1823 2532 2048 2598 probavit
2083 2551 2246 2584 assen-

1233 2631 1339 2675 sus,
1364 2631 1464 2662 non
1477 2613 1692 2679 aliquam
1711 2617 1868 2679 maqis
1890 2621 2063 2681 exequi
2077 2615 2248 2666 Sedem

1226 2713 1333 2762 prce
1367 2698 1535 2744 ceteris
1569 2705 1779 2763 oportere
1819 2714 1964 2761 quam
1997 2700 2248 2764 primam,

1231 2797 1337 2845 quae
1372 2787 1419 2827 et
1446 2796 1830 2844 unamquamque
1869 2778 2123 2844 Synodum
2158 2799 2250 2831 sua

1234 2863 1513 2919 auctoritate
1554 2862 1804 2925 confirmat
1823 2897 1839 2922 ,
1881 2872 1926 2909 et
1964 2865 2249 2912 continuata

1234 2945 1556 2992 moderatione
1578 2944 1815 3001 custodit,
1836 2961 1929 3010 pro
1955 2962 2041 2994 suo
2069 2946 2250 2995 scilieet

1227 3026 1544 3091 principatu,
1564 3041 1702 3089 quem
1719 3024 1885 3073 beatus
1904 3026 2082 3076 Petrus
2111 3027 2249 3094 Apo-

1235 3105 1381 3155 stolus
1407 3105 1616 3154 Domini
1631 3122 1739 3155 oooe
1761 3116 2055 3173 perceptum,
2074 3107 2245 3159 Eccle-

1235 3189 1309 3236 sia
1326 3188 1647 3236 nihilominus
1673 3189 2002 3254 subsequente,
2024 3199 2070 3240 et
2095 3192 2248 3239 tenuit

1235 3285 1420 3336 semper
1440 3277 1487 3318 et
1511 3271 1698 3319 retinet.
1725 3271 1794 3318 Ex
1817 3271 1987 3338 quibus
2007 3275 2246 3338 postremis

1237 3352 1388 3400 verbis
1428 3370 1586 3401 sensus
1617 3363 1804 3418 apparet
1847 3357 2052 3420 priorum
2087 3355 2250 3404 verbo-

1233 3450 1335 3481 rum
1358 3450 1372 3482 z
1399 3434 1525 3498 quod
1548 3434 1842 3484 universalis
1872 3434 2100 3484 Eoelesiae
2131 3453 2249 3502 pro-

1235 3515 1365 3563 bavit
1394 3531 1648 3577 assensus,
1679 3517 1848 3584 quibus
1885 3518 2101 3567 nonnulli
2134 3519 2251 3569 male

1237 3598 1516 3646 abutuntur.
