2514 4218
243 270 249 275 -
300 256 459 293 mur.
508 253 547 290 1.
597 252 717 291 car.
767 252 804 290 1.
851 254 921 290 nn
966 253 1182 292 cnms‘rr
1223 254 1376 293 noct.
1426 253 1699 291 ms‘rrrur.
1746 254 1811 291 nr
1854 254 2008 291 ome.
2126 233 2201 292 21

192 396 288 455 36.
335 396 506 474 Resp.
558 393 646 452 Ad
695 393 809 467 1¹¹¹,
859 394 1004 474 Ney.
1049 394 1543 503 quemadmodum
1581 393 1738 454 haud
1779 406 1948 455 nutat
1992 396 2205 456 veritas

111 488 380 548 historica
409 508 667 546 romanae
698 487 1062 569 reipublicae,
1099 491 1362 570 quamvis
1385 494 1506 568 ejus
1527 490 1797 564 exordia,
1822 501 1881 549 et
1904 511 2031 571 quae
2057 511 2206 572 prae·

109 583 299 643 clare
284 605 345 640 1n
380 603 446 640 ea
487 593 644 661 gesta
681 594 860 657 sunt
904 604 982 642 ne
1020 581 1209 641 dicam
1251 596 1379 664 post
1415 606 1625 667 paucos
1667 606 1887 658 annOS,
1929 583 2031 643 sed
2071 595 2208 665 post

107 676 274 759 plura
313 633 519 736 seculao
532 678 756 758 scriptis
783 678 998 736 fuerint
1029 677 1378 755 consignata.

191 771 285 831 37.
330 772 419 830 Ad
446 773 530 829 2¹1¹
551 817 567 846 .,
611 793 712 830 seu
738 771 812 830 ad
850 771 927 829 1¹¹¹
957 768 1126 850 prob.
1164 771 1316 850 Ney.
1359 774 1581 833 Etenim
1603 819 1619 847 ,
1646 773 1868 833 etiamsi
1895 772 2010 831 hoc
2035 794 2207 854 para-

107 866 324 927 doxum
350 887 568 927 novum
601 888 722 924 non
756 865 829 923 sit
848 907 864 938 ,
902 856 968 922 ac
999 864 1281 944 superiori
1307 865 1500 925 seculo
1526 867 1760 928 labente
1792 867 1865 926 ab
1901 866 2203 928 incredulo

108 959 346 1019 homine
374 960 546 1018 fuerit
568 960 864 1027 invectum
884 1001 900 1030 ,
929 957 1028 1036 qui
1051 956 1114 1014 in
1137 956 1365 1015 Christo
1383 962 1620 1039 ejusque
1646 961 1934 1041 Apostolis
1955 970 2208 1042 systema

107 1053 339 1114 coeleste
370 1051 702 1112 adumbrari
730 1050 909 1109 sensit
934 1049 1021 1130 (1)
1043 1096 1058 1124 ,
1098 1050 1240 1110 adeo
1266 1063 1466 1112 tamen
1490 1052 1807 1113 absurdum
1841 1068 1957 1130 est,
1983 1067 2051 1114 ut
2077 1056 2210 1114 nul·

105 1148 216 1207 lius
252 1170 407 1208 sanae
438 1147 645 1212 mentis
678 1144 930 1204 hominis
968 1145 1306 1225 suffragium
1344 1147 1578 1222 tulerit,
1619 1169 1727 1207 nec
1755 1149 1908 1208 ferre
1941 1172 2209 1231 unquam

110 1243 310 1324 possit.
342 1239 717 1302 Existentiam
742 1238 1031 1320 siquidem
1049 1239 1267 1300 realem
1283 1252 1343 1300 et
1354 1241 1690 1301 historicam
1711 1242 1924 1302 Christi
1946 1244 2204 1319 Domini,

113 1359 176 1396 ac
211 1337 454 1397 conditae
486 1333 731 1415 proinde
761 1355 869 1417 per
898 1355 1035 1393 eum
1070 1335 1383 1412 societatis,
1430 1335 1643 1395 scilicet
1677 1337 1932 1396 Ecclesiae
1953 1382 1970 1412 ,
2012 1347 2098 1395 tot
2123 1358 2210 1396 re-

113 1432 377 1511 gionum,
410 1431 595 1488 aetatis
630 1428 783 1487 illius
818 1450 1049 1488 morum
1070 1474 1087 1503 ,
1123 1428 1505 1502 traditionum
1531 1431 1939 1512 antiquarum,
1977 1431 2205 1510 legum,

111 1525 319 1604 linguae
337 1568 354 1599 ,
403 1524 745 1605 opinionum
799 1523 1206 1606 popularium,
1264 1535 1551 1583 sectarum
1569 1570 1584 1596 .,
1630 1526 1926 1604 regiminis
1971 1527 2117 1586 sacri
2153 1536 2213 1585 et

111 1619 290 1678 civilis
309 1662 326 1693 ,
357 1617 623 1677 classium
652 1618 1014 1680 diversarum
1037 1621 1073 1678 J
1077 1618 1374 1678 udaeorum
1389 1631 1530 1677 tunc
1551 1620 1829 1701 temporis
1855 1621 2174 1700 vigentium
2197 1665 2212 1694 ,

109 1713 378 1791 adjuncta
392 1713 694 1794 postulant
712 1757 727 1787 .,
763 1724 830 1771 ut
853 1759 868 1785 ,
901 1712 1000 1771 illa
1026 1712 1252 1771 sublata
1270 1758 1287 1789 ‚
1321 1713 1481 1773 nulla
1501 1713 1748 1795 amplius
1776 1715 2020 1773 istorum
2041 1759 2057 1790 ,
2085 1735 2212 1796 quae

108 1807 184 1866 ad
205 1806 366 1866 illam
395 1809 731 1867 referuntur
764 1818 824 1866 et
850 1829 982 1866 cum
1006 1807 1103 1866 illa
1139 1829 1401 1866 connexa
1432 1820 1571 1866 sunt
1594 1853 1610 1882 ,
1654 1809 1802 1867 ratio
1837 1808 1963 1867 dari
1994 1809 2176 1889 possit
2195 1854 2210 1883 ,

108 1923 300 1985 neque
332 1904 583 1982 confingi
605 1901 881 1983 potuerit.
905 1905 1078 1961 Gesta
1106 1913 1419 1981 praeterea,
1454 1901 1785 1982 praedicatio
1804 1902 2216 1983 Apostolorum

110 2019 174 2057 ac
200 1999 352 2060 vices
378 2010 536 2058 arcto
553 1998 698 2058 adeo
718 2020 873 2058 nexu
889 1988 1292 2056 consociantur
1316 2018 1448 2056 cum
1463 1997 1614 2064 ,reali
1638 1997 1850 2056 Christi
1874 1998 2207 2071 existentia,

106 2105 281 2174 prout
304 2094 366 2152 in
382 2092 694 2172 Evangelio
717 2104 775 2153 et
796 2093 1021 2174 scriptis
1046 2092 1454 2173 Apostolorum
1467 2090 1776 2151 exhibetur
1793 2136 1808 2166 ,
1836 2102 1904 2149 ut
1934 2090 2213 2172 quodam-

107 2187 281 2246 modo
323 2209 454 2247 cum
499 2210 566 2247 ea
609 2188 1062 2248 identificentur.
1104 2188 1247 2245 Tota
1290 2187 1544 2269 denique
1581 2186 1800 2246 Christi
1842 2186 2105 2245 doctrina
2149 2207 2215 2245 ac

103 2279 369 2359 dogmata
400 2283 685 2362 praecipua
715 2304 747 2340 a
775 2281 919 2342 reali
951 2286 1071 2359 ejus
1098 2281 1334 2340 historia
1362 2281 1664 2362 pendent,
1696 2293 1871 2363 atque
1894 2281 2231 2359 necessario·

107 2395 237 2434 eam
269 2386 587 2456 exposcunt
607 2376 693 2454 (2)
715 2376 933 2434 nedum
964 2387 1326 2456 supponunt.
1354 2377 1559 2455 Neque
1593 2375 1825 2434 silentio
1860 2387 2218 2455 praetereun-

106 2467 247 2526 dum
265 2480 374 2542 est,
404 2469 526 2527 fieri
549 2468 891 2528 nullomodo
919 2469 1174 2550 potuisse
1192 2513 1207 2542 .,
1235 2478 1299 2525 ut
1323 2467 1519 2549 plures
1550 2468 1821 2526 homines
1840 2511 1856 2542 ,
1881 2468 2036 2526 illius
2063 2488 2219 2550 prae-

104 2562 302 2622 sertim
339 2562 550 2621 indolis
582 2574 640 2622 et
679 2562 1023 2622 conditionis
1043 2606 1062 2638 ,
1108 2561 1429 2639 cujusmodi
1465 2561 1701 2620 fuerunt
1732 2561 1993 2642 Apostoli
2040 2572 2215 2643 atque

173 2726 236 2790 (Ι)
273 2724 450 2790 Dupuis
465 2761 483 2787 ,
514 2725 720 2790 Oriqine
738 2725 793 2772 de
813 2733 915 2773 tous
932 2723 996 2772 les
1017 2723 1116 2772 cul-

107 2815 201 2866 tes,
251 2823 312 2855 ou
342 2807 564 2871 Rele‘qion
595 2805 872 2854 universelle
895 2843 908 2866 ,
957 2805 1113 2864 Paris,

106 2887 197 2936 l’an
224 2905 277 2936 111
305 2888 361 2936 de
404 2888 450 2935 la
474 2887 751 2955 republique
779 2905 874 2936 une
913 2895 957 2934 et
981 2888 1116 2934 indi-

107 2968 275 3017 visible
290 3007 302 3030 ‚
337 2970 480 3018 tribus
505 2970 816 3018 voluminibus
838 2972 888 3016 in
908 2966 957 3032 4.
980 2968 1117 3017 Haud

111 3052 306 3100 dubium
337 3052 645 3102 nihilominus
677 3062 743 3102 est
761 3089 774 3113 ,
796 3055 956 3116 ingens
971 3053 1116 3099 inter-

111 3136 311 3197 positum
339 3152 433 3184 esse
467 3135 713 3184 discrimen
738 3137 856 3182 inter
877 3151 990 3199 opus
1020 3133 1117 3181 Du-

113 3218 245 3278 puisii
266 3279 267 3282 Ἰ
289 3228 332 3266 et
369 3235 483 3282 opus
523 3218 746 3276 Strausii‚
798 3233 904 3264 cum
939 3215 1013 3263 ille
1044 3215 1117 3264 vel

113 3297 258 3361 ipsam
288 3299 395 3348 Jesu
421 3307 468 3349 et
489 3300 813 3364 Apostolorum
832 3298 1116 3346 existentiam

116 3379 359 3444 inficietur,
383 3385 467 3449 iste
486 3400 590 3432 vero
616 3400 713 3431 eam
729 3381 942 3430 admittat
961 3398 1115 3439 sensu,

117 3477 256 3526 quem
282 3462 442 3524 innui,
467 3482 519 3512 ac
550 3463 686 3528 paulo
721 3473 823 3528 post
859 3463 1002 3519 fusius
1035 3478 1118 3509 ex-

118 3560 307 3607 ponam.
326 3543 526 3612 Uterque
551 3549 785 3611 ingeutem
818 3545 1118 3594 eruditionem

120 3633 318 3673 ostentat
375 3626 432 3674 ad
464 3642 598 3676 suum
651 3627 899 3693 peculiare,
923 3631 1119 3692 systema

121 3705 468 3755 adstruendum.

195 3788 258 3850 (2)
292 3788 428 3836 Porro
474 3790 601 3853 juxta
644 3789 824 3838 Strauss
869 3789 1122 3854 genealogia

1207 2723 1378 2772 Christi
1398 2760 1412 2785 ,
1435 2722 1535 2789 ejus
1547 2723 1834 2772 admirabilis
1847 2727 2084 2790 conceptio
2103 2761 2117 2785 ‚
2138 2742 2218 2774 na-

1205 2808 1356 2854 tivitas
1396 2842 1409 2865 ,
1443 2805 1673 2866 infantia,
1719 2816 1856 2870 prout
1887 2800 2151 2855 referuntur
2191 2822 2219 2853 a

1205 2884 1288 2935 SS.
1332 2886 1552 2935 Matthaeo
1604 2904 1658 2935 ac
1701 2886 1825 2935 Luca
1852 2923 1866 2946 ,
1919 2887 2065 2936 multo
2112 2905 2216 2939 vero

1205 2971 1349 3034 magis
1372 2971 1469 3034 ejus
1489 2986 1516 3017 a
1539 2971 1728 3018 mortuis
1742 2971 2011 3018 resurrectio
2028 3006 2042 3030 ,
2063 2987 2221 3019 ascen-

1205 3068 1282 3099 sus
1302 3053 1353 3099 in
1373 3051 1564 3107 coelum,
1581 3061 1668 3098 etc.
1688 3050 1887 3116 mythica
1903 3061 2011 3099 sunt
2034 3054 2216 3111 omnia,

1207 3148 1308 3198 quae
1336 3150 1433 3182 non
1450 3132 1592 3181 alium
1615 3132 1816 3180 fundum
1848 3132 2119 3181 historicum
2135 3133 2222 3181 ha·

1203 3213 1336 3274 beot,
1363 3231 1503 3280 quam
1530 3229 1621 3278 prae
1641 3230 1688 3261 se
1714 3213 1862 3262 ferant
1887 3214 1952 3261 dii
1986 3224 2066 3262 aut
2089 3216 2222 3262 semi-

1207 3295 1271 3344 dii
1298 3306 1340 3344 et
1364 3295 1523 3344 heroes
1539 3310 1725 3359 paganae
1742 3297 2047 3360 antiquitatiS.
2074 3294 2221 3343 Suum

1206 3391 1402 3444 systema
1439 3382 1557 3428 circa
1585 3377 1939 3444 mythicismum
1966 3379 2223 3442 evangelio·-

1207 3478 1312 3509 rum
1348 3463 1534 3526 exponit
1558 3461 1610 3507 in
1633 3459 1990 3520 introductione,
2016 3458 2069 3525 ὃς
2098 3475 2220 3518 xm,

1209 3562 1307 3602 xiv,
1333 3543 1592 3608 praesertim·
1635 3560 1741 3591 vero
1773 3539 1799 3607 S
1830 3559 1910 3603 xv,
1951 3541 2225 3591 Caracteres

1210 3625 1465 3689 distinctis}
1505 3624 1585 3671 des
1639 3623 1818 3688 mythos
1863 3624 1984 3672 dans
2025 3621 2066 3669 le
2108 3621 2225 3670 reci!

1213 3706 1531 3771 evanqelique.
