2514 4218
314 204 438 263 340

915 221 1112 260 TRACT.
1169 222 1236 259 DE
1280 221 1435 260 Locls
1479 223 1862 264 THEOLOGICIS.

311 366 682 441 Firmilianus
727 366 817 448 (1)
841 411 856 441 ,
880 366 1136 447 Optatus
1167 364 1257 445 (2)
1286 410 1302 439 ,
1349 365 1631 424 Pacianus
1663 367 1786 447 (3),
1825 368 2104 429 Eusebius
2138 369 2461 432 vercellen-

309 466 385 524 sis
421 462 513 543 (4)
536 509 551 536 a
590 463 899 543 Gregorius
942 461 1343 520 Nazianzenus
1372 461 1496 541 (5),
1545 460 1879 522 Ambrosius
1909 465 1996 545 (6)
2026 510 2042 539 ,
2079 467 2251 525 Cone.
2291 467 2462 548 Aqui-

305 560 527 639 leJense
560 558 688 641 (7),
720 558 1111 637 Hieronymus
1144 556 1270 636 (8),
1320 556 1676 637 Augustinus
1716 557 1848 637 (9),
1872 546 1878 553 ⁸
1895 570 2005 620 etc.
2037 563 2147 634 Qui
2192 563 2460 643 quamvis

307 655 526 716 directe
563 675 685 713 non
719 673 953 734 semper
974 651 1295 734 loquantur
1323 651 1397 712 de
1438 654 1611 712 Petro
1631 698 1647 727 ,
1693 651 1796 712 sed
1819 651 1892 712 de
1921 653 2057 714 sede
2097 656 2289 734 Petri,
2322 679 2458 716 cum

304 763 507 812 tamen
530 772 652 808 non
677 747 850 808 aliam
884 747 959 807 ob
990 769 1224 807 causam
1241 793 1256 822 ,
1283 770 1462 829 quam
1488 769 1559 807 ex
1583 746 1840 830 eoquod
1862 749 2172 810 Pontifices
2214 754 2455 811 romani

309 867 662 909 successores
698 855 837 903 sunt
882 845 940 903 S.
982 843 1174 918 Petri,
1216 843 1310 902 cui
1337 843 1663 924 personalis
1703 844 1988 922 ejusmodi
2017 848 2398 926 praerogativa
2426 871 2459 908 a

313 944 546 1004 Christo
602 939 824 1000 tributa
890 939 1066 1000 fuerit
1124 939 1410 1019 primatus
1447 939 1508 998 in
1557 939 1894 1000 universam
1947 939 2292 1017 Ecclesiam,
2322 943 2459 1003 talia

219 1120 222 1122 Ι
274 1037 277 1039 ’
310 1038 793 1124 praedicaverint,
828 1036 1046 1119 liquet,
1083 1033 1487 1095 omnimodam
1513 1035 1636 1095 vim
1658 1033 1994 1113 hujusmodi
2018 1037 2258 1095 Patrum
2295 1039 2462 1097 testi-

311 1139 510 1198 monia
526 1135 767 1209 habere,
791 1154 953 1217 aeque
969 1154 1035 1193 ac
1050 1134 1096 1192 si
1120 1132 1338 1193 directe
1354 1131 1427 1192 dc
1446 1133 1599 1192 Petri
1615 1132 1874 1214 primatu
1902 1132 2286 1215 loquerentur
2306 1133 2458 1217 (10).

395 1234 537 1294 504.
587 1234 803 1307 Quarta
825 1230 1015 1290 classis
1048 1252 1120 1290 ex
1146 1228 1261 1289 illis
1279 1229 1506 1308 exurgit
1536 1227 1803 1287 Patribus
1825 1273 1840 1303 ,
1870 1228 1971 1309 qui
2003 1227 2180 1288 verba
2199 1229 2417 1290 Christi
2438 1276 2456 1304 .,

310 1335 482 1393 Joan.
518 1331 690 1404 XXI,
742 1328 816 1388 de
858 1348 1133 1409 suprema
1180 1326 1240 1383 in
1287 1325 1591 1386 universos
1643 1323 1950 1406 Apostolos
2019 1336 2080 1385 et
2121 1314 2489 1387 universam*

313 1427 629 1488 Ecclesiam
656 1423 1000 1485 auctoritate
1036 1422 1524 1503 interpretantur.
1561 1421 1712 1480 Sane
1735 1419 2138 1503 praelationem
2173 1423 2333 1481 Petri
2358 1445 2462 1481 su-

312 1546 420 1608 per
450 1521 754 1606 Apostolos
790 1519 1046 1602 reliquos
1076 1516 1288 1578 exinde
1311 1515 1593 1597 colligunt
1627 1517 1684 1575 S.
1733 1518 1847 1576 Leo
1873 1517 1949 1576 M.
1985 1517 2116 1598 (ll)
2138 1563 2153 1592 .,
2188 1519 2245 1577 S.
2277 1519 2453 1579 Joan.

313 1759 570 1810 cer-dotalis
582 1767 746 1809 exorta
759 1768 845 1808 est.
864 1758 921 1807 Et
942 1761 992 1807 in
1014 1757 1101 1807 lib.
1124 1755 1194 1808 De
1211 1756 1339 1804 anit.

1495 1752 1561 1819 (3)
1599 1749 1768 1820 Epist.
1796 1770 1869 1811 ιιι,
1895 1753 1960 1803 ad
1972 1751 2366 1820 Symproanso
2384 1770 2463 1801 re-

312 1841 499 1893 Eccles.
517 1845 718 1908 passim,
750 1860 804 1891 ac
824 1844 1070 1908 praesertim
1098 1858 1202 1907 pag.
1229 1837 1339 1909 195,
1421 1837 1604 1902 serente
1629 1835 1886 1900 Matthoeo,
1919 1840 2127 1904 inquit...
2162 1837 2227 1886 ad
2257 1833 2458 1885 Petrum

315 1925 399 1974 ubi
444 1927 614 1991 legitur
653 1943 666 1976 ε
702 1925 809 1993 Qui
851 1925 1126 1974 cathedram
1171 1920 1338 1984 Petri,

313 2025 460 2074 super
482 2026 622 2074 quem
632 2007 847 2073 fundata
875 2016 945 2055 est
970 2006 1197 2055 Ecclesia
1220 2043 1235 2067 ‚
1261 2006 1342 2053 de-

312 2093 432 2139 serit
454 2129 467 2151 ‚
513 2092 571 2138 in
610 2089 834 2139 Ecclesia
886 2107 936 2139 se
967 2106 1064 2138 esse
1105 2089 1344 2156 confidit?

315 2172 555 2240 Equidem
590 2175 715 2234 scio,
743 2174 841 2221 haec
882 2173 1024 2222 veluti
1056 2173 1281 2238 glossema
1318 2191 1342 2221 a

317 2257 560 2305 nonnullis
595 2258 764 2304 criticis
805 2259 985 2322 respui3
1019 2273 1181 2305 verum
1213 2266 1257 2304 et
1282 2257 1344 2303 il-

314 2340 398 2388 lud
429 2342 538 2389 novi
557 2378 570 2400 ,
603 2339 703 2388 haec
728 2341 825 2405 ipsa
857 2339 997 2388 verba
1024 2341 1086 2388 ita
1114 2339 1272 2388 referri
1295 2340 1341 2385 in

316 2422 487 2487 Pelagii
508 2422 634 2483 ιι,-Ε
629 2424 748 2489 pist.
773 2422 839 2470 ad
870 2421 1109 2491 Episcop.
1145 2423 1309 2471 Istrioe
1327 2456 1342 2485 ‚

320 2517 365 2556 et
397 2509 447 2554 in
483 2508 690 2572 antiquis
729 2508 869 2555 etiam
906 2505 1191 2572 quibusdam
1213 2505 1344 2553 codi-

319 2589 453 2638 cibus
505 2590 653 2654 repcri
683 2623 699 2649 ‚
764 2606 818 2637 ac
865 2598 1105 2654 propterea
1154 2589 1345 2637 retineri

316 2672 376 2723 ab
409 2672 663 2722 editoribus
701 2670 911 2720 Manutio
931 2707 945 2730 ‚
985 2671 1190 2719 Pamelio
1213 2706 1228 2730 ‚
1262 2670 1346 2717 Ri-

317 2756 486 2822 galtio,
533 2754 768 2805 Mam-ino.
816 2752 904 2801 Hic
935 2751 1088 2801 autem
1132 2762 1344 2818 praeterea

315 2842 366 2888 in
386 2838 513 2905 praef.
555 2836 581 2904 ἕ
608 2838 637 2887 3
662 2875 676 2899 ,
711 2837 953 2897 observat,
1000 2836 1178 2884 etiamsi
1203 2835 1344 2884 verba

320 2923 418 2971 haec
446 2923 835 2987 dis-‚pungerentur
864 2957 878 2980 ,
910 2918 1031 2967 nihil
1057 2919 1145 2966 hoc
1173 2917 1345 2967 doctri-

318 3020 391 3053 nae
414 3005 597 3055 officere
612 3004 828 3070 Cypriani
848 3038 863 3064 ‚
894 3004 975 3069 qui
1003 3001 1115 3050 alibi
1139 3003 1308 3067 passim
1327 3039 1340 3062 ‚

316 3091 567 3153 praesertim
609 3090 745 3153 epist.
792 3103 877 3145 xc,
906 3085 1058 3134 >hunc
1090 3087 1343 3150 primatum

316 3170 443 3219 Petri
477 3182 521 3219 et
556 3174 877 3220 necessitatem
921 3169 1032 3217 huic
1077 3169 1343 3216 adhaerendi

318 3254 580 3319 primatui,
618 3263 669 3300 ut
707 3255 810 3319 quis
851 3254 903 3300 in
929 3250 1131 3300 Ecclesia
1168 3251 1342 3299 Christi

316 3338 494 3386 censeri
517 3335 710 3397 debeat,
731 3335 954 3385 inculcat.
971 3332 1061 3385 Sed
1078 3352 1187 3384 eum
1206 3334 1345 3383 adisis

318 3419 411 3468 loc.
440 3420 522 3467 cit.

386 3501 452 3566 (Ι)
477 3501 533 3549 In
549 3499 718 3566 Epist.
740 3501 806 3548 ad
832 3500 1071 3567 Cypriam.

375 3584 454 3650 (2)
496 3584 602 3632 Lib.
647 3598 737 3643 vn,
769 3580 835 3630 In
870 3582 1196 3632 Pannonian.
1231 3580 1342 3631 edit.

317 3668 563 3733 Albaspin.
587 3683 690 3732 pag.
728 3682 813 3730 ¹07
833 3702 848 3729 ‚
878 3670 1013 3733 cujus
1050 3674 1233 3715 textum
1265 3665 1341 3712 in-

316 3751 454 3802 ferius
489 3749 721 3798 dabimus,

1428 1919 1615 1969 locutus
1632 1928 1701 1967 est
1713 1917 1956 1967 Dominus
1973 1957 1986 1980 ‚
2017 1927 2072 1967 ut
2098 1921 2338 1967 unitatem
2355 1918 2462 1983 sor·

1427 2010 1586 2050 maret
1608 2018 1666 2049 ea*
1693 2017 1810 2050 ano.

1498 2083 1563 2148 (A)
1603 2084 1661 2131 In
1697 2086 1830 2148 epist.
1857 2082 2030 2132 Liberii
2058 2083 2116 2131 ad
2145 2083 2385 2133 eumdem.

1494 2167 1564 2231 (5)
1605 2167 1661 2214 In
1689 2166 1921 2215 Carmine
1948 2166 2058 2214 vitae
2085 2183 2202 2216 suae.

1501 2249 1567 2314 (6)
1605 2249 1660 2297 In
1691 2249 1864 2299 Psalm.
1898 2265 1972 2311 ιν,
2018 2268 2154 2299 num.
2199 2248 2263 2299 30
2284 2287 2297 2311 ,
2325 2251 2458 2315 cujus

1429 2334 1646 2399 praeclara
1674 2334 1774 2382 haec
1800 2344 1907 2382 sunt
1926 2332 2095 2382 verba:
2119 2331 2235 2400 Ipse
2264 2342 2334 2381 est
2351 2333 2453 2382 Pe-

1429 2427 1532 2466 trus
1554 2454 1568 2481 ,
1596 2419 1682 2466 cai
1710 2417 1841 2466 dimit
1869 2416 2093 2465 Christus
2125 2436 2142 2467 .·
2183 2418 2264 2465 Tu
2294 2435 2342 2466 es
2362 2414 2458 2466 Pe-

1428 2510 1595 2551 tras...
1633 2501 1735 2551 Ubi
1759 2518 1869 2566 erqo
1885 2501 2063 2549 Petrus
2082 2539 2095 2561 ‚
2119 2501 2190 2549 ihi
2217 2499 2453 2549 Ecclesia.

1500 2586 1567 2650 (7)
1595 2586 1683 2634 Cui
1708 2587 1891 2650 praefuit
1917 2585 1969 2633 S.
1999 2583 2275 2635 Ambrosius
2298 2622 2311 2644 ‚
2335 2595 2451 2634 tom.

1431 2670 1493 2729 ιι,
1531 2686 1643 2734 opp.
1666 2666 1714 2715 S.
1744 2668 1912 2717 Ambr.
1938 2668 2070 2716 class.
2100 2684 2158 2725 2,
2197 2669 2334 2731 epist.
2366 2683 2419 2717 2.

1499 2751 1567 2814 (8)
1624 2749 1766 2800 Com.
1816 2752 1984 2799 Jovin.
2031 2748 2118 2798 lib.
2162 2765 2211 2809 1,
2253 2767 2308 2800 n.
2351 2747 2451 2812 26,

1429 2843 1474 2883 et
1493 2831 1659 2900 Epist.
1689 2850 1749 2882 xv
1772 2870 1785 2894 ‚
1828 2833 1894 2880 ad
1925 2835 2138 2881 Damae.
2163 2850 2213 2879 n.
2243 2847 2272 2880 2
2293 2869 2306 2893 ,
2333 2832 2453 2880 edit.

1428 2915 1626 2965 Vallars.

1498 2999 1561 3064 (9)
1598 2999 1653 3047 ln
1685 3000 1820 3064 epist.
1840 3008 2049 3059 xmn‚n.
2071 3013 2136 3064 73
2169 2995 2238 3043 In
2254 2993 2453 3043 Psalmo

1427 3091 1552 3133 com.
1587 3091 1723 3148 part.
1753 3080 1970 3139 Donati,
2003 3090 2117 3128 tom.
2142 3096 2174 3126 x
2193 3116 2207 3139 ,
2233 3095 2340 3144 pag.
2363 3095 2414 3143 7.

1498 3165 1599 3230 (10)
1637 3164 1738 3214 Cfr.
1763 3162 1983 3212 Ballerin.
2013 3179 2092 3227 op.
2125 3164 2203 3209 cit.
2229 3179 2334 3227 cap.
2369 3160 2450 3219 13,

1427 3247 1454 3315 §
1487 3265 1502 3296 1
1542 3259 1588 3296 et
1627 3264 1759 3313 seqq.
1785 3263 1810 3294 a
1843 3262 1949 3310 pag.
1986 3260 2054 3310 99
2085 3244 2144 3292 ad
2178 3258 2277 3293 220
2304 3278 2323 3304 ,
2369 3241 2451 3290 ubi

1428 3331 1716 3396 singulorum
1743 3327 1930 3376 Patrum
1951 3329 2322 3376 testimoniorum
2357 3326 2450 3374 vim

1432 3413 1534 3462 fuse
1569 3410 1801 3477 expendit.
1880 3430 1882 3433 ·

1501 3496 1600 3560 (ll)
1640 3491 1796 3543 Serm.
1832 3510 1915 3555 ιιι,
1968 3493 2026 3541 de
2063 3489 2235 3542 Natali
2258 3490 2449 3556 ipsius,

1427 3596 1532 3643 cap.
1554 3575 1606 3641 4,
1625 3576 1736 3626 edit.
1755 3576 1866 3625 Ball.
1893 3595 1998 3642 pag.
2032 3594 2048 3625 1
2066 3592 2108 3638 ι,
2134 3586 2179 3624 et
2194 3572 2351 3623 Serm.
2373 3588 2450 3632 ιν,

1427 3677 1526 3726 cap.
1564 3676 1626 3719 2,
1667 3676 1771 3725 pag.
1806 3656 1883 3708 16.
