2514 4218
243 128 367 189 460

862 147 1052 190 TRAc’r.
1100 152 1168 188 DE
1212 151 1362 190 Locis
1405 151 1783 192 THEOLOGIGIS.

243 305 403 356 rente
432 294 563 375 (l);
609 305 669 354 et
709 305 871 376 patet
908 316 979 354 ex
1017 295 1141 376 ipsa
1203 293 1436 374 Synodo
1482 293 1588 376 (2).
1633 293 1803 368 Quod
1857 315 1996 356 vero
2039 294 2250 355 attinet
2299 297 2374 357 ad

244 389 569 450 Concilium
624 391 700 461 V,
742 389 1041 468 cujusdam
1078 389 1419 449 oeconomiae
1461 410 1628 448 causa
1664 388 1872 448 maluit
1902 389 2135 471 Vigilius
2179 391 2382 473 potius

251 488 583 548 Constituto
618 508 721 544 suo
766 507 943 567 quam
986 487 1296 567 praesentia
1339 485 1595 544 Concilio
1637 484 1817 545 robur
1851 484 2198 565 adjungere3
2240 508 2373 547 cum

237 593 443 642 tamen
485 603 557 641 ex
600 585 724 658 ejus
761 579 1024 639 absentia
1057 579 1165 638 sibi
1208 581 1489 640 timerent
1527 582 1760 654 PatreS‚
1806 580 1959 639 trina
1995 580 2281 660 legatione
2311 583 2378 642 il*

240 677 367 737 lum
406 678 733 737 invitarunt
753 720 768 750 ‚
820 686 884 733 ut
917 674 993 733 ad
1023 676 1314 756 synodum
1338 675 1676 757 accederet,
1708 676 1878 757 eique
1900 675 2235 758 praesideret
2258 677 2371 760 (3).

325 773 463 833 670.
511 771 599 832 Ad
632 771 739 846 lim.
773 773 946 853 Resp.
995 771 1288 831 conciliari
1310 771 1426 831 duo
1458 771 1555 831 illa
1587 773 1743 831 inter
1776 794 1838 830 se
1873 772 2036 831 facile
2081 794 2252 853 posse
2278 819 2293 848 ,
2326 775 2375 834 si

240 870 512 930 dicantur
548 867 813 950 Episcopi
854 888 976 926 esse
1020 869 1360 946 conjudices
1410 888 1542 926 cum
1578 889 1726 925 rom.
1779 868 2059 927 Pontifice
2084 912 2100 942 a
2153 869 2373 951 quippe

240 966 342 1048 qui
379 965 499 1024 sint
550 962 755 1023 eadem
813 961 1095 1022 divinitus
1132 974 1421 1044 potestate
1456 961 1759 1040 judicandi
1815 961 2043 1043 praediti
2088 963 2150 1022 in
2197 962 2371 1023 rebus

241 1060 397 1120 fidei.
433 1061 636 1141 Neque
662 1058 879 1132 obstat,
905 1079 1027 1116 non
1052 1080 1221 1139 posse
1245 1059 1560 1140 Episcopos
1585 1057 1892 1118 dissentire
1929 1058 2002 1117 ab
2032 1081 2100 1118 eo
2128 1058 2366 1137 judici0‚

238 1156 398 1238 quod
432 1160 558 1233 jam
608 1154 868 1214 emiserit
920 1175 1070 1212 rom.
1115 1154 1381 1239 Pontifex
1411 1199 1427 1227 v
1480 1175 1621 1212 nam
1646 1153 1848 1231 judicii
1884 1155 2132 1215 essentia
2185 1157 2372 1237 posita

234 1252 483 1311 minime
524 1262 613 1311 est
661 1251 725 1309 in
764 1249 1038 1309 facultate
1083 1248 1513 1320 dissentiendi,
1561 1249 1665 1309 sed
1701 1250 1763 1308 in
1814 1251 2102 1310 sententia
2130 1250 2371 1311 ferenda

236 1369 374 1408 cum
436 1347 763 1426 cognitione
842 1366 1042 1405 causae.
1100 1345 1204 1403 Illa
1260 1356 1458 1404 autem
1524 1365 1706 1405 causae
1768 1346 2021 1425 cognitio
2082 1345 2372 1406 sufficiens

236 1444 527 1505 censenda
563 1454 687 1517 est,
733 1462 861 1524 quae
907 1440 1136 1501 elicitur
1162 1452 1295 1523 post
1330 1441 1668 1521 suffragium
1706 1463 1856 1500 rom.
1895 1443 2218 1522 pontificiS‚
2270 1443 2371 1525 qui

234 1543 518 1602 nimirum
550 1541 715 1600 testis
754 1552 843 1600 est
866 1538 1197 1599 traditionis
1226 1537 1489 1599 Ecclesiae
1524 1560 1803 1613 romanae,
1830 1562 1971 1599 cum
1996 1563 2118 1619 qua
2139 1587 2155 1614 .‚
2199 1552 2265 1600 ut
2290 1540 2371 1599 lo-

235 1639 437 1721 quitur
457 1639 517 1697 S.
559 1639 809 1697 Irenaeus
838 1682 854 1710 .,
889 1656 1108 1695 neccsse
1140 1645 1225 1693 cst
1269 1656 1502 1694 omnem
1541 1639 1851 1695 convenire
1885 1636 2219 1695 Ecclesiam
2249 1635 2363 1716 (4).

302 1860 371 1925 (l)
410 1859 551 1909 Hist.
582 1858 697 1909 eccl.
727 1858 811 1908 lib.
842 1876 884 1920 1,
907 1875 1009 1924 cap.
1043 1857 1108 1922 4,
1142 1859 1254 1907 edit.

232 1944 419 1996 Valesii.

305 2027 374 2091 (2)
412 2025 466 2073 In
503 2035 593 2075 act.
637 2039 683 2082 Ι,
720 2023 803 2073 ubi
843 2024 945 2072 haec
977 2023 1207 2072 habentur
1241 2041 1254 2071 ε

231 2106 452 2175 Καμίλλου
490 2104 860 2174 Ἀλεξανδρείας,
906 2101 1139 2160 διέποντος
1179 2103 1257 2156 καὶ

229 2187 302 2240 ‘50¹1
332 2187 466 2240 riom
495 2195 574 2239 τοῧ
605 2185 863 2250 οἷ’γιωτοῖτου
904 2185 981 2238 καὶ
1015 2188 1255 2239 o‘oemroe'rov

228 2269 588 2339 ἆρχιεπισκέπου
633 2280 732 2329 τῆς,
762 2270 964 2336 Ρωμαίων
1011 2269 1256 2327 ἐκκλησίας

235 2353 523 2406 Κελεο-τίνου.
561 2354 776 2421 Cyrillus
791 2354 1141 2416 Alexandrus,
1171 2358 1259 2420 qui

230 2445 279 2486 et
289 2437 536 2487 Coelestini
559 2455 741 2504 quoque
762 2440 1067 2486 sanctissimi
1088 2455 1255 2491 saera-

233 2523 506 2587 tissimique
541 2538 755 2570 romanoe
790 2519 1027 2569 Ecclesioe
1068 2521 1254 2569 archie-

220 2606 414 2671 piscopi
450 2603 605 2653 locum
646 2604 905 2653 obtinebat.
940 2603 1077 2669 Apud
1113 2603 1253 2653 Hard.

227 2686 361 2735 Acta
391 2685 540 2735 Conc.
569 2697 686 2736 tom.
721 2703 736 2733 1
759 2724 771 2745 ‚
806 2686 896 2735 col.
935 2683 1080 2749 1354.

298 2768 365 2833 (3)
405 2768 553 2836 Cujus
596 2772 659 2818 rei
707 2770 829 2818 testis
869 2767 1254 2833 locupletissimus

227 2853 326 2916 ipse
353 2851 555 2916 vigilius
580 2861 648 2900 est
668 2889 680 2912 ,
709 2853 791 2917 qui
810 2851 1093 2916 respondens
1107 2849 1253 2916 Euty-

226 2932 332 2980 chio
350 2943 394 2980 et
411 2933 649 2999 Episcopis
663 2933 749 2982 sub
774 2951 829 2982 eo
850 2935 1128 2995 constitutis,
1148 2936 1212 2981 ait
1238 2951 1252 2981 :

229 3013 461 3080 Poposcit
493 3024 647 3065 vestra
674 3015 962 3080 fraternitas
982 3053 994 3076 ,
1027 3024 1080 3062 ut
1119 3015 1256 3063 nobis

223 3097 598 3163 praesidentibus
650 3098 706 3146 de
757 3098 912 3146 tribus
957 3097 1250 3163 capitalia..

231 3179 629 3245 conferatuanr.
647 3181 772 3246 apud
791 3180 1022 3229 Harduin.
1040 3190 1155 3229 tom.
1176 3198 1253 3241 111,

231 3262 325 3311 col.
371 3258 456 3311 62.
497 3261 597 3310 Csr.
639 3266 776 3311 etiam
820 3263 938 3311 ibid.
981 3262 1072 3312 col.
1111 3260 1181 3326 64
1215 3275 1260 3312 et

233 3363 366 3412 seqq.
398 3362 499 3411 quae
527 3355 650 3409 gesta
678 3347 940 3394 referuntur
960 3348 1010 3394 in
1034 3345 1189 3395 collat.
1211 3362 1257 3394 2.

232 3426 343 3475 Vid.
373 3430 513 3476 etiam
533 3426 828 3487 Muzzzwelli,
854 3447 929 3494 op.
957 3431 1035 3478 cit.
1059 3440 1174 3477 tom.
1194 3447 1254 3488 ιι,

234 3527 336 3574 cap.
354 3527 405 3578 9,
436 3507 462 3575 §
491 3506 542 3571 4.
560 3507 849 3574 Quapropter
872 3511 1000 3559 nulla
1019 3521 1086 3560 est
1112 3513 1253 3574 ratio,

235 3607 378 3658 quare
403 3591 550 3641 Pinel.
572 3595 621 3640 in
647 3609 724 3656 op.
767 3590 925 3640 Ueber
952 3592 1042 3640 den
1059 3593 1261 3641 Primat

233 3675 314 3724 des
328 3676 549 3741 Papum,
572 3695 651 3726 scu
665 3673 736 3725 De
746 3677 969 3742 primatu
980 3674 1256 3742 Pontificis‚

1342 1876 1445 1924 pag.
1494 1873 1615 1924 192,
1661 1856 1867 1916 exultet,
1904 1860 1971 1906 uti
2009 1867 2130 1906 recte
2161 1857 2369 1906 observat

1339 1939 1641 2006 Roskovany‚
1682 1958 1757 2005 op.
1790 1942 1871 1988 cit.
1909 1956 1994 2005 71,
2025 1957 2130 2003 pag.
2173 1938 2284 1988 133.

1408 2023 1473 2085 (lt)
1512 2022 1612 2071 Cfr.
1637 2021 1855 2070 Ballerin.
1887 2020 1964 2068 De
1980 2028 2204 2085 potestat.
2222 2020 2368 2069 eccle-

1339 2105 1479 2153 siast.
1509 2122 1614 2169 cap.
1648 2119 1677 2152 2
1696 2142 1709 2164 ‚
1744 2102 1770 2170 §
1806 2120 1822 2150 1
1849 2141 1862 2163 ‚
1891 2121 2025 2151 num.
2056 2102 2085 2150 3
2106 2140 2119 2164 ,
2157 2105 2238 2170 qui
2264 2104 2370 2170 plu-

1338 2186 1468 2235 ribus
1485 2189 1683 2246 evincit,
1713 2187 1884 2252 judicis
1911 2188 2136 2241 rationem
2150 2189 2199 2234 in
2223 2186 2362 2236 liber-

1319 2277 1430 2317 'tate
1469 2269 1771 2318 dissentiendi
1811 2271 2005 2318 minime
2042 2268 2360 2317 collocandam

1339 2369 1463 2413 esse,
1497 2355 1560 2401 ita
1598 2364 1650 2401 ut
1679 2354 1926 2401 consistere
1959 2369 2054 2400 non
2079 2354 2220 2417 possit
2251 2369 2360 2401 cum

1338 2435 1615 2501 obligatione
1642 2435 1945 2484 assentiendi.
1976 2434 2122 2500 ldque
2163 2435 2363 2483 ostendit

1338 2528 1437 2565 tum
1471 2536 1527 2566 ex
1546 2517 1754 2567 Concilio
1772 2517 2138 2566 Chalcedonensi
2155 2555 2168 2578 ‚
2193 2519 2244 2564 in
2266 2534 2360 2583 quo

1338 2599 1589 2664 Episcopi,
1628 2603 1736 2666 ipsis
1773 2600 2023 2649 fatentibus
2053 2599 2357 2662 adversariis,

1338 2685 1431 2731 veri
1462 2683 1644 2749 judices
1685 2684 1909 2743 fuerunt,
1944 2686 2026 2732 etsi
2059 2700 2156 2733 non
2195 2695 2359 2748 potue-

1337 2768 1431 2813 rint
1463 2765 1628 2814 Leonis
1661 2766 1923 2814 definitioni
1966 2767 2280 2815 contradicere
2311 2769 2360 2815 in

1339 2848 1560 2913 Eutychis
1591 2864 1794 2897 errorem
1839 2859 1975 2897 antea
2006 2849 2170 2912 editae,
2216 2859 2260 2897 et
2300 2847 2360 2895 ab

1340 2929 1575 2996 Episcopis
1609 2941 1710 2979 tum
1738 2930 1938 2980 Orientis
1968 2941 2069 2978 tum
2098 2929 2361 2978 Occidentis

1339 3013 1633 3078 subscriptae,
1680 3023 1723 3061 et
1762 3015 1824 3060 ita
1869 3012 2102 3061 catholicae
2147 3011 2360 3060 Ecclesiae

1338 3114 1435 3145 non
1473 3097 1623 3145 solum
1651 3098 1788 3145 tacito
1810 3133 1823 3157 ,
1850 3097 1930 3145 sed
1970 3099 2107 3144 etiam
2144 3112 2359 3161 expresso

1339 3197 1562 3228 consensu
1595 3179 1876 3245 approbatae.
1911 3178 1965 3227 Id
1996 3181 2152 3244 ipsum
2189 3178 2361 3228 evincit

1340 3280 1393 3310 ex
1443 3262 1534 3310 illis
1572 3264 1712 3309 totius
1761 3259 1898 3308 Orbis
1931 3260 2197 3325 Episcopis,
2244 3263 2358 3328 qui,

1340 3344 1494 3393 Leone
1513 3343 1728 3408 Imperat.
1762 3343 2022 3408 postulante
2044 3382 2055 3403 ‚
2087 3361 2262 3392 novum
2286 3342 2361 3407 ju-

1340 3427 1515 3475 dicium
1535 3426 1767 3491 protulere
1785 3426 1966 3485 litteri5‚
1995 3443 2097 3493 quae
2114 3430 2163 3474 in
2189 3426 2361 3475 Codice

1341 3508 1569 3574 encyclio.
1598 3512 1895 3557 continentur
1918 3546 1931 3569 ,
1974 3511 2031 3558 de
2068 3527 2122 3558 eo
2160 3510 2284 3576 quod
2310 3511 2360 3557 in

1342 3591 1486 3640 Cone.
1499 3590 1863 3640 Chalcedonensi
1880 3592 2026 3642 fuerat
2054 3594 2360 3658 peremptoria

1345 3675 1614 3726 definitione
1640 3676 1865 3726 decisum.
1885 3675 2232 3725 Ostenditidem
2247 3690 2360 3740 prae-
