<?xml version="1.0" encoding="UTF-8"?>
<!DOCTYPE html PUBLIC "-//W3C//DTD XHTML 1.0 Transitional//EN"
    "http://www.w3.org/TR/xhtml1/DTD/xhtml1-transitional.dtd">
<html xmlns="http://www.w3.org/1999/xhtml" xml:lang="en" lang="en">
 <head>
  <title>
</title>
<meta http-equiv="Content-Type" content="text/html;charset=utf-8" />
  <meta name='ocr-system' content='tesseract 3.04.00' />
  <meta name='ocr-capabilities' content='ocr_page ocr_carea ocr_par ocr_line ocrx_word'/>
</head>
<body>
  <div class='ocr_page' id='page_1' title='image "a603693808perruoft_0319.png"; bbox 0 0 2514 4218; ppageno 0'>
   <div class='ocr_carea' id='block_1_1' title="bbox 2082 179 2198 239">
    <p class='ocr_par' dir='ltr' id='par_1_1' title="bbox 2082 179 2198 239">
     <span class='ocr_line' id='line_1_1' title="bbox 2082 179 2198 239; baseline 0.009 -1"><span class='ocrx_word' id='word_1_1' title='bbox 2082 179 2198 239; x_wconf 86' lang='lat'><strong>307</strong></span> 
     </span>
    </p>
   </div>
   <div class='ocr_carea' id='block_1_2' title="bbox 390 200 1881 242">
    <p class='ocr_par' dir='ltr' id='par_1_2' title="bbox 390 200 1881 242">
     <span class='ocr_line' id='line_1_2' title="bbox 390 200 1881 242; baseline -0.001 -2"><span class='ocrx_word' id='word_1_2' title='bbox 390 204 551 242; x_wconf 75' lang='lat' dir='ltr'><strong>PAR’r.</strong></span> <span class='ocrx_word' id='word_1_3' title='bbox 598 204 640 240; x_wconf 80' lang='lat'><strong>¹.</strong></span> <span class='ocrx_word' id='word_1_4' title='bbox 698 202 853 240; x_wconf 77' lang='lat' dir='ltr'><strong>SECT.</strong></span> <span class='ocrx_word' id='word_1_5' title='bbox 914 204 979 239; x_wconf 89' lang='lat'><strong>11.</strong></span> <span class='ocrx_word' id='word_1_6' title='bbox 1026 201 1152 241; x_wconf 73' lang='lat' dir='ltr'><strong>GAP.</strong></span> <span class='ocrx_word' id='word_1_7' title='bbox 1200 204 1242 240; x_wconf 89' lang='lat'><strong>1.</strong></span> <span class='ocrx_word' id='word_1_8' title='bbox 1291 203 1360 239; x_wconf 74' lang='grc' dir='ltr'><strong>ΒΕ</strong></span> <span class='ocrx_word' id='word_1_9' title='bbox 1402 202 1564 239; x_wconf 76' lang='grc' dir='ltr'><strong>ΡΕΤΒῙ</strong></span> <span class='ocrx_word' id='word_1_10' title='bbox 1606 200 1881 239; x_wconf 73' lang='lat' dir='ltr'><strong>PnluA&#39;rU.</strong></span> 
     </span>
    </p>
   </div>
   <div class='ocr_carea' id='block_1_3' title="bbox 73 341 2207 1382">
    <p class='ocr_par' dir='ltr' id='par_1_3' title="bbox 73 341 2207 1382">
     <span class='ocr_line' id='line_1_3' title="bbox 156 341 2196 427; baseline -0.002 -19"><span class='ocrx_word' id='word_1_11' title='bbox 156 349 296 410; x_wconf 79' lang='lat'><strong>457.</strong></span> <span class='ocrx_word' id='word_1_12' title='bbox 339 345 427 407; x_wconf 87' lang='lat' dir='ltr'><strong>Ad</strong></span> <span class='ocrx_word' id='word_1_13' title='bbox 470 343 587 421; x_wconf 80' lang='lat'><strong>3¹¹²,</strong></span> <span class='ocrx_word' id='word_1_14' title='bbox 625 346 785 404; x_wconf 77' lang='lat' dir='ltr'><strong>Dist.</strong></span> <span class='ocrx_word' id='word_1_15' title='bbox 830 345 1125 427; x_wconf 81' lang='lat' dir='ltr'>Scriptura</span> <span class='ocrx_word' id='word_1_16' title='bbox 1157 343 1328 404; x_wconf 91' lang='lat' dir='ltr'><strong>nobis</strong></span> <span class='ocrx_word' id='word_1_17' title='bbox 1369 341 1610 405; x_wconf 79' lang='lat' dir='ltr'><strong>exhibet</strong></span> <span class='ocrx_word' id='word_1_18' title='bbox 1637 343 1943 423; x_wconf 84' lang='lat' dir='ltr'>Apostolos</span> <span class='ocrx_word' id='word_1_19' title='bbox 1990 365 2196 405; x_wconf 89' lang='lat' dir='ltr'><strong>omnes</strong></span> 
     </span>
     <span class='ocr_line' id='line_1_4' title="bbox 74 437 2195 528; baseline -0.003 -24"><span class='ocrx_word' id='word_1_20' title='bbox 74 443 324 528; x_wconf 84' lang='lat' dir='ltr'><strong>aequales</strong></span> <span class='ocrx_word' id='word_1_21' title='bbox 360 442 423 500; x_wconf 91' lang='lat' dir='ltr'><strong>in</strong></span> <span class='ocrx_word' id='word_1_22' title='bbox 458 440 818 521; x_wconf 71' lang='lat' dir='ltr'><strong>apostolatu,</strong></span> <span class='ocrx_word' id='word_1_23' title='bbox 862 461 927 499; x_wconf 88' lang='lat' dir='ltr'><strong>ac</strong></span> <span class='ocrx_word' id='word_1_24' title='bbox 972 440 1038 498; x_wconf 84' lang='lat' dir='ltr'><strong>in</strong></span> <span class='ocrx_word' id='word_1_25' title='bbox 1073 440 1345 498; x_wconf 89' lang='lat' dir='ltr'><strong>omnibus</strong></span> <span class='ocrx_word' id='word_1_26' title='bbox 1386 437 1747 522; x_wconf 86' lang='lat' dir='ltr'><strong>apostolatus</strong></span> <span class='ocrx_word' id='word_1_27' title='bbox 1781 437 2154 498; x_wconf 88' lang='lat' dir='ltr'><strong>facultatibus</strong></span> <span class='ocrx_word' id='word_1_28' title='bbox 2179 485 2195 514; x_wconf 71' lang='grc'><em>,</em></span> 
     </span>
     <span class='ocr_line' id='line_1_5' title="bbox 75 532 2202 623; baseline -0.001 -25"><span class='ocrx_word' id='word_1_29' title='bbox 75 538 323 623; x_wconf 61' lang='grc' dir='ltr'><strong>Ἶυὶΐυίῐ</strong></span> <span class='ocrx_word' id='word_1_30' title='bbox 350 536 620 595; x_wconf 86' lang='lat' dir='ltr'><strong>omnibus</strong></span> <span class='ocrx_word' id='word_1_31' title='bbox 663 535 1023 609; x_wconf 71' lang='lat' dir='ltr'><strong>conimuni5‚</strong></span> <span class='ocrx_word' id='word_1_32' title='bbox 1068 555 1267 603; x_wconf 84' lang='lat' dir='ltr'><strong>conc.,·</strong></span> <span class='ocrx_word' id='word_1_33' title='bbox 1305 536 1368 593; x_wconf 90' lang='lat' dir='ltr'><strong>in</strong></span> <span class='ocrx_word' id='word_1_34' title='bbox 1404 537 1694 617; x_wconf 66' lang='lat' dir='ltr'><strong>primatu,</strong></span> <span class='ocrx_word' id='word_1_35' title='bbox 1731 543 1790 592; x_wconf 90' lang='lat' dir='ltr'><strong>et</strong></span> <span class='ocrx_word' id='word_1_36' title='bbox 1816 532 1878 590; x_wconf 89' lang='lat' dir='ltr'><strong>in</strong></span> <span class='ocrx_word' id='word_1_37' title='bbox 1918 533 2202 595; x_wconf 85' lang='lat' dir='ltr'><strong>facultati-</strong></span> 
     </span>
     <span class='ocr_line' id='line_1_6' title="bbox 73 628 2201 714; baseline -0.001 -22"><span class='ocrx_word' id='word_1_38' title='bbox 73 635 183 693; x_wconf 85' lang='lat' dir='ltr'><strong>bus</strong></span> <span class='ocrx_word' id='word_1_39' title='bbox 209 634 495 714; x_wconf 79' lang='lat' dir='ltr'><strong>primatus</strong></span> <span class='ocrx_word' id='word_1_40' title='bbox 532 631 818 714; x_wconf 73' lang='lat' dir='ltr'><strong>propriiS‚</strong></span> <span class='ocrx_word' id='word_1_41' title='bbox 861 653 989 711; x_wconf 69' lang='lat' dir='ltr'><strong>neq.</strong></span> <span class='ocrx_word' id='word_1_42' title='bbox 1028 629 1137 695; x_wconf 90' lang='lat' dir='ltr'><strong>Hic</strong></span> <span class='ocrx_word' id='word_1_43' title='bbox 1173 630 1338 689; x_wconf 90' lang='lat' dir='ltr'><strong>enim</strong></span> <span class='ocrx_word' id='word_1_44' title='bbox 1367 652 1501 689; x_wconf 92' lang='lat' dir='ltr'><strong>cum</strong></span> <span class='ocrx_word' id='word_1_45' title='bbox 1538 638 1826 710; x_wconf 82' lang='lat' dir='ltr'><strong>potestate</strong></span> <span class='ocrx_word' id='word_1_46' title='bbox 1846 628 2201 706; x_wconf 85' lang='lat' dir='ltr'><strong>jurisdictio·</strong></span> 
     </span>
     <span class='ocr_line' id='line_1_7' title="bbox 79 722 2200 806; baseline -0.001 -19"><span class='ocrx_word' id='word_1_47' title='bbox 79 729 171 787; x_wconf 90' lang='lat' dir='ltr'><strong>nis</strong></span> <span class='ocrx_word' id='word_1_48' title='bbox 201 729 303 786; x_wconf 86' lang='lat' dir='ltr'><strong>uni</strong></span> <span class='ocrx_word' id='word_1_49' title='bbox 329 731 502 787; x_wconf 83' lang='lat' dir='ltr'><strong>Petro</strong></span> <span class='ocrx_word' id='word_1_50' title='bbox 535 726 778 787; x_wconf 88' lang='lat' dir='ltr'><strong>collatus</strong></span> <span class='ocrx_word' id='word_1_51' title='bbox 811 747 843 784; x_wconf 88' lang='lat' dir='ltr'><strong>a</strong></span> <span class='ocrx_word' id='word_1_52' title='bbox 871 724 1098 784; x_wconf 83' lang='lat' dir='ltr'><strong>Christo</strong></span> <span class='ocrx_word' id='word_1_53' title='bbox 1127 735 1246 798; x_wconf 73' lang='lat' dir='ltr'><strong>est3</strong></span> <span class='ocrx_word' id='word_1_54' title='bbox 1290 736 1356 783; x_wconf 89' lang='lat' dir='ltr'><strong>ut</strong></span> <span class='ocrx_word' id='word_1_55' title='bbox 1388 724 1576 805; x_wconf 87' lang='lat' dir='ltr'><strong>liquet</strong></span> <span class='ocrx_word' id='word_1_56' title='bbox 1613 745 1684 783; x_wconf 81' lang='lat' dir='ltr'><strong>ex</strong></span> <span class='ocrx_word' id='word_1_57' title='bbox 1721 722 2162 806; x_wconf 82' lang='lat' dir='ltr'><strong>probationibus</strong></span> <span class='ocrx_word' id='word_1_58' title='bbox 2184 772 2200 801; x_wconf 70' lang='grc'><em>,</em></span> 
     </span>
     <span class='ocr_line' id='line_1_8' title="bbox 78 818 2202 906; baseline -0.001 -24"><span class='ocrx_word' id='word_1_59' title='bbox 78 845 219 906; x_wconf 89' lang='lat' dir='ltr'><strong>quas</strong></span> <span class='ocrx_word' id='word_1_60' title='bbox 261 823 425 882; x_wconf 91' lang='lat' dir='ltr'><strong>nullo</strong></span> <span class='ocrx_word' id='word_1_61' title='bbox 477 821 652 881; x_wconf 89' lang='lat' dir='ltr'><strong>modo</strong></span> <span class='ocrx_word' id='word_1_62' title='bbox 687 822 992 879; x_wconf 86' lang='lat' dir='ltr'><strong>infirmant</strong></span> <span class='ocrx_word' id='word_1_63' title='bbox 1033 818 1254 897; x_wconf 76' lang='lat' dir='ltr'><strong>obJecta</strong></span> <span class='ocrx_word' id='word_1_64' title='bbox 1287 820 1724 901; x_wconf 80' lang='lat' dir='ltr'><strong>&#39;Scripturarum</strong></span> <span class='ocrx_word' id='word_1_65' title='bbox 1767 819 1996 880; x_wconf 88' lang='lat' dir='ltr'><strong>oracula</strong></span> <span class='ocrx_word' id='word_1_66' title='bbox 2019 867 2035 894; x_wconf 77' lang='grc'><em>,</em></span> <span class='ocrx_word' id='word_1_67' title='bbox 2071 843 2202 902; x_wconf 82' lang='lat' dir='ltr'><strong>quae</strong></span> 
     </span>
     <span class='ocr_line' id='line_1_9' title="bbox 79 914 2197 999; baseline 0 -24"><span class='ocrx_word' id='word_1_68' title='bbox 79 918 153 977; x_wconf 91' lang='lat' dir='ltr'><strong>de</strong></span> <span class='ocrx_word' id='word_1_69' title='bbox 198 918 495 976; x_wconf 90' lang='lat' dir='ltr'><strong>communi</strong></span> <span class='ocrx_word' id='word_1_70' title='bbox 540 915 895 999; x_wconf 88' lang='lat' dir='ltr'><strong>apostolatus</strong></span> <span class='ocrx_word' id='word_1_71' title='bbox 944 914 1221 974; x_wconf 81' lang='lat' dir='ltr'><strong>facultate</strong></span> <span class='ocrx_word' id='word_1_72' title='bbox 1271 926 1331 974; x_wconf 90' lang='lat' dir='ltr'><strong>et</strong></span> <span class='ocrx_word' id='word_1_73' title='bbox 1371 926 1663 997; x_wconf 82' lang='lat' dir='ltr'><strong>potestate</strong></span> <span class='ocrx_word' id='word_1_74' title='bbox 1714 915 2040 998; x_wconf 87' lang='lat' dir='ltr'><strong>loquuntur</strong></span> <span class='ocrx_word' id='word_1_75' title='bbox 2084 915 2197 997; x_wconf 89' lang='lat' dir='ltr'><strong>(l).</strong></span> 
     </span>
     <span class='ocr_line' id='line_1_10' title="bbox 83 1010 2204 1095; baseline -0 -23"><span class='ocrx_word' id='word_1_76' title='bbox 83 1016 220 1073; x_wconf 81' lang='lat' dir='ltr'><strong>Haec</strong></span> <span class='ocrx_word' id='word_1_77' title='bbox 257 1034 397 1074; x_wconf 85' lang='lat' dir='ltr'><strong>vero</strong></span> <span class='ocrx_word' id='word_1_78' title='bbox 445 1011 804 1095; x_wconf 88' lang='lat' dir='ltr'><strong>apostolatus</strong></span> <span class='ocrx_word' id='word_1_79' title='bbox 849 1021 1106 1092; x_wconf 83' lang='lat' dir='ltr'><strong>potestas</strong></span> <span class='ocrx_word' id='word_1_80' title='bbox 1145 1032 1434 1091; x_wconf 78' lang='lat' dir='ltr'><strong>suprema</strong></span> <span class='ocrx_word' id='word_1_81' title='bbox 1477 1011 1718 1092; x_wconf 85' lang='lat' dir='ltr'><strong>quidem</strong></span> <span class='ocrx_word' id='word_1_82' title='bbox 1757 1023 1845 1070; x_wconf 86' lang='lat' dir='ltr'><strong>est</strong></span> <span class='ocrx_word' id='word_1_83' title='bbox 1885 1012 1949 1070; x_wconf 90' lang='lat' dir='ltr'><strong>in</strong></span> <span class='ocrx_word' id='word_1_84' title='bbox 1997 1010 2204 1072; x_wconf 88' lang='lat' dir='ltr'><strong>ordine</strong></span> 
     </span>
     <span class='ocr_line' id='line_1_11' title="bbox 81 1103 2200 1189; baseline 0 -23"><span class='ocrx_word' id='word_1_85' title='bbox 81 1129 215 1183; x_wconf 88' lang='lat' dir='ltr'><strong>su0‚</strong></span> <span class='ocrx_word' id='word_1_86' title='bbox 263 1109 510 1167; x_wconf 87' lang='lat' dir='ltr'><strong>minime</strong></span> <span class='ocrx_word' id='word_1_87' title='bbox 544 1128 683 1167; x_wconf 83' lang='lat' dir='ltr'><strong>vero</strong></span> <span class='ocrx_word' id='word_1_88' title='bbox 728 1103 1030 1179; x_wconf 75' lang='lat' dir='ltr'><strong>absolute,</strong></span> <span class='ocrx_word' id='word_1_89' title='bbox 1073 1126 1142 1165; x_wconf 92' lang='lat' dir='ltr'><strong>eo</strong></span> <span class='ocrx_word' id='word_1_90' title='bbox 1191 1106 1318 1187; x_wconf 91' lang='lat' dir='ltr'><strong>ipso</strong></span> <span class='ocrx_word' id='word_1_91' title='bbox 1360 1107 1555 1188; x_wconf 71' lang='lat' dir='ltr'><strong>quod,</strong></span> <span class='ocrx_word' id='word_1_92' title='bbox 1592 1107 1650 1168; x_wconf 91' lang='lat' dir='ltr'><strong>vi</strong></span> <span class='ocrx_word' id='word_1_93' title='bbox 1706 1107 1993 1189; x_wconf 80' lang='lat' dir='ltr'><strong>primatus</strong></span> <span class='ocrx_word' id='word_1_94' title='bbox 2027 1110 2200 1168; x_wconf 88' lang='lat' dir='ltr'><strong>Petro</strong></span> 
     </span>
     <span class='ocr_line' id='line_1_12' title="bbox 84 1198 2207 1286; baseline 0 -24"><span class='ocrx_word' id='word_1_95' title='bbox 84 1203 276 1262; x_wconf 75' lang='lat' dir='ltr'><strong>collat-i</strong></span> <span class='ocrx_word' id='word_1_96' title='bbox 298 1249 315 1276; x_wconf 74' lang='lat'>‚</span> <span class='ocrx_word' id='word_1_97' title='bbox 343 1202 602 1286; x_wconf 86' lang='lat' dir='ltr'><strong>Apostoli</strong></span> <span class='ocrx_word' id='word_1_98' title='bbox 625 1221 826 1260; x_wconf 91' lang='lat' dir='ltr'><strong>omnes</strong></span> <span class='ocrx_word' id='word_1_99' title='bbox 851 1201 903 1260; x_wconf 90' lang='lat' dir='ltr'><strong>ei</strong></span> <span class='ocrx_word' id='word_1_100' title='bbox 928 1198 1172 1278; x_wconf 87' lang='lat' dir='ltr'><strong>subjecti</strong></span> <span class='ocrx_word' id='word_1_101' title='bbox 1201 1201 1421 1261; x_wconf 88' lang='lat' dir='ltr'><strong>fuerint</strong></span> <span class='ocrx_word' id='word_1_102' title='bbox 1443 1223 1508 1261; x_wconf 92' lang='lat' dir='ltr'><strong>ac</strong></span> <span class='ocrx_word' id='word_1_103' title='bbox 1530 1200 1896 1262; x_wconf 87' lang='lat' dir='ltr'><strong>subordinati</strong></span> <span class='ocrx_word' id='word_1_104' title='bbox 1922 1225 1955 1262; x_wconf 90' lang='lat' dir='ltr'><strong>a</strong></span> <span class='ocrx_word' id='word_1_105' title='bbox 1978 1203 2207 1262; x_wconf 88' lang='lat' dir='ltr'><strong>Christo</strong></span> 
     </span>
     <span class='ocr_line' id='line_1_13' title="bbox 85 1294 2206 1382; baseline 0 -26"><span class='ocrx_word' id='word_1_106' title='bbox 85 1299 230 1382; x_wconf 89' lang='lat' dir='ltr'><strong>ips0.</strong></span> <span class='ocrx_word' id='word_1_107' title='bbox 272 1301 343 1358; x_wconf 87' lang='lat' dir='ltr'><strong>Et</strong></span> <span class='ocrx_word' id='word_1_108' title='bbox 379 1298 488 1357; x_wconf 92' lang='lat' dir='ltr'><strong>hoc</strong></span> <span class='ocrx_word' id='word_1_109' title='bbox 535 1317 772 1356; x_wconf 89' lang='lat' dir='ltr'><strong>rursum</strong></span> <span class='ocrx_word' id='word_1_110' title='bbox 822 1294 1084 1375; x_wconf 89' lang='lat' dir='ltr'><strong>ejusdem</strong></span> <span class='ocrx_word' id='word_1_111' title='bbox 1134 1296 1423 1378; x_wconf 85' lang='lat' dir='ltr'><strong>primatus</strong></span> <span class='ocrx_word' id='word_1_112' title='bbox 1475 1296 1799 1358; x_wconf 87' lang='lat' dir='ltr'><strong>acerbiores</strong></span> <span class='ocrx_word' id='word_1_113' title='bbox 1841 1298 2206 1380; x_wconf 87' lang='lat' dir='ltr'><strong>impetitores</strong></span> 
     </span>
    </p>
   </div>
   <div class='ocr_carea' id='block_1_4' title="bbox 86 1393 568 1473">
    <p class='ocr_par' dir='ltr' id='par_1_4' title="bbox 86 1393 568 1473">
     <span class='ocr_line' id='line_1_14' title="bbox 86 1393 568 1473; baseline -0.002 -20"><span class='ocrx_word' id='word_1_114' title='bbox 86 1393 413 1455; x_wconf 85' lang='lat' dir='ltr'><strong>concedunt</strong></span> <span class='ocrx_word' id='word_1_115' title='bbox 455 1393 568 1473; x_wconf 83' lang='lat'><strong>(2).</strong></span> 
     </span>
    </p>
   </div>
   <div class='ocr_carea' id='block_1_5' title="bbox 79 1642 1122 3757">
    <p class='ocr_par' dir='ltr' id='par_1_5' title="bbox 79 1642 1116 3432">
     <span class='ocr_line' id='line_1_15' title="bbox 81 1642 1107 1713; baseline -0.002 -21"><span class='ocrx_word' id='word_1_116' title='bbox 81 1661 176 1712; x_wconf 84' lang='lat' dir='ltr'><strong>pro</strong></span> <span class='ocrx_word' id='word_1_117' title='bbox 197 1661 313 1711; x_wconf 79' lang='lat' dir='ltr'><strong>pace</strong></span> <span class='ocrx_word' id='word_1_118' title='bbox 325 1678 344 1705; x_wconf 85' lang='lat'><em>‚</em></span> <span class='ocrx_word' id='word_1_119' title='bbox 365 1643 424 1692; x_wconf 82' lang='lat' dir='ltr'><strong>ad</strong></span> <span class='ocrx_word' id='word_1_120' title='bbox 446 1654 532 1692; x_wconf 83' lang='lat' dir='ltr'><strong>art.</strong></span> <span class='ocrx_word' id='word_1_121' title='bbox 560 1661 587 1710; x_wconf 89' lang='lat'><strong>7</strong></span> <span class='ocrx_word' id='word_1_122' title='bbox 609 1681 622 1703; x_wconf 87' lang='lat'>‚</span> <span class='ocrx_word' id='word_1_123' title='bbox 649 1643 746 1692; x_wconf 83' lang='lat' dir='ltr'><strong>haec</strong></span> <span class='ocrx_word' id='word_1_124' title='bbox 761 1643 951 1713; x_wconf 75' lang='lat' dir='ltr'><strong>scribit:</strong></span> <span class='ocrx_word' id='word_1_125' title='bbox 974 1642 1107 1691; x_wconf 84' lang='lat' dir='ltr'><strong>Gra-</strong></span> 
     </span>
     <span class='ocr_line' id='line_1_16' title="bbox 90 1717 1109 1794; baseline -0.003 -20"><span class='ocrx_word' id='word_1_126' title='bbox 90 1727 181 1775; x_wconf 86' lang='lat' dir='ltr'><strong>dus</strong></span> <span class='ocrx_word' id='word_1_127' title='bbox 195 1729 564 1794; x_wconf 67' lang='lat' dir='ltr'><strong>praepositorum</strong></span> <span class='ocrx_word' id='word_1_128' title='bbox 589 1727 644 1773; x_wconf 84' lang='lat' dir='ltr'><strong>in</strong></span> <span class='ocrx_word' id='word_1_129' title='bbox 669 1717 889 1775; x_wconf 82' lang='lat' dir='ltr'><strong>Ecclesia</strong></span> <span class='ocrx_word' id='word_1_130' title='bbox 912 1742 1010 1772; x_wconf 86' lang='lat' dir='ltr'><strong>esse</strong></span> <span class='ocrx_word' id='word_1_131' title='bbox 1028 1724 1109 1772; x_wconf 89' lang='lat' dir='ltr'><strong>de-</strong></span> 
     </span>
     <span class='ocr_line' id='line_1_17' title="bbox 90 1807 1111 1876; baseline -0.001 -20"><span class='ocrx_word' id='word_1_132' title='bbox 90 1809 195 1858; x_wconf 80' lang='lat' dir='ltr'><strong>bere</strong></span> <span class='ocrx_word' id='word_1_133' title='bbox 211 1845 226 1871; x_wconf 87' lang='lat'>‚</span> <span class='ocrx_word' id='word_1_134' title='bbox 250 1817 295 1858; x_wconf 86' lang='lat' dir='ltr'><strong>et</strong></span> <span class='ocrx_word' id='word_1_135' title='bbox 318 1827 410 1876; x_wconf 85' lang='lat' dir='ltr'><strong>per</strong></span> <span class='ocrx_word' id='word_1_136' title='bbox 435 1808 543 1857; x_wconf 77' lang='lat' dir='ltr'><strong>illos</strong></span> <span class='ocrx_word' id='word_1_137' title='bbox 562 1807 745 1873; x_wconf 72' lang='lat' dir='ltr'><strong>qradus</strong></span> <span class='ocrx_word' id='word_1_138' title='bbox 773 1808 1111 1873; x_wconf 75' lang='lat' dir='ltr'><strong>compaqinari</strong></span> 
     </span>
     <span class='ocr_line' id='line_1_18' title="bbox 90 1887 1104 1954; baseline -0.002 -15"><span class='ocrx_word' id='word_1_139' title='bbox 90 1889 380 1952; x_wconf 73' lang='lat' dir='ltr'><strong>Ecclesiam,</strong></span> <span class='ocrx_word' id='word_1_140' title='bbox 403 1891 567 1939; x_wconf 80' lang='lat' dir='ltr'><strong>docuit</strong></span> <span class='ocrx_word' id='word_1_141' title='bbox 581 1907 667 1939; x_wconf 86' lang='lat' dir='ltr'><strong>nos</strong></span> <span class='ocrx_word' id='word_1_142' title='bbox 683 1889 874 1938; x_wconf 79' lang='lat' dir='ltr'><strong>Paulus</strong></span> <span class='ocrx_word' id='word_1_143' title='bbox 889 1925 903 1949; x_wconf 93' lang='lat'>‚</span> <span class='ocrx_word' id='word_1_144' title='bbox 923 1887 1104 1954; x_wconf 77' lang='lat' dir='ltr'><strong>Ephes.</strong></span> 
     </span>
     <span class='ocr_line' id='line_1_19' title="bbox 91 1970 1108 2037; baseline -0.002 -19"><span class='ocrx_word' id='word_1_145' title='bbox 91 1988 166 2030; x_wconf 78' lang='lat' dir='ltr'><strong>iv,</strong></span> <span class='ocrx_word' id='word_1_146' title='bbox 205 1988 281 2022; x_wconf 89' lang='lat'><strong>11.</strong></span> <span class='ocrx_word' id='word_1_147' title='bbox 319 1972 453 2021; x_wconf 87' lang='lat' dir='ltr'><strong>Ordo</strong></span> <span class='ocrx_word' id='word_1_148' title='bbox 489 1973 592 2020; x_wconf 84' lang='lat' dir='ltr'><strong>sive</strong></span> <span class='ocrx_word' id='word_1_149' title='bbox 627 1973 684 2019; x_wconf 87' lang='lat' dir='ltr'><strong>in</strong></span> <span class='ocrx_word' id='word_1_150' title='bbox 718 1970 979 2037; x_wconf 80' lang='lat' dir='ltr'><strong>partibus,</strong></span> <span class='ocrx_word' id='word_1_151' title='bbox 1006 1971 1108 2017; x_wconf 80' lang='lat' dir='ltr'><strong>sive</strong></span> 
     </span>
     <span class='ocr_line' id='line_1_20' title="bbox 91 2055 1110 2120; baseline 0.001 -20"><span class='ocrx_word' id='word_1_152' title='bbox 91 2055 148 2100; x_wconf 78' lang='lat' dir='ltr'><strong>in</strong></span> <span class='ocrx_word' id='word_1_153' title='bbox 178 2063 269 2103; x_wconf 79' lang='lat' dir='ltr'><strong>toto</strong></span> <span class='ocrx_word' id='word_1_154' title='bbox 304 2094 318 2118; x_wconf 85' lang='lat'><strong>‚</strong></span> <span class='ocrx_word' id='word_1_155' title='bbox 362 2057 635 2103; x_wconf 83' lang='lat' dir='ltr'><strong>continetur</strong></span> <span class='ocrx_word' id='word_1_156' title='bbox 673 2056 959 2120; x_wconf 80' lang='lat' dir='ltr'><strong>principatu</strong></span> <span class='ocrx_word' id='word_1_157' title='bbox 995 2070 1110 2118; x_wconf 83' lang='lat' dir='ltr'><strong>quo-</strong></span> 
     </span>
     <span class='ocr_line' id='line_1_21' title="bbox 92 2133 1108 2202; baseline -0.001 -20"><span class='ocrx_word' id='word_1_158' title='bbox 92 2134 204 2183; x_wconf 87' lang='lat' dir='ltr'><strong>dam</strong></span> <span class='ocrx_word' id='word_1_159' title='bbox 223 2173 238 2195; x_wconf 84' lang='lat'>‚</span> <span class='ocrx_word' id='word_1_160' title='bbox 267 2138 368 2184; x_wconf 83' lang='lat' dir='ltr'><strong>sive</strong></span> <span class='ocrx_word' id='word_1_161' title='bbox 382 2137 642 2202; x_wconf 84' lang='lat' dir='ltr'><strong>proepositi</strong></span> <span class='ocrx_word' id='word_1_162' title='bbox 686 2136 888 2184; x_wconf 81' lang='lat' dir='ltr'><strong>unitate.</strong></span> <span class='ocrx_word' id='word_1_163' title='bbox 918 2133 992 2182; x_wconf 85' lang='lat' dir='ltr'><strong>Et</strong></span> <span class='ocrx_word' id='word_1_164' title='bbox 1021 2134 1108 2182; x_wconf 77' lang='lat' dir='ltr'><strong>hoc</strong></span> 
     </span>
     <span class='ocr_line' id='line_1_22' title="bbox 92 2216 1106 2282; baseline 0 -16"><span class='ocrx_word' id='word_1_165' title='bbox 92 2227 176 2275; x_wconf 86' lang='lat' dir='ltr'><strong>est,</strong></span> <span class='ocrx_word' id='word_1_166' title='bbox 194 2218 319 2282; x_wconf 79' lang='lat' dir='ltr'><strong>quod</strong></span> <span class='ocrx_word' id='word_1_167' title='bbox 332 2220 389 2266; x_wconf 83' lang='lat' dir='ltr'><strong>in</strong></span> <span class='ocrx_word' id='word_1_168' title='bbox 405 2219 551 2265; x_wconf 85' lang='lat' dir='ltr'><strong>Petro</strong></span> <span class='ocrx_word' id='word_1_169' title='bbox 568 2234 654 2265; x_wconf 85' lang='lat' dir='ltr'><strong>nos</strong></span> <span class='ocrx_word' id='word_1_170' title='bbox 674 2216 898 2265; x_wconf 77' lang='lat' dir='ltr'><strong>Christus</strong></span> <span class='ocrx_word' id='word_1_171' title='bbox 923 2217 1106 2266; x_wconf 82' lang='lat' dir='ltr'><strong>docuit.</strong></span> 
     </span>
     <span class='ocr_line' id='line_1_23' title="bbox 93 2299 1106 2364; baseline -0.003 -16"><span class='ocrx_word' id='word_1_172' title='bbox 93 2299 202 2348; x_wconf 86' lang='lat' dir='ltr'><strong>Hoc</strong></span> <span class='ocrx_word' id='word_1_173' title='bbox 238 2317 269 2348; x_wconf 87' lang='lat' dir='ltr'><strong>a</strong></span> <span class='ocrx_word' id='word_1_174' title='bbox 323 2299 514 2348; x_wconf 77' lang='lat' dir='ltr'><strong>Christo</strong></span> <span class='ocrx_word' id='word_1_175' title='bbox 558 2299 730 2348; x_wconf 76' lang='lat' dir='ltr'><strong>didicit</strong></span> <span class='ocrx_word' id='word_1_176' title='bbox 773 2299 1054 2364; x_wconf 75' lang='lat' dir='ltr'><strong>Cyprianus</strong></span> <span class='ocrx_word' id='word_1_177' title='bbox 1086 2318 1106 2360; x_wconf 79' lang='lat'><strong>,-</strong></span> 
     </span>
     <span class='ocr_line' id='line_1_24' title="bbox 92 2378 1110 2446; baseline -0.004 -16"><span class='ocrx_word' id='word_1_178' title='bbox 92 2382 220 2431; x_wconf 82' lang='lat' dir='ltr'><strong>idem</strong></span> <span class='ocrx_word' id='word_1_179' title='bbox 269 2397 380 2428; x_wconf 81' lang='lat' dir='ltr'><strong>cum</strong></span> <span class='ocrx_word' id='word_1_180' title='bbox 428 2380 677 2446; x_wconf 81' lang='lat' dir='ltr'><strong>Cypria-no</strong></span> <span class='ocrx_word' id='word_1_181' title='bbox 714 2379 836 2427; x_wconf 85' lang='lat' dir='ltr'><strong>dicit</strong></span> <span class='ocrx_word' id='word_1_182' title='bbox 860 2378 1110 2444; x_wconf 81' lang='lat' dir='ltr'><strong>Hierony-</strong></span> 
     </span>
     <span class='ocr_line' id='line_1_25' title="bbox 92 2458 1109 2511; baseline -0.001 -1"><span class='ocrx_word' id='word_1_183' title='bbox 92 2480 199 2510; x_wconf 81' lang='lat' dir='ltr'><strong>mus</strong></span> <span class='ocrx_word' id='word_1_184' title='bbox 226 2463 455 2510; x_wconf 79' lang='lat' dir='ltr'><strong>adversus</strong></span> <span class='ocrx_word' id='word_1_185' title='bbox 491 2459 879 2511; x_wconf 79' lang='lat' dir='ltr'><strong>Jovinianum...</strong></span> <span class='ocrx_word' id='word_1_186' title='bbox 902 2458 1015 2508; x_wconf 86' lang='lat' dir='ltr'><strong>Tale</strong></span> <span class='ocrx_word' id='word_1_187' title='bbox 1029 2477 1109 2509; x_wconf 87' lang='lat' dir='ltr'><strong>ca-</strong></span> 
     </span>
     <span class='ocr_line' id='line_1_26' title="bbox 84 2540 1107 2610; baseline -0.002 -18"><span class='ocrx_word' id='word_1_188' title='bbox 84 2552 177 2610; x_wconf 81' lang='lat' dir='ltr'><strong>put</strong></span> <span class='ocrx_word' id='word_1_189' title='bbox 215 2552 282 2591; x_wconf 89' lang='lat' dir='ltr'><strong>est</strong></span> <span class='ocrx_word' id='word_1_190' title='bbox 317 2546 444 2591; x_wconf 78' lang='lat' dir='ltr'><strong>inter</strong></span> <span class='ocrx_word' id='word_1_191' title='bbox 471 2540 774 2607; x_wconf 66' lang='lat' dir='ltr'><strong>Presbytero-3</strong></span> <span class='ocrx_word' id='word_1_192' title='bbox 804 2542 1107 2608; x_wconf 73' lang='lat' dir='ltr'><strong>Episcopus,</strong></span> 
     </span>
     <span class='ocr_line' id='line_1_27' title="bbox 90 2625 1113 2692; baseline -0.002 -18"><span class='ocrx_word' id='word_1_193' title='bbox 90 2629 217 2675; x_wconf 83' lang='lat' dir='ltr'><strong>inter</strong></span> <span class='ocrx_word' id='word_1_194' title='bbox 243 2625 513 2692; x_wconf 78' lang='lat' dir='ltr'><strong>Episcopos</strong></span> <span class='ocrx_word' id='word_1_195' title='bbox 544 2625 984 2692; x_wconf 75' lang='lat' dir='ltr'><strong>Metropolitanus,</strong></span> <span class='ocrx_word' id='word_1_196' title='bbox 1026 2633 1113 2672; x_wconf 80' lang='lat' dir='ltr'><strong>aut</strong></span> 
     </span>
     <span class='ocr_line' id='line_1_28' title="bbox 89 2708 1113 2773; baseline -0.002 -17"><span class='ocrx_word' id='word_1_197' title='bbox 89 2708 186 2773; x_wconf 73' lang='lat' dir='ltr'><strong>alio</strong></span> <span class='ocrx_word' id='word_1_198' title='bbox 233 2710 345 2773; x_wconf 82' lang='lat' dir='ltr'><strong>quis</strong></span> <span class='ocrx_word' id='word_1_199' title='bbox 388 2708 524 2756; x_wconf 88' lang='lat' dir='ltr'><strong>modo</strong></span> <span class='ocrx_word' id='word_1_200' title='bbox 572 2708 748 2756; x_wconf 82' lang='lat' dir='ltr'><strong>electus</strong></span> <span class='ocrx_word' id='word_1_201' title='bbox 763 2743 778 2767; x_wconf 89' lang='lat'>,</span> <span class='ocrx_word' id='word_1_202' title='bbox 831 2715 886 2755; x_wconf 79' lang='lat' dir='ltr'><strong>ut</strong></span> <span class='ocrx_word' id='word_1_203' title='bbox 929 2709 1113 2755; x_wconf 84' lang='lat' dir='ltr'><strong>caeteris</strong></span> 
     </span>
     <span class='ocr_line' id='line_1_29' title="bbox 79 2788 1114 2857; baseline -0.001 -19"><span class='ocrx_word' id='word_1_204' title='bbox 79 2794 268 2857; x_wconf 81' lang='lat' dir='ltr'><strong>proesit.</strong></span> <span class='ocrx_word' id='word_1_205' title='bbox 293 2791 414 2840; x_wconf 84' lang='lat' dir='ltr'><strong>Tale</strong></span> <span class='ocrx_word' id='word_1_206' title='bbox 428 2791 553 2838; x_wconf 83' lang='lat' dir='ltr'><strong>inter</strong></span> <span class='ocrx_word' id='word_1_207' title='bbox 565 2806 724 2838; x_wconf 84' lang='lat' dir='ltr'><strong>omnes</strong></span> <span class='ocrx_word' id='word_1_208' title='bbox 737 2788 1006 2856; x_wconf 74' lang='lat' dir='ltr'><strong>Episcopus</strong></span> <span class='ocrx_word' id='word_1_209' title='bbox 1021 2791 1114 2838; x_wconf 81' lang='lat' dir='ltr'><strong>Ro-</strong></span> 
     </span>
     <span class='ocr_line' id='line_1_30' title="bbox 89 2871 1112 2939; baseline 0.002 -20"><span class='ocrx_word' id='word_1_210' title='bbox 89 2890 263 2921; x_wconf 81' lang='lat' dir='ltr'><strong>manas</strong></span> <span class='ocrx_word' id='word_1_211' title='bbox 295 2874 390 2923; x_wconf 80' lang='lat' dir='ltr'><strong>vid.</strong></span> <span class='ocrx_word' id='word_1_212' title='bbox 410 2891 521 2939; x_wconf 86' lang='lat' dir='ltr'><strong>opp.</strong></span> <span class='ocrx_word' id='word_1_213' title='bbox 541 2874 656 2921; x_wconf 86' lang='lat' dir='ltr'><strong>edit.</strong></span> <span class='ocrx_word' id='word_1_214' title='bbox 678 2871 930 2922; x_wconf 80' lang='lat' dir='ltr'><strong>Amstelod.</strong></span> <span class='ocrx_word' id='word_1_215' title='bbox 964 2871 1112 2939; x_wconf 81' lang='lat'><strong>1679,</strong></span> 
     </span>
     <span class='ocr_line' id='line_1_31' title="bbox 95 2954 1113 3022; baseline 0.001 -20"><span class='ocrx_word' id='word_1_216' title='bbox 95 2963 210 3004; x_wconf 83' lang='lat' dir='ltr'><strong>tom.</strong></span> <span class='ocrx_word' id='word_1_217' title='bbox 246 2974 333 3016; x_wconf 83' lang='grc' dir='ltr'><strong>ιιι,</strong></span> <span class='ocrx_word' id='word_1_218' title='bbox 367 2975 476 3022; x_wconf 82' lang='lat' dir='ltr'><strong>pag.</strong></span> <span class='ocrx_word' id='word_1_219' title='bbox 510 2954 628 3004; x_wconf 83' lang='lat'><strong>658.</strong></span> <span class='ocrx_word' id='word_1_220' title='bbox 665 2955 802 3003; x_wconf 82' lang='lat' dir='ltr'><strong>Plura</strong></span> <span class='ocrx_word' id='word_1_221' title='bbox 850 2955 937 3002; x_wconf 87' lang='lat' dir='ltr'><strong>alia</strong></span> <span class='ocrx_word' id='word_1_222' title='bbox 981 2955 1113 3003; x_wconf 86' lang='lat' dir='ltr'><strong>hete-</strong></span> 
     </span>
     <span class='ocr_line' id='line_1_32' title="bbox 93 3037 1116 3104; baseline 0.001 -21"><span class='ocrx_word' id='word_1_223' title='bbox 93 3037 438 3087; x_wconf 84' lang='lat' dir='ltr'><strong>rodoxorumin</strong></span> <span class='ocrx_word' id='word_1_224' title='bbox 465 3040 589 3087; x_wconf 83' lang='lat' dir='ltr'><strong>hanc</strong></span> <span class='ocrx_word' id='word_1_225' title='bbox 613 3057 711 3087; x_wconf 86' lang='lat' dir='ltr'><strong>rem</strong></span> <span class='ocrx_word' id='word_1_226' title='bbox 732 3041 990 3086; x_wconf 69' lang='lat' dir='ltr'><strong>testimonia</strong></span> <span class='ocrx_word' id='word_1_227' title='bbox 1010 3055 1116 3104; x_wconf 87' lang='lat' dir='ltr'><strong>pro.</strong></span> 
     </span>
     <span class='ocr_line' id='line_1_33' title="bbox 99 3120 1116 3189; baseline 0.006 -23"><span class='ocrx_word' id='word_1_228' title='bbox 99 3120 186 3168; x_wconf 78' lang='lat' dir='ltr'><strong>fert</strong></span> <span class='ocrx_word' id='word_1_229' title='bbox 211 3121 263 3172; x_wconf 89' lang='lat' dir='ltr'><strong>P.</strong></span> <span class='ocrx_word' id='word_1_230' title='bbox 301 3122 505 3189; x_wconf 84' lang='lat' dir='ltr'><strong>Ignatius</strong></span> <span class='ocrx_word' id='word_1_231' title='bbox 540 3123 702 3171; x_wconf 85' lang='lat' dir='ltr'><strong>Fiume</strong></span> <span class='ocrx_word' id='word_1_232' title='bbox 726 3122 842 3171; x_wconf 82' lang='lat' dir='ltr'><strong>Ord.</strong></span> <span class='ocrx_word' id='word_1_233' title='bbox 875 3122 1023 3171; x_wconf 80' lang='lat' dir='ltr'><strong>Praed.</strong></span> <span class='ocrx_word' id='word_1_234' title='bbox 1065 3125 1116 3172; x_wconf 90' lang='lat' dir='ltr'><strong>in</strong></span> 
     </span>
     <span class='ocr_line' id='line_1_34' title="bbox 98 3201 1115 3267; baseline 0.005 -18"><span class='ocrx_word' id='word_1_235' title='bbox 98 3218 176 3266; x_wconf 88' lang='lat' dir='ltr'><strong>op.</strong></span> <span class='ocrx_word' id='word_1_236' title='bbox 211 3201 379 3253; x_wconf 78' lang='lat' dir='ltr'><strong>Schola</strong></span> <span class='ocrx_word' id='word_1_237' title='bbox 407 3206 629 3253; x_wconf 82' lang='lat' dir='ltr'><strong>veritatis</strong></span> <span class='ocrx_word' id='word_1_238' title='bbox 660 3204 930 3253; x_wconf 66' lang='lat' dir='ltr'><strong>orthodoxa!</strong></span> <span class='ocrx_word' id='word_1_239' title='bbox 951 3242 966 3267; x_wconf 91' lang='lat'>‚</span> <span class='ocrx_word' id='word_1_240' title='bbox 999 3215 1115 3255; x_wconf 86' lang='lat' dir='ltr'><strong>etex</strong></span> 
     </span>
     <span class='ocr_line' id='line_1_35' title="bbox 104 3283 1116 3352; baseline 0.007 -23"><span class='ocrx_word' id='word_1_241' title='bbox 104 3286 205 3346; x_wconf 86' lang='lat' dir='ltr'><strong>ipso</strong></span> <span class='ocrx_word' id='word_1_242' title='bbox 225 3283 395 3334; x_wconf 68' lang='lat' dir='ltr'><strong>Petrus</strong></span> <span class='ocrx_word' id='word_1_243' title='bbox 421 3286 724 3348; x_wconf 83' lang='lat' dir='ltr'><strong>Ballerinius,</strong></span> <span class='ocrx_word' id='word_1_244' title='bbox 750 3304 829 3352; x_wconf 90' lang='lat' dir='ltr'><strong>op.</strong></span> <span class='ocrx_word' id='word_1_245' title='bbox 850 3297 893 3336; x_wconf 86' lang='lat' dir='ltr'><strong>et</strong></span> <span class='ocrx_word' id='word_1_246' title='bbox 919 3287 1010 3336; x_wconf 88' lang='lat' dir='ltr'><strong>loc.</strong></span> <span class='ocrx_word' id='word_1_247' title='bbox 1034 3289 1116 3337; x_wconf 87' lang='lat' dir='ltr'><strong>cit.</strong></span> 
     </span>
     <span class='ocr_line' id='line_1_36' title="bbox 104 3363 740 3432; baseline 0.011 -23"><span class='ocrx_word' id='word_1_248' title='bbox 104 3379 208 3428; x_wconf 82' lang='lat' dir='ltr'><strong>quae</strong></span> <span class='ocrx_word' id='word_1_249' title='bbox 234 3363 329 3413; x_wconf 84' lang='lat' dir='ltr'><strong>illic</strong></span> <span class='ocrx_word' id='word_1_250' title='bbox 355 3367 494 3414; x_wconf 86' lang='lat' dir='ltr'><strong>recoli</strong></span> <span class='ocrx_word' id='word_1_251' title='bbox 532 3377 740 3432; x_wconf 85' lang='lat' dir='ltr'><strong>possunt.</strong></span> 
     </span>
    </p>

    <p class='ocr_par' dir='ltr' id='par_1_6' title="bbox 106 3443 1122 3757">
     <span class='ocr_line' id='line_1_37' title="bbox 174 3443 1115 3511; baseline 0.007 -20"><span class='ocrx_word' id='word_1_252' title='bbox 174 3444 243 3508; x_wconf 84' lang='lat' dir='ltr'><strong>(l)</strong></span> <span class='ocrx_word' id='word_1_253' title='bbox 270 3443 370 3494; x_wconf 88' lang='lat' dir='ltr'><strong>Hoc</strong></span> <span class='ocrx_word' id='word_1_254' title='bbox 395 3448 548 3511; x_wconf 85' lang='lat' dir='ltr'><strong>ipsum</strong></span> <span class='ocrx_word' id='word_1_255' title='bbox 573 3447 744 3498; x_wconf 83' lang='lat' dir='ltr'><strong>fatetur</strong></span> <span class='ocrx_word' id='word_1_256' title='bbox 766 3458 926 3498; x_wconf 85' lang='lat' dir='ltr'><strong>auctor</strong></span> <span class='ocrx_word' id='word_1_257' title='bbox 951 3448 1115 3498; x_wconf 82' lang='lat' dir='ltr'><strong>adver-</strong></span> 
     </span>
     <span class='ocr_line' id='line_1_38' title="bbox 106 3527 1119 3596; baseline 0.008 -24"><span class='ocrx_word' id='word_1_258' title='bbox 106 3527 223 3573; x_wconf 84' lang='lat' dir='ltr'><strong>sario</strong></span> <span class='ocrx_word' id='word_1_259' title='bbox 265 3536 420 3575; x_wconf 83' lang='lat' dir='ltr'><strong>nostro</strong></span> <span class='ocrx_word' id='word_1_260' title='bbox 458 3531 666 3593; x_wconf 81' lang='lat' dir='ltr'><strong>apprime</strong></span> <span class='ocrx_word' id='word_1_261' title='bbox 726 3547 858 3579; x_wconf 81' lang='lat' dir='ltr'><strong>carus</strong></span> <span class='ocrx_word' id='word_1_262' title='bbox 883 3566 898 3591; x_wconf 92' lang='lat'>,</span> <span class='ocrx_word' id='word_1_263' title='bbox 924 3545 1119 3596; x_wconf 71' lang='lat' dir='ltr'><strong>‘nempe</strong></span> 
     </span>
     <span class='ocr_line' id='line_1_39' title="bbox 107 3606 1119 3674; baseline 0.005 -20"><span class='ocrx_word' id='word_1_264' title='bbox 107 3606 369 3672; x_wconf 86' lang='lat' dir='ltr'><strong>Dupinius‚</strong></span> <span class='ocrx_word' id='word_1_265' title='bbox 401 3610 548 3674; x_wconf 86' lang='lat' dir='ltr'><strong>quiin</strong></span> <span class='ocrx_word' id='word_1_266' title='bbox 573 3608 645 3658; x_wconf 77' lang='lat' dir='ltr'><strong>his</strong></span> <span class='ocrx_word' id='word_1_267' title='bbox 665 3611 890 3661; x_wconf 79' lang='lat' dir='ltr'><strong>dissertat.</strong></span> <span class='ocrx_word' id='word_1_268' title='bbox 921 3611 1002 3660; x_wconf 79' lang='lat' dir='ltr'><strong>De</strong></span> <span class='ocrx_word' id='word_1_269' title='bbox 1029 3629 1119 3661; x_wconf 86' lang='lat' dir='ltr'><strong>an-</strong></span> 
     </span>
     <span class='ocr_line' id='line_1_40' title="bbox 106 3688 1122 3757; baseline 0.009 -22"><span class='ocrx_word' id='word_1_270' title='bbox 106 3690 243 3754; x_wconf 81' lang='lat' dir='ltr'><strong>tiqua</strong></span> <span class='ocrx_word' id='word_1_271' title='bbox 261 3688 310 3738; x_wconf 86' lang='lat' dir='ltr'><em>E</em></span> <span class='ocrx_word' id='word_1_272' title='bbox 310 3688 490 3738; x_wconf 81' lang='lat' dir='ltr'><strong>cclesioe</strong></span> <span class='ocrx_word' id='word_1_273' title='bbox 510 3689 791 3757; x_wconf 68' lang='lat' dir='ltr'><strong>disciplina,</strong></span> <span class='ocrx_word' id='word_1_274' title='bbox 809 3693 959 3745; x_wconf 84' lang='lat' dir='ltr'><strong>docet.</strong></span> <span class='ocrx_word' id='word_1_275' title='bbox 973 3693 1019 3744; x_wconf 88' lang='lat' dir='ltr'><strong>S.</strong></span> <span class='ocrx_word' id='word_1_276' title='bbox 1037 3693 1122 3744; x_wconf 79' lang='lat' dir='ltr'><strong>Pe-</strong></span> 
     </span>
    </p>
   </div>
   <div class='ocr_carea' id='block_1_6' title="bbox 1185 1640 2236 3765">
    <p class='ocr_par' dir='ltr' id='par_1_7' title="bbox 1185 1640 2236 3517">
     <span class='ocr_line' id='line_1_41' title="bbox 1190 1640 2211 1708; baseline 0.003 -18"><span class='ocrx_word' id='word_1_277' title='bbox 1190 1653 1258 1691; x_wconf 84' lang='lat' dir='ltr'><strong>tro</strong></span> <span class='ocrx_word' id='word_1_278' title='bbox 1300 1640 1542 1707; x_wconf 82' lang='lat' dir='ltr'><strong>Apostolos</strong></span> <span class='ocrx_word' id='word_1_279' title='bbox 1572 1650 1801 1708; x_wconf 73' lang='lat' dir='ltr'><strong>potestate</strong></span> <span class='ocrx_word' id='word_1_280' title='bbox 1840 1651 1886 1690; x_wconf 88' lang='lat' dir='ltr'><strong>et</strong></span> <span class='ocrx_word' id='word_1_281' title='bbox 1931 1645 2211 1693; x_wconf 79' lang='lat' dir='ltr'><strong>auctoritate</strong></span> 
     </span>
     <span class='ocr_line' id='line_1_42' title="bbox 1189 1725 2210 1791; baseline 0.003 -19"><span class='ocrx_word' id='word_1_282' title='bbox 1189 1727 1381 1772; x_wconf 86' lang='lat' dir='ltr'><strong>omnino</strong></span> <span class='ocrx_word' id='word_1_283' title='bbox 1392 1725 1589 1791; x_wconf 79' lang='lat' dir='ltr'><strong>aequales</strong></span> <span class='ocrx_word' id='word_1_284' title='bbox 1603 1725 1742 1774; x_wconf 86' lang='lat' dir='ltr'><strong>fuisse</strong></span> <span class='ocrx_word' id='word_1_285' title='bbox 1752 1763 1763 1783; x_wconf 95' lang='lat'>‚</span> <span class='ocrx_word' id='word_1_286' title='bbox 1775 1733 1965 1791; x_wconf 74' lang='lat' dir='ltr'><strong>excepto</strong></span> <span class='ocrx_word' id='word_1_287' title='bbox 1970 1728 2210 1791; x_wconf 78' lang='lat' dir='ltr'><strong>primatu.</strong></span> 
     </span>
     <span class='ocr_line' id='line_1_43' title="bbox 1189 1805 2210 1874; baseline 0.003 -21"><span class='ocrx_word' id='word_1_288' title='bbox 1189 1805 1307 1854; x_wconf 77' lang='lat' dir='ltr'><strong>Nam</strong></span> <span class='ocrx_word' id='word_1_289' title='bbox 1340 1810 1390 1855; x_wconf 84' lang='lat' dir='ltr'><strong>in</strong></span> <span class='ocrx_word' id='word_1_290' title='bbox 1422 1807 1533 1855; x_wconf 82' lang='lat' dir='ltr'><strong>diss.</strong></span> <span class='ocrx_word' id='word_1_291' title='bbox 1567 1824 1614 1856; x_wconf 78' lang='grc' dir='ltr'><strong>ιν</strong></span> <span class='ocrx_word' id='word_1_292' title='bbox 1643 1844 1656 1866; x_wconf 89' lang='grc'><em>,</em></span> <span class='ocrx_word' id='word_1_293' title='bbox 1690 1824 1795 1873; x_wconf 85' lang='lat' dir='ltr'><strong>cap.</strong></span> <span class='ocrx_word' id='word_1_294' title='bbox 1823 1823 1842 1855; x_wconf 86' lang='lat'>1</span> <span class='ocrx_word' id='word_1_295' title='bbox 1868 1845 1882 1868; x_wconf 87' lang='lat'>‚</span> <span class='ocrx_word' id='word_1_296' title='bbox 1912 1806 1941 1874; x_wconf 65' lang='grc' dir='ltr'><strong>ἓ</strong></span> <span class='ocrx_word' id='word_1_297' title='bbox 1973 1807 2002 1855; x_wconf 84' lang='grc'><strong>3</strong></span> <span class='ocrx_word' id='word_1_298' title='bbox 2024 1845 2036 1869; x_wconf 87' lang='grc'><em>,</em></span> <span class='ocrx_word' id='word_1_299' title='bbox 2061 1808 2210 1856; x_wconf 83' lang='lat' dir='ltr'><strong>allatis</strong></span> 
     </span>
     <span class='ocr_line' id='line_1_44' title="bbox 1190 1890 2212 1955; baseline 0.002 -18"><span class='ocrx_word' id='word_1_300' title='bbox 1190 1890 1469 1955; x_wconf 84' lang='lat' dir='ltr'><strong>quibusdam</strong></span> <span class='ocrx_word' id='word_1_301' title='bbox 1529 1891 1721 1939; x_wconf 76' lang='lat' dir='ltr'><strong>Patr-um</strong></span> <span class='ocrx_word' id='word_1_302' title='bbox 1779 1893 2024 1939; x_wconf 54' lang='lat' dir='ltr'><strong>sententiis*</strong></span> <span class='ocrx_word' id='word_1_303' title='bbox 2071 1893 2086 1954; x_wconf 92' lang='lat'>(</span> <span class='ocrx_word' id='word_1_304' title='bbox 2117 1891 2212 1940; x_wconf 86' lang='lat' dir='ltr'><strong>illis</strong></span> 
     </span>
     <span class='ocr_line' id='line_1_45' title="bbox 1188 1973 2209 2038; baseline 0.004 -20"><span class='ocrx_word' id='word_1_305' title='bbox 1188 1988 1357 2037; x_wconf 86' lang='lat' dir='ltr'><strong>nempe</strong></span> <span class='ocrx_word' id='word_1_306' title='bbox 1387 1973 1597 2032; x_wconf 87' lang='lat' dir='ltr'><strong>eisdem,</strong></span> <span class='ocrx_word' id='word_1_307' title='bbox 1632 1990 1749 2038; x_wconf 90' lang='lat' dir='ltr'><strong>quos</strong></span> <span class='ocrx_word' id='word_1_308' title='bbox 1801 1989 1854 2021; x_wconf 84' lang='lat' dir='ltr'><strong>ex</strong></span> <span class='ocrx_word' id='word_1_309' title='bbox 1889 1973 1980 2021; x_wconf 87' lang='lat' dir='ltr'><strong>hoc</strong></span> <span class='ocrx_word' id='word_1_310' title='bbox 2025 1984 2209 2023; x_wconf 82' lang='lat' dir='ltr'><strong>auctore</strong></span> 
     </span>
     <span class='ocr_line' id='line_1_46' title="bbox 1188 2052 2211 2120; baseline 0.003 -19"><span class='ocrx_word' id='word_1_311' title='bbox 1188 2052 1358 2102; x_wconf 87' lang='lat' dir='ltr'><strong>deinde</strong></span> <span class='ocrx_word' id='word_1_312' title='bbox 1394 2056 1504 2102; x_wconf 89' lang='lat' dir='ltr'><strong>citat</strong></span> <span class='ocrx_word' id='word_1_313' title='bbox 1553 2052 1797 2119; x_wconf 79' lang='lat' dir='ltr'><strong>palmer),</strong></span> <span class='ocrx_word' id='word_1_314' title='bbox 1843 2055 2016 2120; x_wconf 82' lang='lat' dir='ltr'><strong>quibus</strong></span> <span class='ocrx_word' id='word_1_315' title='bbox 2051 2074 2211 2104; x_wconf 74' lang='lat' dir='ltr'><strong>omnes</strong></span> 
     </span>
     <span class='ocr_line' id='line_1_47' title="bbox 1189 2134 2209 2202; baseline 0.004 -19"><span class='ocrx_word' id='word_1_316' title='bbox 1189 2134 1395 2200; x_wconf 82' lang='lat' dir='ltr'><strong>Apostoli</strong></span> <span class='ocrx_word' id='word_1_317' title='bbox 1426 2136 1560 2186; x_wconf 81' lang='lat' dir='ltr'><strong>Petro</strong></span> <span class='ocrx_word' id='word_1_318' title='bbox 1588 2154 1720 2202; x_wconf 76' lang='lat' dir='ltr'><strong>pares</strong></span> <span class='ocrx_word' id='word_1_319' title='bbox 1760 2138 1900 2185; x_wconf 84' lang='lat' dir='ltr'><strong>fuisse</strong></span> <span class='ocrx_word' id='word_1_320' title='bbox 1930 2136 2153 2186; x_wconf 86' lang='lat' dir='ltr'><strong>dicuntur</strong></span> <span class='ocrx_word' id='word_1_321' title='bbox 2194 2154 2209 2187; x_wconf 75' lang='grc' dir='ltr'><em>τ</em></span> 
     </span>
     <span class='ocr_line' id='line_1_48' title="bbox 1189 2217 2212 2285; baseline 0.003 -20"><span class='ocrx_word' id='word_1_322' title='bbox 1189 2217 1345 2278; x_wconf 84' lang='lat' dir='ltr'><strong>Hoec,</strong></span> <span class='ocrx_word' id='word_1_323' title='bbox 1379 2220 1565 2285; x_wconf 85' lang='lat' dir='ltr'><strong>inquit,</strong></span> <span class='ocrx_word' id='word_1_324' title='bbox 1598 2220 1839 2284; x_wconf 82' lang='lat' dir='ltr'><strong>probant,</strong></span> <span class='ocrx_word' id='word_1_325' title='bbox 1866 2218 2120 2285; x_wconf 77' lang='lat' dir='ltr'><strong>Apostolos</strong></span> <span class='ocrx_word' id='word_1_326' title='bbox 2157 2222 2212 2268; x_wconf 84' lang='lat' dir='ltr'><strong>in</strong></span> 
     </span>
     <span class='ocr_line' id='line_1_49' title="bbox 1190 2298 2213 2367; baseline 0.003 -20"><span class='ocrx_word' id='word_1_327' title='bbox 1190 2298 1399 2347; x_wconf 82' lang='lat' dir='ltr'><strong>clavium</strong></span> <span class='ocrx_word' id='word_1_328' title='bbox 1425 2300 1847 2348; x_wconf 80' lang='lat' dir='ltr'><strong>administratione</strong></span> <span class='ocrx_word' id='word_1_329' title='bbox 1863 2337 1876 2362; x_wconf 92' lang='lat'><strong><em>,</em></strong></span> <span class='ocrx_word' id='word_1_330' title='bbox 1892 2301 2013 2362; x_wconf 78' lang='lat' dir='ltr'><strong>fidei</strong></span> <span class='ocrx_word' id='word_1_331' title='bbox 2029 2302 2213 2367; x_wconf 80' lang='lat' dir='ltr'><strong>proedi-</strong></span> 
     </span>
     <span class='ocr_line' id='line_1_50' title="bbox 1191 2379 2207 2448; baseline 0.004 -20"><span class='ocrx_word' id='word_1_332' title='bbox 1191 2381 1378 2428; x_wconf 77' lang='lat' dir='ltr'><strong>catione</strong></span> <span class='ocrx_word' id='word_1_333' title='bbox 1406 2416 1423 2444; x_wconf 90' lang='lat'>‚</span> <span class='ocrx_word' id='word_1_334' title='bbox 1492 2379 1822 2429; x_wconf 86' lang='lat' dir='ltr'><strong>Ecclesiarum</strong></span> <span class='ocrx_word' id='word_1_335' title='bbox 1860 2382 2153 2446; x_wconf 75' lang='lat' dir='ltr'><strong>fundatione</strong></span> <span class='ocrx_word' id='word_1_336' title='bbox 2191 2421 2207 2448; x_wconf 86' lang='lat'><strong>,</strong></span> 
     </span>
     <span class='ocr_line' id='line_1_51' title="bbox 1185 2463 2236 2529; baseline 0.003 -19"><span class='ocrx_word' id='word_1_337' title='bbox 1185 2471 1420 2528; x_wconf 80' lang='lat' dir='ltr'><strong>potestate</strong></span> <span class='ocrx_word' id='word_1_338' title='bbox 1435 2499 1453 2526; x_wconf 85' lang='lat'><strong><em>,</em></strong></span> <span class='ocrx_word' id='word_1_339' title='bbox 1485 2465 1769 2512; x_wconf 83' lang='lat' dir='ltr'><strong>auctoritate</strong></span> <span class='ocrx_word' id='word_1_340' title='bbox 1791 2463 1998 2529; x_wconf 72' lang='lat' dir='ltr'><strong>aequales</strong></span> <span class='ocrx_word' id='word_1_341' title='bbox 2020 2465 2175 2529; x_wconf 81' lang='lat' dir='ltr'><strong>fuisse</strong></span> <span class='ocrx_word' id='word_1_342' title='bbox 2190 2483 2212 2526; x_wconf 88' lang='lat'><em>;</em></span> <span class='ocrx_word' id='word_1_343' title='bbox 2231 2505 2236 2512; x_wconf 88' lang='lat'><strong>.</strong></span> 
     </span>
     <span class='ocr_line' id='line_1_52' title="bbox 1193 2545 2213 2612; baseline 0.004 -20"><span class='ocrx_word' id='word_1_344' title='bbox 1193 2554 1246 2592; x_wconf 86' lang='lat' dir='ltr'><strong>at</strong></span> <span class='ocrx_word' id='word_1_345' title='bbox 1270 2562 1346 2593; x_wconf 79' lang='lat' dir='ltr'><strong>eos</strong></span> <span class='ocrx_word' id='word_1_346' title='bbox 1363 2547 1417 2593; x_wconf 88' lang='lat' dir='ltr'><strong>in</strong></span> <span class='ocrx_word' id='word_1_347' title='bbox 1429 2547 1652 2612; x_wconf 80' lang='lat' dir='ltr'><strong>primata</strong></span> <span class='ocrx_word' id='word_1_348' title='bbox 1672 2546 1818 2594; x_wconf 84' lang='lat' dir='ltr'><strong>Petro</strong></span> <span class='ocrx_word' id='word_1_349' title='bbox 1837 2545 2041 2611; x_wconf 80' lang='lat' dir='ltr'><strong>aequales</strong></span> <span class='ocrx_word' id='word_1_350' title='bbox 2055 2547 2213 2612; x_wconf 80' lang='lat' dir='ltr'><strong>fuisse</strong></span> 
     </span>
     <span class='ocr_line' id='line_1_53' title="bbox 1192 2623 2214 2693; baseline 0.005 -20"><span class='ocrx_word' id='word_1_351' title='bbox 1192 2626 1361 2675; x_wconf 80' lang='lat' dir='ltr'><strong>nullus</strong></span> <span class='ocrx_word' id='word_1_352' title='bbox 1391 2627 1528 2677; x_wconf 86' lang='lat' dir='ltr'><strong>dicit.</strong></span> <span class='ocrx_word' id='word_1_353' title='bbox 1554 2628 1704 2693; x_wconf 87' lang='lat' dir='ltr'><strong>Loqui</strong></span> <span class='ocrx_word' id='word_1_354' title='bbox 1738 2645 1872 2693; x_wconf 85' lang='lat' dir='ltr'><strong>porro</strong></span> <span class='ocrx_word' id='word_1_355' title='bbox 1899 2623 2027 2677; x_wconf 85' lang='lat' dir='ltr'><strong>hunc</strong></span> <span class='ocrx_word' id='word_1_356' title='bbox 2053 2639 2214 2678; x_wconf 84' lang='lat' dir='ltr'><strong>aucto·</strong></span> 
     </span>
     <span class='ocr_line' id='line_1_54' title="bbox 1193 2712 2207 2778; baseline 0.003 -19"><span class='ocrx_word' id='word_1_357' title='bbox 1193 2728 1302 2777; x_wconf 36' lang='lat' dir='ltr'><strong>rem·</strong></span> <span class='ocrx_word' id='word_1_358' title='bbox 1322 2713 1380 2761; x_wconf 89' lang='lat' dir='ltr'><strong>de</strong></span> <span class='ocrx_word' id='word_1_359' title='bbox 1398 2710 1726 2778; x_wconf 84' lang='lat' dir='ltr'><strong>jurisdictionis</strong></span> <span class='ocrx_word' id='word_1_360' title='bbox 1753 2715 1954 2778; x_wconf 82' lang='lat' dir='ltr'><strong>primatu</strong></span> <span class='ocrx_word' id='word_1_361' title='bbox 1969 2750 1984 2776; x_wconf 90' lang='lat'>,</span> <span class='ocrx_word' id='word_1_362' title='bbox 2005 2731 2102 2762; x_wconf 88' lang='lat' dir='ltr'><strong>non</strong></span> <span class='ocrx_word' id='word_1_363' title='bbox 2123 2732 2207 2762; x_wconf 87' lang='lat' dir='ltr'><strong>au-</strong></span> 
     </span>
     <span class='ocr_line' id='line_1_55' title="bbox 1193 2795 2215 2861; baseline 0.005 -21"><span class='ocrx_word' id='word_1_364' title='bbox 1193 2802 1287 2844; x_wconf 87' lang='lat' dir='ltr'><strong>tem</strong></span> <span class='ocrx_word' id='word_1_365' title='bbox 1316 2795 1374 2843; x_wconf 85' lang='lat' dir='ltr'><strong>de</strong></span> <span class='ocrx_word' id='word_1_366' title='bbox 1402 2795 1498 2843; x_wconf 91' lang='lat' dir='ltr'><strong>solo</strong></span> <span class='ocrx_word' id='word_1_367' title='bbox 1522 2795 1724 2860; x_wconf 83' lang='lat' dir='ltr'><strong>primatu</strong></span> <span class='ocrx_word' id='word_1_368' title='bbox 1759 2796 1933 2843; x_wconf 84' lang='lat' dir='ltr'><strong>ordinis</strong></span> <span class='ocrx_word' id='word_1_369' title='bbox 1967 2806 2046 2843; x_wconf 83' lang='lat' dir='ltr'><strong>aut</strong></span> <span class='ocrx_word' id='word_1_370' title='bbox 2070 2812 2215 2861; x_wconf 85' lang='lat' dir='ltr'><strong>praee-</strong></span> 
     </span>
     <span class='ocr_line' id='line_1_56' title="bbox 1195 2877 2211 2944; baseline 0.001 -19"><span class='ocrx_word' id='word_1_371' title='bbox 1195 2880 1431 2925; x_wconf 82' lang='lat' dir='ltr'><strong>minentiae</strong></span> <span class='ocrx_word' id='word_1_372' title='bbox 1458 2888 1501 2926; x_wconf 89' lang='lat' dir='ltr'><strong>et</strong></span> <span class='ocrx_word' id='word_1_373' title='bbox 1526 2878 1727 2936; x_wconf 85' lang='lat' dir='ltr'><strong>honoris,</strong></span> <span class='ocrx_word' id='word_1_374' title='bbox 1750 2877 1893 2944; x_wconf 87' lang='lat' dir='ltr'><strong>liquet</strong></span> <span class='ocrx_word' id='word_1_375' title='bbox 1918 2880 2071 2935; x_wconf 80' lang='lat' dir='ltr'><strong>exiis,</strong></span> <span class='ocrx_word' id='word_1_376' title='bbox 2104 2895 2211 2944; x_wconf 88' lang='lat' dir='ltr'><strong>quae</strong></span> 
     </span>
     <span class='ocr_line' id='line_1_57' title="bbox 1194 2957 2212 3026; baseline 0 -19"><span class='ocrx_word' id='word_1_377' title='bbox 1194 2959 1336 3008; x_wconf 83' lang='lat' dir='ltr'><strong>habet</strong></span> <span class='ocrx_word' id='word_1_378' title='bbox 1373 2962 1422 3008; x_wconf 83' lang='lat' dir='ltr'><strong>in</strong></span> <span class='ocrx_word' id='word_1_379' title='bbox 1451 2960 1613 3008; x_wconf 84' lang='lat' dir='ltr'><strong>eadem</strong></span> <span class='ocrx_word' id='word_1_380' title='bbox 1637 2959 1745 3007; x_wconf 83' lang='lat' dir='ltr'><strong>diss.</strong></span> <span class='ocrx_word' id='word_1_381' title='bbox 1774 2976 1956 3024; x_wconf 85' lang='lat' dir='ltr'><strong>cap.n,</strong></span> <span class='ocrx_word' id='word_1_382' title='bbox 1992 2957 2097 3026; x_wconf 79' lang='lat'><strong>§3:</strong></span> <span class='ocrx_word' id='word_1_383' title='bbox 2127 2958 2212 3009; x_wconf 68' lang='lat' dir='ltr'><strong>Ea·</strong></span> 
     </span>
     <span class='ocr_line' id='line_1_58' title="bbox 1195 3039 2214 3107; baseline 0 -18"><span class='ocrx_word' id='word_1_384' title='bbox 1195 3041 1282 3089; x_wconf 80' lang='lat' dir='ltr'><strong>hoc</strong></span> <span class='ocrx_word' id='word_1_385' title='bbox 1309 3042 1530 3107; x_wconf 81' lang='lat' dir='ltr'><strong>primatu</strong></span> <span class='ocrx_word' id='word_1_386' title='bbox 1558 3041 1750 3087; x_wconf 85' lang='lat' dir='ltr'><strong>romani</strong></span> <span class='ocrx_word' id='word_1_387' title='bbox 1766 3039 2029 3103; x_wconf 84' lang='lat' dir='ltr'><strong>Pontificis</strong></span> <span class='ocrx_word' id='word_1_388' title='bbox 2049 3040 2214 3105; x_wconf 82' lang='lat' dir='ltr'><strong>fluunt</strong></span> 
     </span>
     <span class='ocr_line' id='line_1_59' title="bbox 1196 3123 2211 3190; baseline -0.002 -18"><span class='ocrx_word' id='word_1_389' title='bbox 1196 3123 1363 3173; x_wconf 83' lang='lat' dir='ltr'><strong>multoe</strong></span> <span class='ocrx_word' id='word_1_390' title='bbox 1395 3124 1733 3190; x_wconf 74' lang='lat' dir='ltr'><strong>praeroqativoe</strong></span> <span class='ocrx_word' id='word_1_391' title='bbox 1759 3159 1773 3183; x_wconf 91' lang='lat'>‚</span> <span class='ocrx_word' id='word_1_392' title='bbox 1819 3139 1927 3187; x_wconf 81' lang='lat' dir='ltr'><strong>quoe</strong></span> <span class='ocrx_word' id='word_1_393' title='bbox 1979 3123 2081 3188; x_wconf 84' lang='lat' dir='ltr'><strong>ipsi</strong></span> <span class='ocrx_word' id='word_1_394' title='bbox 2109 3139 2211 3171; x_wconf 80' lang='lat' dir='ltr'><strong>non</strong></span> 
     </span>
     <span class='ocr_line' id='line_1_60' title="bbox 1196 3204 2208 3271; baseline -0.001 -18"><span class='ocrx_word' id='word_1_395' title='bbox 1196 3221 1330 3254; x_wconf 77' lang='lat' dir='ltr'><strong>secas</strong></span> <span class='ocrx_word' id='word_1_396' title='bbox 1366 3222 1427 3253; x_wconf 92' lang='lat' dir='ltr'><strong>ac</strong></span> <span class='ocrx_word' id='word_1_397' title='bbox 1445 3205 1656 3271; x_wconf 85' lang='lat' dir='ltr'><strong>primati</strong></span> <span class='ocrx_word' id='word_1_398' title='bbox 1679 3206 1798 3271; x_wconf 83' lang='lat' dir='ltr'><strong>jure</strong></span> <span class='ocrx_word' id='word_1_399' title='bbox 1826 3204 1998 3253; x_wconf 84' lang='lat' dir='ltr'><strong>divino</strong></span> <span class='ocrx_word' id='word_1_400' title='bbox 2023 3222 2208 3271; x_wconf 71' lang='lat' dir='ltr'><strong>canipe-</strong></span> 
     </span>
     <span class='ocr_line' id='line_1_61' title="bbox 1197 3285 2210 3353; baseline -0.002 -18"><span class='ocrx_word' id='word_1_401' title='bbox 1197 3295 1339 3349; x_wconf 63' lang='grc' dir='ltr'><em>ἱππί,</em></span> <span class='ocrx_word' id='word_1_402' title='bbox 1372 3304 1488 3353; x_wconf 86' lang='lat' dir='ltr'><strong>quas</strong></span> <span class='ocrx_word' id='word_1_403' title='bbox 1524 3303 1630 3334; x_wconf 84' lang='lat' dir='ltr'><strong>mox</strong></span> <span class='ocrx_word' id='word_1_404' title='bbox 1662 3285 1875 3335; x_wconf 81' lang='lat' dir='ltr'><strong>distincte</strong></span> <span class='ocrx_word' id='word_1_405' title='bbox 1903 3288 2062 3337; x_wconf 84' lang='lat' dir='ltr'><strong>refert.</strong></span> <span class='ocrx_word' id='word_1_406' title='bbox 2086 3286 2210 3351; x_wconf 86' lang='lat' dir='ltr'><strong>Quo-</strong></span> 
     </span>
     <span class='ocr_line' id='line_1_62' title="bbox 1199 3367 2206 3428; baseline -0.001 -12"><span class='ocrx_word' id='word_1_407' title='bbox 1199 3369 1338 3418; x_wconf 91' lang='lat' dir='ltr'><strong>modo</strong></span> <span class='ocrx_word' id='word_1_408' title='bbox 1366 3386 1472 3418; x_wconf 86' lang='lat' dir='ltr'><strong>vero</strong></span> <span class='ocrx_word' id='word_1_409' title='bbox 1513 3367 1592 3416; x_wconf 78' lang='lat' dir='ltr'><strong>hio</strong></span> <span class='ocrx_word' id='word_1_410' title='bbox 1628 3377 1787 3418; x_wconf 82' lang='lat' dir='ltr'><strong>auctor</strong></span> <span class='ocrx_word' id='word_1_411' title='bbox 1820 3368 1909 3417; x_wconf 80' lang='lat' dir='ltr'><strong>sibi</strong></span> <span class='ocrx_word' id='word_1_412' title='bbox 1948 3368 2206 3428; x_wconf 84' lang='lat' dir='ltr'><strong>cohaereat,</strong></span> 
     </span>
     <span class='ocr_line' id='line_1_63' title="bbox 1199 3451 1506 3517; baseline -0.013 -16"><span class='ocrx_word' id='word_1_413' title='bbox 1199 3453 1297 3517; x_wconf 86' lang='lat' dir='ltr'><strong>ipse</strong></span> <span class='ocrx_word' id='word_1_414' title='bbox 1330 3451 1506 3500; x_wconf 86' lang='lat' dir='ltr'><strong>viderit.</strong></span> 
     </span>
    </p>

    <p class='ocr_par' dir='ltr' id='par_1_8' title="bbox 1196 3532 2211 3765">
     <span class='ocr_line' id='line_1_64' title="bbox 1267 3532 2207 3600; baseline -0.004 -18"><span class='ocrx_word' id='word_1_415' title='bbox 1267 3533 1332 3597; x_wconf 79' lang='lat'><strong>(2)</strong></span> <span class='ocrx_word' id='word_1_416' title='bbox 1370 3533 1423 3581; x_wconf 90' lang='lat' dir='ltr'><strong>Id</strong></span> <span class='ocrx_word' id='word_1_417' title='bbox 1454 3533 1594 3582; x_wconf 80' lang='lat' dir='ltr'><strong>fassus</strong></span> <span class='ocrx_word' id='word_1_418' title='bbox 1617 3543 1682 3582; x_wconf 84' lang='lat' dir='ltr'><strong>est</strong></span> <span class='ocrx_word' id='word_1_419' title='bbox 1705 3532 2003 3600; x_wconf 68' lang='lat' dir='ltr'><strong>Quesnelhs,</strong></span> <span class='ocrx_word' id='word_1_420' title='bbox 2041 3533 2124 3598; x_wconf 91' lang='lat' dir='ltr'><strong>qui</strong></span> <span class='ocrx_word' id='word_1_421' title='bbox 2157 3533 2207 3579; x_wconf 90' lang='lat' dir='ltr'><strong>in</strong></span> 
     </span>
     <span class='ocr_line' id='line_1_65' title="bbox 1198 3609 2208 3683; baseline -0.008 -17"><span class='ocrx_word' id='word_1_422' title='bbox 1198 3616 1355 3666; x_wconf 87' lang='lat' dir='ltr'><strong>libello</strong></span> <span class='ocrx_word' id='word_1_423' title='bbox 1373 3652 1387 3674; x_wconf 94' lang='lat'>‚</span> <span class='ocrx_word' id='word_1_424' title='bbox 1413 3615 1535 3664; x_wconf 87' lang='lat' dir='ltr'><strong>edito</strong></span> <span class='ocrx_word' id='word_1_425' title='bbox 1563 3633 1641 3667; x_wconf 80' lang='lat' dir='ltr'><strong>an.</strong></span> <span class='ocrx_word' id='word_1_426' title='bbox 1670 3614 1821 3683; x_wconf 79' lang='lat'><strong>1705,</strong></span> <span class='ocrx_word' id='word_1_427' title='bbox 1842 3616 2062 3677; x_wconf 87' lang='lat' dir='ltr'><strong>inscripto</strong></span> <span class='ocrx_word' id='word_1_428' title='bbox 2090 3609 2208 3659; x_wconf 74' lang='lat' dir='ltr'><strong>Idee</strong></span> 
     </span>
     <span class='ocr_line' id='line_1_66' title="bbox 1196 3692 2211 3765; baseline -0.007 -17"><span class='ocrx_word' id='word_1_429' title='bbox 1196 3696 1415 3765; x_wconf 65' lang='lat' dir='ltr'><strong>generale</strong></span> <span class='ocrx_word' id='word_1_430' title='bbox 1458 3696 1526 3747; x_wconf 78' lang='lat' dir='ltr'><strong>du</strong></span> <span class='ocrx_word' id='word_1_431' title='bbox 1563 3696 1712 3746; x_wconf 83' lang='lat' dir='ltr'><strong>libelle</strong></span> <span class='ocrx_word' id='word_1_432' title='bbox 1747 3716 1766 3744; x_wconf 81' lang='lat'><strong>.-</strong></span> <span class='ocrx_word' id='word_1_433' title='bbox 1803 3692 1960 3760; x_wconf 79' lang='lat' dir='ltr'><strong>Motif</strong></span> <span class='ocrx_word' id='word_1_434' title='bbox 1978 3693 2047 3742; x_wconf 79' lang='lat' dir='ltr'><strong>du</strong></span> <span class='ocrx_word' id='word_1_435' title='bbox 2085 3694 2211 3742; x_wconf 80' lang='lat' dir='ltr'><strong>droit</strong></span> 
     </span>
    </p>
   </div>
  </div>
 </body>
</html>
