2514 4218
285 214 365 275 70

875 235 1073 276 ΤΒΔΟΤ.
1122 235 1189 271 lm
1235 234 1382 273 LOCIS
1424 237 1801 275 THEOLOGICIS.

369 379 504 441 118.
550 380 696 440 Cum
737 402 808 439 ex
843 380 953 439 hoc
982 388 1187 437 mutuo
1229 378 1610 452 commercio,
1651 386 1718 440 ut
1753 380 2006 440 diximus
2029 425 2044 454 ,
2091 379 2210 439 vita
2239 377 2392 439 efflo-

286 486 508 550 rescat,
540 475 846 536 efflorescit
882 485 942 532 et
977 474 1170 530 unitas
1192 517 1208 547 7
1248 471 1747 554 quemadmodum
1775 476 1969 535 unitas
1999 494 2259 556 personae
2294 495 2393 534 seu

288 569 580 629 individui
638 571 700 630 in
737 568 1036 650 supposito
1068 567 1327 627 humano
1390 589 1455 627 ac
1496 568 1616 627 vita
1673 590 1744 628 ex
1798 572 2006 630 animae
2044 582 2103 630 et
2138 570 2393 651 corporis

284 678 491 725 mutuo
533 663 876 725 commercio
901 661 1228 744 profluunt.
1263 663 1443 723 Valde
1476 674 1784 744 propterea
1812 664 2053 725 interest
2073 710 2088 739 ‚
2122 676 2395 723 mutuum

282 761 566 839 ejusmodi
594 761 747 818 inter
769 758 1027 817 animam
1049 770 1109 818 et
1133 780 1341 841 corpus
1366 758 1623 819 Ecclesiae
1647 760 2061 820 commercium
2097 759 2396 819 adstruere

281 855 356 915 ob
381 855 714 936 gravissima
734 899 749 927 ,
781 875 908 936 quae
933 854 1143 914 exinde
1175 854 1441 936 pendent
1467 853 1765 914 corollaria
1785 900 1801 928 ,
1839 854 1912 914 de
1935 853 2144 936 quibus
2170 875 2202 913 a
2228 852 2395 913 nobis

278 951 452 1033 paulo
474 961 610 1032 post
635 949 930 1030 agendum
957 951 1090 1012 erit.
1118 951 1201 1010 Sit
1231 951 1408 1030 igitur

1126 1127 1557 1181 PROPOSITIO.

276 1275 563 1330 Mutuum
605 1275 813 1330 existit
852 1275 1015 1329 inter
1060 1274 1340 1329 animam
1388 1281 1446 1329 et
1486 1291 1702 1350 corpus
1756 1270 2039 1329 Ecclesioe
2080 1293 2118 1329 a
2172 1271 2399 1330 Christo

358 1369 654 1425 institutae²
691 1370 1155 1437 commercium,
1201 1387 1316 1445 quo
1353 1370 1552 1445 ipsam
1590 1367 2056 1444 supernaturali
2085 1366 2257 1425 modo
2277 1370 2402 1444 ju-

353 1465 513 1542 9iter
546 1466 739 1520 vivere
777 1471 834 1519 et
862 1484 1036 1542 ayere
1069 1465 1398 1520 certissime
1426 1461 1906 1541 deprehenditur.

366 1627 505 1684 119.
554 1625 691 1685 Ideo
732 1627 795 1684 in
846 1626 1245 1708 propositione
1298 1625 1667 1686 enuncianda
1717 1624 2028 1702 adjecimus
2079 1623 2258 1687 verba
2303 1625 2402 1684 illa

276 1723 744 1800 supernaturali
770 1723 980 1792 mode,
1020 1720 1081 1779 id
1100 1732 1187 1779 est
1208 1766 1224 1795 ,
1263 1719 1495 1796 divinO,
1527 1720 1661 1801 quia
1685 1717 2095 1778 contendimus
2116 1765 2131 1794 ,
2173 1740 2294 1778 non
2321 1720 2405 1781 vi-

276 1828 400 1874 tam
432 1815 921 1897 qualemcumque
947 1815 1210 1874 Ecclesiae
1247 1815 1542 1876 vindicare
1563 1861 1579 1890 ,
1611 1814 1714 1874 sed
1744 1835 1872 1873 eam
1895 1858 1910 1887 .,
1936 1835 2062 1895 quae
2094 1835 2164 1873 ex
2194 1815 2402 1874 intima

277 1915 399 1988 ejus
442 1910 854 1988 conjunctione
898 1932 1033 1970 cum
1072 1910 1303 1970 Christo
1346 1912 1613 1990 exurgit,
1665 1931 1842 1991 quam
1868 1914 2088 1989 juyem
2121 1921 2404 1992 praeterea

277 2026 399 2065 esse
436 2005 815 2064 adstruimus.

362 2102 499 2159 120.
551 2103 699 2159 Cum
736 2123 912 2183 porro
954 2123 1025 2161 ex
1067 2102 1235 2162 dictis
1280 2102 1357 2161 ad
1404 2101 1688 2181 ejusmodi
1723 2101 2142 2160 commercium
2182 2101 2405 2160 consti·

275 2195 564 2255 tuendum
594 2196 710 2255 duo
741 2208 1091 2256 concurrant
1114 2243 1130 2269 ,
1168 2197 1327 2256 aliud
1350 2219 1420 2257 ex
1453 2219 1694 2280 corpore
1721 2198 1784 2256 in
1811 2197 2124 2268 animam.
2145 2195 2303 2254 aliud
2332 2217 2405 2256 ex

274 2292 472 2352 anima
496 2294 557 2351 in
587 2316 797 2375 corpus
813 2338 835 2366 ,
872 2293 947 2353 ob
985 2306 1251 2354 mutuam
1275 2295 1565 2355 actionem
1597 2316 1662 2353 ac
1688 2294 2040 2352 reactionem
2063 2291 2365 2374 utriusque
2385 2337 2403 2367 ‚

271 2409 372 2448 seu
415 2410 595 2470 quam
631 2401 906 2449 exercent
944 2389 1019 2448 ad
1061 2390 1349 2464 invicem3
1391 2391 1467 2449 ad
1507 2389 1656 2449 illud
1696 2387 2175 2448 constituendum
2215 2386 2332 2447 duo
2371 2410 2405 2446 a

269 2580 598 2628 Instruments
644 2581 715 2628 du
765 2580 933 2629 Christ
966 2584 1053 2646 qui
1092 2583 1299 2646 aqissait
1384 2591 1451 2630 tes
1469 2616 1484 2641 ,
1515 2580 1599 2629 elle
1636 2581 1909 2628 necessitait
1944 2594 2016 2626 un
2048 2578 2295 2625 ministere
2326 2580 2403 2626 vi-

269 2678 330 2710 en
370 2679 498 2720 eutr,
539 2662 600 2709 ils
649 2665 955 2728 apportet-ent
999 2663 1193 2726 I’imaqe
1239 2662 1297 2710 de

272 2743 492 2792 l'homme
533 2744 698 2792 celeste
741 2745 865 2792 dans
904 2745 986 2792 des
1032 2761 1184 2793 coeurs
1210 2746 1298 2809 qui

259 2827 519 2893 jusque-la
560 2828 811 2876 n’avaient
851 2828 1005 2892 reflete
1053 2845 1142 2892 que
1184 2826 1295 2875 celle

274 2908 332 2955 de
371 2909 590 2957 l'homme
636 2918 871 2958 terrestre.
933 2908 1009 2957 Or
1043 2909 1099 2957 de
1143 2911 1293 2957 meme

274 2990 416 3055 qu'ils
441 2994 637 3040 avaient
661 2996 731 3040 ete
749 2997 948 3058 envoyes
971 3009 1071 3057 par
1094 2992 1135 3040 le
1161 2992 1290 3040 Sau-

270 3088 386 3119 veur
407 3110 420 3132 ‚
459 3074 490 3120 ὰ
526 3073 632 3122 leur
667 3082 777 3123 tour
806 3074 867 3121 ils
903 3074 1291 3139 envoyerent·des

277 3154 506 3221 disciples
522 3159 608 3221 qui
624 3159 871 3224 por-terent
883 3157 997 3224 plus
1019 3158 1121 3206 loin
1144 3157 1190 3207 la
1214 3159 1290 3206 di-

268 3239 383 3285 vine
410 3238 602 3303 parole,
631 3250 676 3289 et
696 3239 810 3290 c'est
837 3242 974 3288 ainsi
1004 3257 1094 3305 que
1117 3277 1130 3301 ‚
1169 3242 1290 3289 dans

267 3329 373 3369 tous
397 3320 464 3369 les
497 3323 658 3371 siecles
683 3363 696 3383 ,
731 3324 789 3373 de
832 3323 1037 3389 I’Eylise
1062 3323 1233 3372 visible
1260 3343 1291 3374 a

266 3404 454 3453 decoule
495 3405 774 3456 l’invisible.
816 3409 947 3458 Telle
983 3417 1051 3457 est
1083 3411 1220 3457 aussi
1241 3409 1291 3458 Ia

269 3487 461 3536 marche
488 3491 577 3553 qui
600 3492 871 3538 entrainait
894 3490 1033 3541 l'idee
1061 3491 1119 3539 de
1140 3490 1185 3538 la
1211 3496 1289 3539 re-

264 3569 473 3617 velation
485 3569 756 3619 chretienne
768 3590 782 3620 :
799 3574 1078 3622 institution
1080 3574 1287 3641 positive

263 3661 307 3699 et
338 3661 654 3716 permanente
681 3689 698 3716 ‚
742 3655 1099 3719 enseiqnement
1130 3654 1283 3705 deter⁶

264 3739 395 3781 mine
429 3735 555 3784 dans
585 3753 658 3785 ses
696 3736 885 3802 doqmes
915 3748 958 3787 et
995 3756 1067 3789 ses
1088 3742 1282 3804 precep-

1381 2672 1496 2710 vant
1550 2671 1595 2710 et
1631 2661 1866 2727 parlant,
1909 2658 2085 2724 auquel
2116 2668 2317 2724 pussent
2357 2676 2405 2707 se

1381 2745 1621 2793 rattacher
1653 2761 1774 2792 ceum
1804 2743 1892 2807 qui
1933 2742 2197 2792 desit-aient
2222 2742 2268 2790 la
2291 2759 2405 2792 con-

1380 2829 1555 2875 naitre.
1575 2826 1709 2892 Quod
1736 2826 1906 2875 deinde
1932 2826 2070 2873 latius
2092 2828 2402 2892 prosequitur,

1380 2928 1614 2977 exponens
1645 2913 1926 2958 contrarium
1966 2912 2254 2975 principium
2297 2927 2404 2975 pro-

1380 2996 1645 3050 testantium
1671 3030 1685 3054 ,
1711 2992 1847 3058 cujus
1877 2993 2204 3041 absurditatem
2230 2993 2405 3056 patefa—

1378 3082 1459 3127 cit.
1507 3076 1661 3142 Quum
1728 3094 1837 3125 vero
1886 3076 2054 3124 dicitur
2102 3093 2156 3124 ex
2199 3074 2404 3123 Ecclesia

1380 3158 1559 3209 visibili
1595 3158 1835 3208 efformari
1887 3158 2145 3207 Ecclesiam
2193 3155 2406 3204 invisibi-

1378 3243 1471 3291 lem
1496 3280 1508 3302 ‚
1542 3240 1737 3306 intelligi
1769 3240 1907 3288 debet
1933 3276 1947 3298 ‚
1979 3249 2117 3305 prout
2143 3238 2222 3286 illa
2238 3240 2406 3286 instru-

1379 3335 1590 3373 mentum
1605 3333 1650 3372 et
1669 3340 1891 3388 organum
1906 3332 1970 3370 est
2004 3339 2097 3387 quo
2125 3320 2248 3369 Deus
2262 3322 2406 3368 utitur

1376 3409 1436 3456 ad
1466 3406 1904 3456 communicandam
1953 3407 2147 3470 gratiam
2188 3402 2394 3452 sanctifi-

1376 3500 1556 3549 cantem
1585 3489 1868 3553 habitusque
1885 3489 2105 3535 virtutum
2126 3504 2140 3551 3
2161 3483 2394 3553 siquidem

1375 3590 1553 3638 semper
1571 3574 1665 3638 ipse
1686 3574 1807 3638 prior
1834 3580 1900 3620 est
1927 3571 1985 3619 ad
2006 3570 2286 3636 tangendum
2318 3584 2396 3616 cor

1374 3674 1455 3720 per
1486 3657 1675 3721 gratiam
1701 3652 1952 3703 actualem.
