2514 4218
2075 206 2192 267 393

394 232 549 273 PART.
596 234 637 269 1.
686 231 840 269 SECT.
887 231 947 268 11.
994 230 1117 269 CAP.
1166 230 1231 267 11.
1279 230 1346 265 DE
1390 229 1617 266 PRIMAT.
1662 227 1889 266 PERPET.

73 399 213 436 cum
252 375 589 436 ordinandi
626 377 898 453 fuerint,
949 395 977 430 e
1021 372 1157 430 coelo
1213 373 1459 450 lapsuri
1499 391 1617 428 non
1662 380 1833 438 sunt,·
1892 390 2075 450 neque
2109 371 2198 428 ad

74 473 355 532 creandos
380 490 469 527 eos
489 513 506 542 ,
554 471 668 527 uhi
688 490 834 548 opus
855 471 1077 546 faerit,
1105 478 1289 526 totam
1323 466 1656 526 Ecclesiam
1684 469 1873 523 citari
1884 508 1900 538 ,
1935 485 2190 524 commo-

74 570 312 644 ver-ique
353 566 668 642 oportebat.
701 564 943 623 Necesse
978 584 1111 642 erqo
1140 573 1224 620 est
1241 605 1260 636 ‚
1316 573 1389 620 ut
1414 566 1494 620 sit
1526 562 1735 640 aliqua
1771 561 2052 620 Ecclesioe
2090 583 2188 621 ca-

72 663 293 721 tholieoe
313 683 505 740 pars,
543 683 613 718 ea*
646 682 768 739 qua
801 662 1095 728 existant,
1132 659 1359 735 aliique
1394 659 1538 715 aliis
1571 658 1968 735 suhroqentur
1991 656 2101 735 (l).

155 756 292 815 575.
339 757 526 836 Atque
552 755 690 814 inde
711 753 1033 813 dimanavit
1065 753 1243 810 realis
1258 754 1366 809 illa
1380 757 1708 831 praesentia
1722 795 1742 822 ,
1769 762 1837 810 ut
1865 772 1994 810 eam
2021 763 2187 812 vocat

73 850 276 909 Comes
312 837 400 908 'De
425 851 657 909 Maistre
678 894 694 924 7
720 869 848 930 quae
871 847 942 906 ab
965 846 1103 927 ipsis
1131 846 1212 904 rei
1235 844 1561 905 christianae
1581 844 1948 905 incunabulis
1970 845 2185 928 ubique
2226 887 2231 890 -

73 968 133 1005 se
175 945 408 1026 prodit,
460 944 631 1022 hujus
675 944 957 1024 primatus
1001 962 1033 998 a
1065 942 1232 998 Rom.
1287 940 1661 999 Pontificibus
1695 940 2085 1000 administrati
2124 952 2185 1001 et

72 1040 326 1099 exerciti.
377 1040 540 1098 Hanc
585 1028 742 1097 enim
773 1033 1264 1117 deprehendimus
1299 1035 1362 1093 in
1402 1037 1565 1094 Rom.
1608 1036 1950 1095 Pontificum
1981 1039 2181 1116 gestiS‚

71 1135 192 1194 sive
232 1156 365 1193 cum
407 1154 628 1193 errores
666 1132 1027 1211 haeresesque
1068 1129 1427 1189 damnarunt
1470 1130 1593 1212 (2),
1633 1131 1754 1191 sive
1797 1151 1931 1190 cum
1972 1153 2183 1192 sanxe-

70 1241 212 1289 runt
250 1229 614 1310 disciplinam
645 1227 706 1285 in
741 1224 982 1284 Ecclesia
1017 1225 1286 1284 universa
1317 1223 1405 1306 (3)
1425 1270 1441 1302 ,
1482 1226 1604 1284 sive
1628 1247 1761 1285 cum
1789 1238 2016 1286 exortas
2040 1248 2180 1286 con-

70 1325 378 1383 troversias
404 1321 617 1403 ubique
641 1319 902 1400 gentium
929 1318 1290 1378 diremerunt
1311 1365 1328 1393 7
1366 1320 1487 1379 sive
1517 1341 1650 1379 cum
1676 1323 1983 1404 Episcopos
2010 1321 2180 1403 longe

71 1418 297 1476 dissitos
326 1430 451 1476 tum
489 1418 549 1474 in
582 1416 819 1474 Oriente
861 1426 990 1473 tum
1033 1415 1095 1473 in
1140 1413 1454 1473 Occidente
1515 1414 1751 1475 obedire
1789 1415 2179 1476 detrectantes

70 1514 244 1571 minis
286 1505 726 1594 perterruerunt
773 1521 873 1568 aut
915 1510 1089 1569 etiam
1121 1509 1553 1591 deposuerunt,
1597 1509 1719 1569 sive
1771 1509 1913 1569 dum
1946 1511 2084 1570 alios
2116 1511 2179 1571 id

57 1630 235 1689 genus
258 1607 610 1667 auctoritatis
635 1617 795 1665 actus
831 1616 1250 1681 exercuerunt„
1291 1603 1499 1685 quibus
1548 1606 1761 1666 referta
1815 1616 1902 1665 est
1951 1606 2177 1666 ecclesi·

57 1705 230 1762 astica
282 1703 463 1761 trium
513 1702 772 1784 priorum
814 1701 1140 1760 seculorum
1186 1700 1424 1759 historia
1463 1701 1573 1782 (4).

139 1799 277 1857 576.
327 1797 605 1857 Eamdem
644 1809 926 1878 praeterea
978 1795 1475 1878 deprehendimus
1523 1798 1585 1854 in
1631 1796 1857 1878 scriptis
1901 1809 2076 1878 atque
2110 1799 2172 1859 in

56 1893 264 1973 agendi
309 1894 535 1952 ratione
562 1891 820 1951 Ecclesiae
846 1894 1086 1950 Patrum
1128 1892 1304 1949 totius
1341 1890 1637 1949 christiani
1669 1891 1845 1950 orbis,
1886 1892 1986 1950 Vix
2013 1893 2174 1952 enim

56 2009 162 2069 per
180 1987 240 2046 id
254 1988 531 2069 temporis
546 1987 774 2046 haeresis
799 1985 991 2068 aliqua
1019 1996 1119 2044 aut
1134 1985 1386 2044 schisma
1409 1985 1797 2061 exoriebatur,
1819 2007 1953 2045 cum
1969 2009 2171 2048 omnes

58 2082 209 2141 illico
252 2082 443 2141 oculos
501 2105 631 2142 suos
678 2081 1099 2144 convertebant
1144 2081 1218 2141 ad
1264 2084 1430 2141 Rom.
1491 2083 1831 2142 Pontificem
1855 2128 1873 2158 ‚
1930 2105 2172 2166 remque

63 2188 249 2236 totam
295 2177 370 2236 ad
419 2199 554 2236 eum
595 2168 935 2238 deferebant
971 2177 1095 2257 (5);
1142 2176 1520 2260 opponebant
1558 2177 1843 2238 haereticis
1881 2190 1942 2238 et
1985 2178 2170 2239 schis-

132 2463 199 2526 (1)
235 2462 437 2526 Defem.
458 2461 593 2511 Cleri
604 2462 765 2527 qallic.
781 2463 868 2513 lib.
887 2482 915 2512 x
933 2500 947 2524 ‚
969 2480 1073 2528 cap.

67 2542 98 2591 5
118 2581 131 2605 ,
157 2546 239 2592 cit.
268 2544 378 2591 edit.
413 2554 526 2592 tom.
552 2561 713 2593 xxxin.

134 2622 198 2687 (2)
235 2623 331 2671 cfr.
364 2635 484 2689 gesta
525 2642 642 2673 rom.
683 2623 960 2672 Pontificum
989 2624 1068 2673 Ze-

65 2706 250 2771 phyrini
272 2745 284 2766 ‚
311 2707 538 2773 Dionysii,
570 2708 763 2756 Victoris
783 2746 796 2767 ,
817 2707 1071 2774 Stephani,

62 2789 185 2852 apud
219 2787 393 2838 Euseb.
428 2787 560 2838 Hiet.
598 2788 710 2838 eccl.
735 2789 825 2839 lib.
861 2809 911 2852 v,
936 2807 981 2839 c.
1010 2789 1072 2838 23

62 2879 106 2918 et
121 2887 275 2936 seqq„
293 2871 379 2920 lib.
404 2888 469 2933 vr,
488 2889 592 2936 cap.
609 2869 694 2935 43,
719 2872 896 2931 1ib.vu‚
915 2889 1018 2937 cap.
1042 2871 1072 2920 3

60 2960 105 2999 et
134 2968 264 3018 seqq.
296 2961 389 3001 etc.

129 3031 198 3096 (3)
236 3033 359 3082 lbid.
391 3034 475 3081 lib.
507 3052 555 3093 v,
586 3051 686 3099 cap.
709 3031 792 3097 24,
825 3033 905 3083 25.
953 3038 956 3042 ’

129 3113 191 3176 (Α)
217 3114 316 3162 cfr.
333 3115 522 3180 Bolgeni
544 3151 557 3174 ‚
581 3118 630 3163 in
657 3133 735 3180 op.
767 3118 842 3163 cui
870 3119 942 3164 tit.
963 3116 1072 3164 L'e-

52 3194 320 3258 piscopato,
349 3196 462 3245 edit.
481 3196 665 3245 Orvieto
692 3194 841 3263 1837,
858 3207 972 3247 tom.
994 3214 1069 3260 111,

64 3271 347 3339 Appendice
368 3277 442 3338 H,
461 3296 511 3326 n.
531 3279 630 3326 630
657 3288 702 3327 et
718 3297 847 3344 seqq.
879 3296 982 3344 pag.
1002 3278 1062 3327 61

62 3363 105 3401 et
136 3370 267 3419 seqq.
303 3359 381 3421 qui
401 3358 460 3405 ad
493 3359 540 3407 id
583 3359 919 3408 ostendendum
961 3376 1066 3423 per-

60 3437 198 3482 currit
235 3444 281 3483 et
316 3441 483 3486 excutit
517 3442 743 3506 ejusmodi
792 3442 911 3490 facta
946 3442 1064 3490 inci—

59 3518 229 3582 piendo
264 3537 288 3567 a
316 3522 469 3570 seculo
501 3539 518 3569 1
555 3524 736 3574 ad-sec.
764 3543 793 3574 v
820 3524 1061 3586 inclusive,

60 3599 228 3666 quibus
248 3602 373 3666 quod
409 3604 682 3654 asseruimus
706 3607 1065 3658 luculentissime

60 3684 303 3730 evincitur.

1224 2463 1292 2528 (ὃ)
1327 2464 1396 2512 lta
1429 2465 1604 2513 factum
1631 2476 1700 2514 est
1726 2467 1775 2513 in
1810 2466 2053 2515 schismate
2069 2465 2167 2515 Do-

1154 2544 1423 2593 natistarum
1439 2581 1456 2606 ‚
1489 2548 1539 2593 in
1566 2545 1809 2595 schismate
1852 2545 2166 2596 Alexandrino

1153 2637 1200 2675 et
1227 2626 1552 2692 Antiochen03
1587 2632 1650 2677 ita
1670 2632 1722 2677 in
1750 2630 1998 2678 haeresibus
2016 2666 2030 2690 ,
2058 2646 2163 2696 quae

1152 2719 1319 2758 exortae
1360 2721 1467 2757 sunt
1498 2712 1574 2758 vel
1603 2730 1628 2758 a
1662 2714 1822 2775 primis
1855 2711 2064 2759 Ecclesiae
2095 2728 2165 2759 se-

1151 2791 1266 2839 culis
1284 2829 1297 2851 ‚
1329 2790 1648 2840 Gnosticorum
1664 2828 1679 2853 ,
1711 2791 1841 2840 Pauli
1858 2789 2160 2851 samosateni,

1152 2872 1378 2922 Theodoti
1406 2876 1613 2932 coriarii,
1644 2885 1732 2923 etc.
1755 2873 2005 2938 Dionysius
2025 2873 2157 2924 Alex.

1115 2962 1123 2969 ‘
1152 2971 1260 3003 cum
1284 2957 1335 3002 in
1365 2957 1671 3020 suspicionem
1714 2956 1895 3004 haeresis
1926 2958 2119 3006 venisset
2142 2993 2158 3018 ‚

1150 3037 1274 3100 apud
1305 3035 1580 3102 Dionysium
1624 3054 1743 3086 rom.
1791 3047 2039 3086 accusatus
2073 3048 2158 3088 est.

1149 3115 1208 3165 Id
1239 3119 1389 3182 ipsum
1410 3120 1616 3183 contigit,
1640 3134 1748 3167 cum
1765 3129 1906 3167 enatae
1935 3130 2042 3168 sunt
2059 3120 2159 3168 hae-

1148 3216 1268 3247 reses
1284 3202 1438 3248 ariana
1458 3235 1473 3256 ‚
1499 3201 1855 3262 macedoniana,
1878 3205 2152 3261 nestoriana,

1147 3281 1448 3346 eutychiana,
1483 3294 1575 3331 etc.
1607 3281 1799 3330 Nullum
1828 3302 2035 3349 unquam
2068 3283 2154 3333 ali-

1147 3366 1279 3429 cujus
1307 3366 1531 3413 momenti
1550 3367 1788 3429 negotium
1815 3368 2038 3431 agitatum
2062 3375 2150 3425 est,

1146 3446 1271 3511 quod
1302 3447 1426 3494 illico
1459 3445 1662 3494 delatum
1687 3464 1783 3495 non
1801 3446 1937 3495 fuerit
1954 3447 2012 3494 ad
2028 3463 2149 3494 rom.

1145 3527 1413 3575 Pontificem
1429 3564 1443 3585 ‚
1483 3530 1550 3574 uti
1577 3530 1699 3576 testis
1718 3528 2075 3593 locupletissima
2089 3536 2155 3576 est

1143 3611 1356 3657 universa
1381 3609 1569 3657 historia
1601 3610 1921 3660 ecclesiastica.
1943 3608 1990 3658 S.
2019 3609 2152 3658 Basi-

1142 3691 1232 3739 lius
1251 3727 1263 3750 ‚
1285 3689 1505 3756 Epistola
1532 3709 1635 3742 uix
1655 3729 1668 3754 ,
1698 3692 1764 3741 ad
1788 3691 2116 3741 Athanasium
2132 3713 2153 3743 .-
