2514 4218
281 164 398 224 398

881 186 1076 223 TRACT.
1124 188 1190 223 DE
1238 187 1388 223 LOCIS
1436 187 1819 226 THEOLOGICIS.

1119 323 1594 370 DTFFICULTATES

363 483 502 543 583.
548 482 681 559 Obj.

754 483 961 562 prima.

1039 484 1100 540 1ο
1167 481 1431 542 Ecclesiae
1498 504 1754 543 romanae
1801 490 2242 566 praeeminentia
2296 503 2415 551 tota

278 591 514 662 accepta
553 577 856 638 referenda
892 589 980 635 est
1013 577 1301 656 adjunctis
1341 582 1600 638 externis
1622 626 1637 653 ἦ
1673 600 1801 662 quae
1836 581 1896 639 in
1924 604 2054 642 eam
2081 586 2250 645 unice
2272 608 2419 646 con·-

280 674 636 742 currebant„
675 672 887 755 quibus
924 686 1132 756 suapte
1174 686 1384 735 natura
1435 678 1789 758 auctoritas,
1833 700 1947 760 qua
1997 679 2093 739 vel
2132 681 2206 741 ab
2251 684 2418 742 initio

278 773 524 833 Ecclesia
559 773 667 829 ista
700 771 883 852 potita
915 782 1004 829 est
1026 815 1042 845 7
1084 771 1449 852 intelligitur.
1488 774 1623 832 Haee
1657 785 1854 834 autem
1879 786 2018 834 sunt
2049 778 2113 855 a)
2139 800 2417 840 numerus

279 874 401 949 ejus
439 867 575 927 cleri
613 879 673 926 et
722 866 924 948 populi
967 866 1090 948 (l);
1134 870 1192 946 b)
1234 874 1355 947 ejus
1395 870 1616 929 divitiae
1652 871 2004 931 et-charitas
2045 874 2170 953 (2)3
2216 877 2270 953 c)
2296 880 2418 955 ejus

285 965 444 1044 origo
487 962 800 1045 apostolica
824 1008 839 1037 ,
889 973 1096 1045 utpote
1131 986 1164 1023 a
1210 966 1380 1024 Petro
1415 976 1473 1024 et
1508 966 1684 1024 Paulo
1722 967 1964 1027 fundata
2004 968 2093 1048 (3)
2115 1011 2148 1043 .‚-
2177 992 2293 1052 quo
2330 971 2420 1030 fa-

283 1073 445 1122 ctum
471 1073 560 1145 est
588 1071 652 1119 ut
675 1082 707 1118 a
735 1059 1000 1119 Patribus
1041 1062 1213 1120 Sedes
1243 1063 1419 1121 Petri
1451 1075 1927 1149 nuncuparetur3
1954 1067 2023 1147 d)
2048 1067 2271 1148 puritas
2299 1072 2419 1147 ejus

284 1157 458 1233 fidei,
510 1159 572 1216 in
614 1178 762 1238 qua,
806 1167 872 1214 ut
917 1156 1177 1238 loquitur
1230 1159 1516 1233 Irenaem,
1567 1182 1799 1239 semper
1847 1174 2189 1222 conservata
2231 1175 2317 1223 esc
2352 1186 2419 1222 ea

286 1278 417 1341 quoe
456 1265 545 1314 est
583 1254 662 1312 ab
687 1253 977 1330 Apostolis
1008 1254 1257 1314 traditio
1282 1254 1403 1334 (4).·,
1435 1258 1488 1334 e)
1515 1254 1764 1336 dignitas
1798 1259 2137 1341 temporalis
2165 1280 2420 1318 romanae

284 1352 484 1426 urbis
528 1363 704 1433 prout
748 1353 816 1408 2⁰
845 1349 1100 1409 declarat
1134 1352 1307 1409 Cone
1349 1351 1850 1429 Chalcedonense‚
1886 1376 2012 1413 can.
2033 1356 2302 1431 XXVIII
2333 1356 2418 1414 his

356 1562 421 1625 (1)
459 1560 530 1610 De
561 1579 656 1627 quo
700 1560 944 1610 Cornelius
975 1563 1025 1610 in
1055 1559 1219 1626 Epists
1251 1559 1315 1607 ad
1356 1558 1359 1562 ⁴

288 1646 508 1694 Fabium
548 1643 935 1703 Antiochenam,
978 1645 1101 1710 apud
1139 1643 1312 1693 Euseb.

287 1733 339 1778 in
366 1728 502 1787 Hiet,
537 1728 699 1779 eccles.
743 1732 924 1795 vigente
950 1728 1079 1777 Decii
1098 1745 1312 1794 persecu-

286 1815 433 1862 tione.
466 1811 543 1861 Sic
577 1811 843 1877 Cyprianus
864 1813 1074 1860 scribens
1106 1813 1165 1861 ad
1198 1810 1309 1860 Cor-

289 1894 468 1944 nelium
516 1894 670 1960 Episc.
718 1913 838 1944 rom.
879 1895 1086 1962 loquitur
1128 1896 1186 1944 de
1224 1896 1315 1960 flo-

286 1979 566 2039 rentissimo
581 1977 685 2027 illic
702 1977 823 2026 clero
841 1997 997 2027 secum
1018 1978 1309 2043 praesidente,

289 2070 335 2110 et
371 2061 430 2110 de
452 2044 760 2109 sanctissima
792 2069 838 2109 et
866 2060 1166 2128 amplissima
1174 2060 1315 2126 plebe

287 2143 445 2208 (epist.
477 2147 577 2203 ιν).
613 2143 811 2192 Irenaeus
855 2145 1034 2193 disserit
1059 2145 1116 2194 de
1151 2143 1310 2192 Eccle-

289 2228 357 2275 sia
419 2221 608 2275 romana
646 2265 658 2286 ‚

301 2310 540 2360 maxima.

360 2391 426 2457 (2)
464 2391 717 2459 Opulentia
774 2409 975 2442 romanae
1023 2392 1155 2442 Sedis
1206 2393 1313 2442 talis

292 2485 422 2535 erat,
464 2487 516 2525 ut
546 2477 683 2525 fuerit
726 2477 909 2541 speciali
955 2480 1131 2526 ratione
1170 2476 1314 2542 sugil-

290 2560 383 2608 lata
426 2558 485 2607 ab
535 2561 782 2608 Ammiano
850 2559 1121 2627 Marcellino
1172 2561 1312 2610 veluti

292 2659 426 2691 causa
475 2643 664 2692 violenti
699 2642 985 2704 schismatis,
1031 2662 1178 2710 quum
1219 2643 1312 2691 Da—

292 2743 451 2774 masus
478 2735 524 2775 et
554 2725 749 2775 Ursinus
767 2727 1100 2776 contenderent
1132 2744 1214 2791 pro
1236 2724 1314 2774 illa

292 2807 412 2858 Sede
437 2809 452 2872 (
476 2809 562 2858 lib.
595 2826 722 2858 xxvu
743 2847 756 2870 ,
801 2808 892 2857 sub
927 2810 1068 2857 finem
1104 2827 1208 2873 cap.
1231 2809 1312 2870 3).

296 2890 631 2941 Verumtamen
649 2893 821 2941 divitiae
842 2896 936 2940 istae
956 2892 1315 2957 profundeban-

294 2985 373 3022 tur
404 2978 459 3023 in
484 2993 619 3040 opera
657 2977 905 3025 charitatis.
945 2976 1195 3041 Dionysius
1222 2975 1313 3024 Co-

301 3055 442 3105 rinth.
462 3058 573 3122 Epis
592 3076 709 3125 copu
719 3077 812 3107 sscr
826 3059 957 3107 ihens
985 3059 1041 3106 ad
1061 3058 1316 3106 Ecclesiam

294 3156 414 3188 rom.
458 3146 666 3204 tempore
710 3139 892 3200 Soteri,

716 2238 939 2293 tanquam
995 2229 1052 2277 de
1112 2228 1312 2277 Ecclesia

950 3143 1070 3189 circa
1106 3140 1316 3188 medium

295 3220 439 3270 seculi
464 3236 499 3269 ιι
519 3238 532 3271 :
561 3225 690 3271 Hoec
717 3262 727 3282 3
751 3227 910 3291 inquit
931 3262 944 3283 ‚
960 3223 1094 3272 vobis
1117 3239 1317 3270 consue-

294 3304 409 3354 tudo
433 3313 501 3352 est
523 3308 635 3372 jam
677 3307 793 3355 inde
823 3307 884 3356 ab
919 3309 1022 3374 ipso
1064 3306 1320 3372 relae'qionis

294 3386 490 3437 exordio
508 3425 522 3448 ,
572 3397 625 3435 ut
667 3390 846 3453 fratres
894 3407 1056 3439 omnes
1094 3391 1321 3438 universo'

295 3471 637 3537 beneficiorum
683 3489 855 3535 qenere
916 3474 1141 3540 afficiatis
1158 3509 1174 3533 ‚
1234 3484 1318 3522 etc.

300 3555 453 3620 (apud
479 3555 650 3603 Euseb.
681 3554 768 3603 lib.
795 3572 860 3616 iv,
889 3574 930 3605 c.
957 3558 1069 3615 23).
1098 3552 1318 3623 Ejusdem

299 3637 537 3685 charitatis
566 3639 781 3685 meminit
802 3637 1059 3705 Dionysius
1083 3637 1224 3688 Alex.
1246 3655 1319 3686 se-

297 3720 404 3769 culo
434 3723 708 3787 insequente
734 3759 745 3780 ,
790 3723 840 3768 in
871 3727 1005 3785 epist.
1036 3722 1093 3769 ad
1128 3720 1320 3786 Stepha-

1398 1578 1516 1608 num
1537 1577 1552 1623 3
1599 1560 1680 1609 ubi
1707 1561 1878 1621 refert,
1918 1564 2146 1611 universae
2180 1562 2326 1630 Syriae
2378 1576 2423 1614 et

1401 1641 1580 1691 Arabiae
1606 1646 1855 1693 necessaria
1887 1663 1914 1693 a
1935 1662 2054 1695 rom.
2085 1645 2285 1696 Ecclesia
2311 1667 2420 1713 sup-

1399 1726 1601 1790 peditata
1630 1727 1769 1775 fuisse
1795 1727 1943 1787 (ibid.a
1968 1728 2055 1782 lib.
2078 1746 2137 1776 vn
2158 1766 2169 1788 ,
2196 1747 2303 1795 cap.
2340 1729 2419 1791 5).

1399 1801 1476 1855 Nil
1507 1825 1643 1874 porro
1668 1810 1838 1857 mirum
1859 1827 1954 1858 esse
1978 1810 2135 1874 debet,
2178 1814 2216 1859 si
2247 1813 2419 1861 divitia:

1400 1890 1518 1940 bene
1541 1892 1656 1941 adeo
1682 1909 1892 1958 expensae
1928 1894 2278 1943 conciliaverint
2307 1895 2418 1944 Sedi

1400 1991 1519 2024 rom.
1551 1976 1860 2024 universalem
1887 1979 2249 2026 venerationem.

1468 2056 1535 2120 (3)
1572 2057 1639 2106 Ita
1673 2058 1873 2107 Irenaeus
1895 2097 1907 2117 ‚
1940 2061 2021 2124 qui
2042 2058 2251 2125 quuitur
2271 2060 2328 2108 de
2343 2077 2426 2108 ea-

1398 2141 1505 2190 dem
1525 2142 1729 2190 Ecclesia
1745 2140 1884 2190 veluti
1905 2142 1962 2190 de
1979 2143 2170 2191 ecclesia
2185 2144 2423 2203 maxima,

1397 2234 1442 2274 et
1465 2227 1808 2290 antiquissima
1837 2234 1880 2272 et
1903 2226 2127 2274 omnibus
2147 2228 2338 2291 coqnita
2356 2259 2374 2280 ‚
2395 2243 2426 2273 a

1395 2309 1761 2375 qloriosissimis
1783 2309 1966 2357 duobus
2006 2308 2253 2376 Apostolis
2281 2308 2425 2361 Petro

1397 2401 1444 2442 et
1471 2389 1627 2442 Paulo
1656 2393 1826 2443 Romoe
1840 2392 2056 2456 fundata
2086 2402 2132 2441 et
2161 2395 2426 2445 constituta

1399 2478 1414 2540 (
1438 2478 1524 2527 lib.
1549 2495 1600 2525 ιιι
1627 2516 1640 2536 ,
1663 2495 1766 2542 cap.
1791 2475 1873 2539 3).
1896 2475 2109 2541 Synodus
2148 2469 2423 2525 antiochena

1401 2563 1604 2626 agnovit,
1632 2560 1755 2626 quod
1783 2562 1832 2606 in
1851 2561 2028 2623 scriptis
2043 2576 2205 2606 omnes
2226 2556 2427 2607 libenter

1397 2644 1681 2692 honorarent
1709 2642 1960 2693 Ecclesiam
1990 2659 2107 2690 rom.
2130 2650 2289 2707 utpote
2311 2657 2416 2708 quae

1397 2726 1471 2774 vel
1496 2726 1555 2774 ab
1578 2727 1710 2773 initio
1736 2724 1891 2772 schola
1911 2724 2049 2772 fuerit
2071 2722 2414 2789 Apostolorum,

1397 2827 1452 2858 ac
1484 2810 1716 2875 religionis
1749 2809 2027 2875 metropolis.
2050 2808 2274 2858 Peculiari
2311 2825 2417 2856 vero

1362 2936 1364 2938 .
1398 2893 1539 2941 modo
1556 2892 1782 2955 honorata
1799 2902 1867 2940 est
1886 2930 1898 2950 ‚
1924 2910 1977 2941 eo
1995 2893 2120 2959 quod
2137 2894 2178 2940 ei
2196 2890 2420 2957 praesede-

1399 2978 1461 3023 rit
1476 2975 1633 3023 Petrus
1652 2979 1827 3040 primus
1845 2974 2169 3041 Apostolorum
2186 3013 2198 3033 ‚
2217 2991 2269 3022 ac
2285 2992 2422 3040 prop-

1401 3068 1525 3107 terea
1557 3077 1582 3105 a
1620 3058 1833 3122 pluribus
1871 3057 2084 3106 Patribus
2116 3052 2254 3104 Petri
2292 3055 2422 3104 sedes

1399 3152 1668 3205 nuncupata
1688 3153 1771 3191 est.

1470 3226 1535 3289 (h)
1575 3226 1692 3274 Loc.
1716 3228 1797 3274 eit.
1827 3224 1948 3274 Sane
1964 3242 2085 3273 rom.
2109 3225 2307 3273 Ecclesia
2333 3225 2423 3272 sol·

1403 3308 1527 3357 licita
1562 3326 1741 3374 semper
1768 3309 1856 3356 fuit
1888 3308 1946 3357 de
1975 3308 2283 3357 conservanda
2315 3325 2423 3356 vera

1401 3391 1496 3439 fide
1526 3391 1584 3439 ab
1601 3393 1914 3439 remotissimis
1928 3406 2074 3457 usque
2106 3390 2391 3455 temporibus
2412 3425 2424 3442 ,

1403 3473 1631 3523 damnans
1648 3484 1692 3521 et
1715 3474 1890 3538 pellens
1917 3473 2180 3531 Gnosticos,
2213 3472 2424 3521 Artemo-

1405 3559 1549 3605 nistas
1571 3595 1583 3616 ‚
1613 3567 1701 3605 etc.
1725 3574 1737 3618 3
1763 3567 1805 3605 et
1834 3558 2017 3606 furente
2050 3556 2326 3606 Arianorum
2352 3556 2427 3602 in-

1408 3641 1533 3687 sania
1555 3677 1569 3699 ‚
1596 3639 1695 3704 ipsa
1714 3639 1803 3688 suit
1830 3640 1935 3689 fidei
1965 3639 2203 3689 catholicae
2222 3652 2425 3704 propug-

1403 3720 1646 3770 naculum.
