2514 4218
254 132 374 192 312
871 148 1072 186 macr.
1119 149 1189 184 nr.
1234 147 1387 186 Locis
1431 151 1814 190 πικοιοαιοιε,

336 297 479 355 468.
531 294 622 353 Ad
656 293 960 353 Nicolaum
992 293 1300 350 Cusanum
1329 290 1587 374 denique
1622 298 1783 375 quod
1822 308 2080 381 spectat,
2120 299 2403 358 miramur

254 391 574 453 adversarii
614 390 956 450 facilitatem
988 389 1050 446 in
1080 387 1235 446 illius
1281 387 1580 447 afferenda
1618 395 1993 470 auctoritate,
2028 395 2128 476 qui
2169 394 2402 475 palino-

255 489 415 549 diam
454 488 696 562 cecinit,
734 485 929 544 senior
959 484 1178 558 factuS,
1210 505 1416 543 eorum
1438 530 1454 559 .,
1493 505 1622 566 quae
1646 489 1900 564 juvenili
1925 501 2108 559 ,aetate
2138 492 2199 549 in
2229 512 2406 571 opere

255 585 356 644 cit.
402 584 633 643 incaute
673 580 983 661 scripserat
1021 581 1135 660 (l).
1185 581 1348 640 Tunc
1372 581 1554 659 ‘enim
1594 582 1940 643 Basileensis
1987 587 2214 646 concilii
2252 588 2407 646 fama

255 693 459 764 captus
479 725 494 754 ‚
525 689 682 736 totus
718 687 846 736 erat
873 677 938 735 in
969 676 1310 738 extollenda
1359 677 1605 737 Concilii
1627 680 1992 740 oecumenici
2025 684 2402 757 auctoritate,

255 800 322 838 ac
351 774 650 858 pontificia
679 771 965 853 dignitate
989 771 1376 854 deprimenda
1402 785 1462 834 et
1489 775 1860 835 coarctanda.
1897 777 2045 835 Cum
2074 798 2214 837 vero
2241 800 2404 838 com-

253 871 500 955 perisset
539 867 689 927 illud
729 869 794 926 in
843 868 1097 928 schisma
1137 868 1450 930 deflectere
1475 916 1490 940 .,
1538 870 1849 930 consilium
1894 873 2188 949 mutavit,
2230 884 2407 954 atque

257 967 333 1028 ad
363 966 618 1026 schisma
650 967 1151 1049 compescendum
1185 979 1344 1028 totus
1371 967 1645 1027 incubuit
1665 1014 1681 1041 ‚
1709 980 1777 1029 ut
1801 980 1966 1051 patet
1991 991 2063 1030 ex
2087 975 2211 1049 ejus
2234 970 2405 1050 epist.

259 1065 334 1124 ad
362 1062 751 1138 Rodericum,
781 1064 844 1121 in
871 1065 986 1144 qua
1021 1063 1181 1122 Petri
1212 1064 1539 1145 primatum
1574 1067 1800 1145 egregie
1838 1066 2103 1126 defendit
2143 1067 2253 1148 (2).
2288 1067 2412 1125 Imo

260 1172 320 1221 et
356 1161 420 1218 in
457 1159 622 1241 ips0,
665 1159 827 1242 quod
870 1157 1178 1238 objicitur⁷
1217 1181 1396 1241 opere
1431 1161 1757 1243 primatum
1796 1162 1956 1222 Petri
2001 1163 2246 1222 omnino
2289 1184 2413 1221 non

260 1256 490 1338 respuit
514 1301 530 1330 .,
574 1254 679 1314 sed
714 1254 908 1314 solum
939 1255 1095 1314 intra
1136 1267 1411 1336 angustos
1439 1257 1587 1317 fines
1626 1257 1783 1317 illius
1819 1259 2228 1319 auctoritatem
2257 1257 2415 1318 redi·

263 1373 400 1433 gere
439 1353 650 1431 sategit
684 1350 803 1432 (3),
845 1350 1022 1432 idque
1062 1353 1423 1430 argumentis
1462 1353 1638 1436 plane
1675 1366 1843 1413 tanto
1879 1354 2121 1417 homine
2158 1354 2414 1435 indignis

264 1470 376 1509 nec
415 1448 543 1507 sine
577 1468 776 1528 pugna
813 1467 950 1506 cum
988 1447 1302 1529 semetipso
1341 1448 1450 1528 (4).

265 1617 346 1682 qui
366 1651 383 1677 ,
416 1615 634 1682 quamvis
665 1616 806 1663 etiam
839 1613 1110 1681 singulatim
1151 1615 1298 1678 gratia

265 1698 465 1763 Spiritus
481 1696 639 1746 Sancti
672 1696 968 1745 abundarent
991 1732 1004 1756 ‚
1027 1705 1299 1745 nontamen

264 1782 400 1829 aliter
423 1780 689 1841 voluerunt,
707 1779 765 1827 de
787 1796 841 1828 eo
854 1779 983 1845 quod
1001 1778 1296 1838 movebatur,

266 1865 303 1910 si
331 1872 557 1928 oporteret
572 1871 730 1928 gentes
750 1860 1053 1921 circumcidi,
1082 1861 1298 1919 definire,

265 1948 537 2012 priusquam
579 1946 890 1994 communiter
929 1945 1196 2009 congregati
1227 1943 1300 1990 di·

264 2030 484 2076 vinarum
499 2025 840 2092 Scripturarum
856 2027 1136 2073 testimoniis
1152 2041 1301 2072 unus-

269 2110 470 2176 quisque
505 2126 587 2157 sua
625 2108 748 2156 dicta
782 2108 1174 2156 confirmaverint.
1203 2105 1299 2154 Csr.

267 2192 393 2257 apud
429 2191 579 2240 Hard.
616 2201 734 2240 tom.
766 2193 853 2253 in,
891 2191 981 2239 col.
1023 2186 1117 2238 188
1139 2200 1297 2256 etseq.

336 2277 399 2341 (1)
437 2277 536 2325 Cfr.
579 2276 798 2324 Bellarm.
854 2274 937 2323 De
982 2275 1301 2340 scriptoribus

267 2358 536 2407 ecclesiast.
570 2369 685 2408 tom.
722 2375 786 2407 vu
808 2393 821 2418 ,
859 2376 966 2423 pag.
1007 2355 1139 2418 528,
1182 2376 1297 2425 opp.

264 2444 375 2491 edit.
403 2441 575 2491 Venet.
615 2440 760 2508 1728.
1115 2466 1117 2470 r

329 2524 406 2593 (2)
443 2526 542 2575 Cfr.
571 2529 621 2575 in
639 2526 753 2576 edit.
770 2525 1022 2575 Basileensi
1041 2544 1121 2575 an.
1149 2523 1296 2588 1565,

266 2628 371 2676 pag.
407 2607 508 2659 825
544 2620 589 2658 et
618 2626 752 2675 seqq.
782 2624 886 2674 quae
926 2610 1132 2673 profecto
1173 2610 1297 2658 lectu

265 2694 405 2759 digna
433 2703 529 2756 est3
576 2694 737 2742 evertit
769 2708 904 2755 porro
954 2690 1212 2739 Cardinalis
1239 2690 1298 2739 de

268 2775 390 2825 Cusa
433 2779 485 2824 in
512 2775 602 2824 hac
634 2773 828 2840 epistola
861 2773 1097 2839 quidquid
1122 2774 1174 2821 in
1210 2772 1297 2821 oh-

267 2861 387 2923 jecto
417 2875 556 2924 opere
577 2893 593 2922 ,
632 2855 993 2907 Concordamia
1022 2854 1292 2916 catholica,

267 2944 580 2990 constituerat.

339 3022 402 3086 (3)
443 3023 564 3073 Sane
581 3023 670 3072 lib.
701 3040 760 3081 u,
785 3025 908 3070 inter
933 3031 1083 3070 cetera
1099 3020 1290 3080 scribit,

267 3105 402 3160 edit.
430 3105 574 3157 Paris.
628 3104 788 3170 1514,
831 3105 915 3155 fol.
966 3105 1029 3153 23
1060 3121 1075 3152 ε
1121 3102 1295 3153 Petrus

263 3190 429 3254 primo
462 3190 804 3253 pontificatum
861 3204 1005 3254 super
1047 3185 1296 3252 Apostolos

268 3271 505 3336 accepit...
539 3270 665 3318 Cum
691 3280 850 3319 autem
883 3269 1210 3337 Episcopatus
1235 3271 1301 3317 ait

259 3352 570 3420 principatus
619 3368 763 3418 saper
823 3354 1189 3411 Sacerdotium,
1247 3361 1304 3406 ut

258 3435 591 3502 praehabitum
603 3444 671 3482 est
691 3473 704 3495 ,
729 3453 876 3500 quare
894 3437 1050 3485 dicere
1065 3434 1296 3483 habemus

260 3520 602 3585 principatum
678 3517 1049 3568 ecclesiasticum
1117 3534 1302 3567 succes-

267 3603 403 3650 sione
442 3599 653 3667 quadam
689 3616 720 3646 a
748 3601 911 3663 primo
935 3602 1167 3667 principe
1207 3599 1302 3647 sci-

264 3681 377 3732 licet
405 3684 552 3733 Petro
576 3682 863 3749 dependere,
889 3691 934 3731 et
958 3685 1087 3733 sicut
1103 3683 1300 3750 princi·

1375 1622 1524 1680 patna
1552 1613 1696 1673 Petri
1723 1632 1750 1661 a
1771 1614 2006 1679 quatione
2024 1614 2211 1664 Christi
2242 1617 2416 1684 depen-

1385 1696 1552 1754 debat,
1585 1699 1654 1745 ita
1695 1706 1742 1746 et
1783 1700 2002 1747 omnium
2037 1697 2414 1766 Episcoporum.

1385 1780 1446 1828 Et
1476 1781 1615 1846 paulo
1644 1790 1747 1846 post
1774 1798 1788 1829 τ
1823 1781 1955 1830 Nam
1990 1790 2034 1829 et
2059 1783 2187 1830 inter
2212 1783 2416 1849 Aposto-

1386 1864 1453 1912 los
1469 1864 1691 1928 quaedam
1705 1864 1808 1929 fuit
1835 1863 2061 1913 discretio
2079 1903 2093 1925 ‚
2124 1874 2168 1913 et
2189 1864 2298 1913 licet
2317 1883 2417 1914 om-

1385 1963 1468 1994 nes
1485 1954 1641 1994 essent
1658 1946 1912 2012 Apostoli,
1947 1947 2095 1995 Petro
2128 1955 2289 1995 tamen
2302 1965 2417 1997 eon-

1385 2044 1570 2077 cessum
1603 2037 1674 2076 est
1704 2046 1735 2076 a
1776 2027 2032 2088 Domim03
2077 2036 2122 2075 et
2152 2030 2253 2093 ipsi
2294 2031 2422 2078 inter

1386 2128 1434 2158 ae
1453 2110 1671 2175 idipsum
1702 2110 1988 2167 voluerunt,
2020 2119 2076 2157 ut
2089 2109 2289 2176 reliquis
2315 2129 2417 2160 om-

1391 2193 1539 2241 nibus
1563 2201 1790 2258 praa-esset
1817 2192 2068 2258 Apostolis
2086 2230 2100 2251 ‚
2128 2203 2173 2241 et
2198 2193 2416 2260 Cephaa,

1385 2276 1442 2324 id
1476 2285 1568 2334 esc,
1612 2285 1763 2342 caput
1803 2284 1849 2324 et
1885 2277 2192 2342 principium
2235 2286 2415 2326 teneret

1383 2357 1673 2425 apostolatus
1693 2397 1706 2419 ‚
1746 2360 1835 2423 qui
1881 2366 1927 2406 et
1956 2359 2173 2406 eamdem
2200 2359 2413 2425 formam

1382 2442 1739 2490 successorihus
1762 2443 1867 2490 suis
1887 2450 1933 2490 et
1964 2442 2175 2506 reliquia
2207 2441 2417 2508 Episco-

1376 2528 1462 2591 pis
1487 2524 1750 2573 tenendam
1785 2524 2109 2572 tradiderunt.

1454 2609 1520 2672 (4)
1559 2608 1675 2673 Quis
1702 2610 1828 2657 enim
1860 2608 2106 2669 admittat,
2139 2608 2267 2673 quod
2295 2608 2413 2656 ibid.

1383 2692 1624 2740 contendit
1644 2690 1856 2739 Cusanus
1877 2729 1890 2749 ‚
1917 2693 2237 2739 auctoritatem
2263 2693 2312 2738 in
2330 2690 2420 2738 Ec-

1382 2774 1519 2822 clesia
1563 2774 1768 2839 pendere
1807 2791 1862 2822 ex
1907 2784 2154 2823 contractu
2202 2771 2361 2822 sociali
2394 2771 2420 2823 ⁶?

1380 2855 1485 2904 Imo
1521 2863 1569 2904 et
1606 2855 1847 2904 Christum
1875 2891 1888 2918 ‚
1915 2857 2181 2905 volentibus
2214 2855 2415 2920 Aposto-

1380 2938 1435 2986 lis
1459 2977 1471 2997 ,
1496 2940 1790 2987 constituisse
1822 2936 2013 2986 Petrum
2041 2939 2303 3002 principem
2326 2934 2419 2984 Ec-

1379 3020 1532 3069 clesiae
1569 3038 1693 3081 suae,
1722 3030 1777 3068 ut
1801 3019 1971 3067 exinde
2009 3015 2294 3078 concludat,
2330 3018 2419 3066 hos

1378 3106 1580 3169 potuisse
1632 3118 1846 3151 exercere
1903 3103 2222 3149 auctoritatem
2281 3117 2420 3166 super

1380 3187 1571 3251 ipsum?
1587 3184 1837 3250 Episcopos
1861 3200 2023 3231 omnes
2037 3218 2051 3246 ‚
2078 3193 2122 3231 et
2142 3184 2262 3232 forte
2276 3186 2417 3232 etiam

1382 3268 1682 3336 presbyteros
1703 3304 1718 3328 ‚
1742 3277 1794 3315 ut
1821 3269 1920 3331 ipse
1954 3268 2191 3333 loquitur,
2229 3267 2417 3332 aequalis

1385 3355 1625 3417 potestatis
1675 3367 1771 3399 esse
1811 3351 1966 3415 quoad
2003 3350 2412 3415 jurisdictionem,

1382 3434 1491 3484 licet
1501 3452 1601 3483 non
1615 3435 1896 3482 executionis
1914 3430 1935 3481 ?
1949 3433 2146 3500 Aliaque
2164 3431 2412 3498 ejusmodi,

1386 3532 1490 3584 quae
1512 3520 1563 3564 in
1583 3516 1910 3580 disputationis
1935 3528 2048 3565 aestu
2063 3516 2215 3565 eidem
2234 3515 2413 3564 excide-

1384 3609 1525 3660 runt,
1560 3615 1762 3666 quaeque
1783 3618 1871 3651 nec
1912 3600 2219 3667 probarentur
2244 3617 2271 3648 a
2308 3595 2414 3646 Pal-

1383 3683 1529 3733 merio
1565 3684 1663 3749 ipso
1679 3685 1705 3730 ?
