2514 4218
295 108 413 167 446

938 130 1134 167 ΤΒΑΟΤ.
1186 131 1253 167 DE
1298 131 1444 169 LOCIS
1487 132 1862 174 THEOLOGICIS.

298 273 635 353 ratificare,
658 282 711 331 ee
738 292 857 330 non
889 273 1098 344 aliter,
1142 292 1247 329 nec
1277 273 1397 330 alio
1438 274 1608 332 modo
1643 274 1756 356 (1).
1813 278 2002 351 Quam
2047 279 2285 360 quidem
2328 283 2433 344 de·-

297 367 676 427 clarationem
745 367 895 426 facto
956 368 1082 447 ipso
1134 366 1506 427 confirmavit
1545 370 1851 446 Pontifex,
1896 373 2039 432 dum
2084 374 2237 435 edita
2275 375 2434 438 bulla

299 462 628 522 oratoribus
666 462 900 523 Polonis
934 460 1042 520 sub
1072 482 1250 544 poena
1278 465 1896 525 excommunicationis
1934 469 2257 550 prohibuit,
2297 495 2374 532 ne
2402 495 2433 532 a

301 560 583 618 Pontifice
610 558 685 617 ad
722 556 993 639 generale
1029 557 1354 620 Concilium
1377 573 1767 641 provocarent
1792 562 1901 645 (2).
1942 566 2107 625 Hanc
2132 589 2269 627 vero
2298 568 2436 628 bul-

296 655 420 716 lam
462 656 710 715 istorum
743 653 1114 714 decretorum
1143 654 1680 716 Constantiensium
1704 660 2168 736 fundamentale
2187 671 2436 743 penitus

299 753 493 811 robur
527 752 889 810 destruxisse
911 794 932 823 ,
975 753 1148 810 Joan.
1178 751 1302 833 ipse
1325 752 1679 827 Gersonius‘‚
1712 755 2036 836 praecipuus
2074 757 2334 837 ipsorum
2353 782 2439 819 as-

303 859 492 908 sertor
541 859 602 906 et
647 846 904 925 vindex,
939 859 1296 930 conquestus
1342 860 1432 908 est
1470 849 1582 930 (3).
1621 849 1737 910 Sed
1787 873 1978 934 neque
2029 855 2320 934 Eugenius
2365 857 2439 915 IV

306 942 583 1026 probavit
621 943 852 1004 decreta
900 943 1130 1004 concilii
1173 944 1549 1022 Basileensi5‚
1591 946 1736 1005 dum
1776 946 1987 1008 litteris
2028 949 2185 1010 datis·
2217 951 2313 1011 die
2366 951 2440 1011 18

302 1042 437 1099 Jan.
476 1061 573 1099 an.
614 1039 771 1100 1433
804 1085 821 1117 ⁷
859 1040 1185 1121 legitimam
1213 1040 1455 1101 concilio
1495 1043 1999 1104 continuationem
2040 1045 2291 1106 <indulsit
2317 1093 2333 1122 .,
2375 1057 2441 1106 ut

303 1136 552 1218 ipsemet
589 1137 857 1198 Pontifex
891 1138 1211 1199 declaravit
1251 1138 1314 1196 in
1355 1136 1603 1198 solemni
1637 1160 1957 1220 congressu·
1984 1141 2287 1203 Florentiae
2324 1143 2442 1203 ha-

298 1230 453 1307 bito,
487 1232 684 1292 dicens
723 1257 736 1293 :
766 1234 894 1294 Nos
930 1236 1175 1315 quidem
1205 1235 1345 1292 bene
1368 1256 1757 1314 proyressum
1790 1239 2039 1297 concilii
2072 1240 2445 1318 approbavi-

303 1349 475 1397 οπως,
520 1331 767 1390 volentes
813 1341 882 1389 uc
902 1330 1281 1412 procederet,
1311 1340 1382 1388 ut
1419 1335 1755 1409 inceperam
1783 1355 1895 1391 NON
1932 1357 2123 1393 TAMEN
2160 1357 2443 1395 Armoni-

304 1445 484 1485 vmus
518 1448 651 1486 mus
689 1450 942 1488 nnumin
977 1426 1088 1507 (4).
1119 1425 1305 1485 Multo
1333 1446 1474 1485 vero
1513 1427 1706 1486 minus
1745 1428 2018 1510 probavit
2049 1432 2180 1489 Pius
2228 1432 2280 1491 II
2310 1476 2326 1506 ‚
2372 1430 2445 1491 de

307 1556 423 1618 quo
451 1528 675 1588 Natalis
711 1524 873 1586 Alex.
916 1522 1324 1605 conqueritur,
1360 1523 1555 1603 ipsum
1579 1568 1597 1598 ‚
1635 1535 1861 1614 mutata
1900 1525 2270 1602 conditione,
2311 1549 2443 1586 mu-

311 1644 464 1691 tasse
506 1623 860 1687 sententiam
898 1666 914 1695 ,
946 1641 1125 1702 quam
1154 1620 1213 1676 in
1251 1617 1579 1678 minoribus
1609 1622 1959 1681 constitutus
1983 1625 2191 1683 AEneas
2218 1622 2447 1705 Sylvius

304 1736 566 1786 sectatus
598 1721 822 1792 fuerat,
864 1715 938 1775 de
977 1713 1220 1774 Concilii
1247 1736 1425 1796 supra
1475 1716 1816 1777 Pontificem
1854 1719 2293 1800 praeeminentia
2334 1719 2446 1799 (5).

392 1820 537 1880 648.
588 1817 675 1879 Ad
720 1814 829 1889 31¹²,
871 1815 1028 1873 Dist.
1069 1813 1207 1885 Quae
1264 1821 1468 1869 tamen
1515 1813 1723 1893 saepius
1762 1813 2068 1896 reprobata
2106 1826 2194 1874 est
2225 1836 2258 1873 a
2297 1836 2443 1872 rom.

310 1913 688 1979 Pontificibus
708 1956 729 1986 ,
768 1921 946 1993 atque
990 1907 1064 1968 ab
1110 1907 1249 1990 ipsis
1301 1906 1455 1965 illius
1494 1908 1825 1968 auctoribus
1868 1923 2217 1986 retractata,
2263 1931 2449 1979 conc.‚·

380 2085 446 2151 (1)
487 2084 542 2132 In
570 2080 763 2130 Colleot.
805 2077 957 2127 Conc.
997 2085 1157 2125 veneta
1193 2073 1343 2122 Coleti
1425 2081 1610 2124 summi
1637 2074 1938 2143 Pontificio,
1962 2087 2008 2126 et
2025 2078 2324 2125 inimieorum
2358 2079 2454 2143 eje-

308 2179 428 2219 tom.
461 2185 538 2217 xw
560 2204 574 2226 ‚
605 2165 696 2214 col.
733 2160 852 2231 746.

380 2251 447 2316 (2)
487 2249 615 2298 Ibid.
651 2247 742 2295 col.
770 2241 866 2313 747
896 2253 943 2292 et
969 2258 1100 2307 seqq.

377 2333 445 2398 (3)
485 2334 554 2380 In
577 2328 774 2393 dialoqo
803 2324 1091 2393 apologetico
1109 2337 1200 2388 pro
1225 2335 1341 2368 con-

1425 2160 1601 2216 ctione,
1647 2167 1878 2208 attentata
1896 2160 2085 2225 factave
2114 2168 2246 2208 sunt.
2286 2159 2457 2208 Conti-

1425 2239 1570 2288 nebat
1595 2242 1775 2303 itaque,
1802 2243 1859 2290 in
1892 2241 2023 2291 nullo
2060 2257 2180 2291 caea
2205 2240 2347 2290 licere
2370 2259 2456 2308 ap-

1416 2323 1730 2389 pellationem
1764 2342 1794 2374 a
1827 2323 1970 2391 Papa
2001 2325 2162 2391 facere
2182 2362 2196 2386 ,
2230 2340 2317 2373 nec
2348 2325 2455 2391 ejus

308 2417 469 2465 (lemn.
492 2412 731 2481 proposit.
767 2408 819 2458 J.
853 2406 1039 2467 Parvi,
1086 2422 1194 2470 opp.
1227 2402 1342 2452 edit.
1411 2406 1668 2472 judicium
1686 2410 1740 2456 in
1754 2425 1871 2457 casu
1885 2394 2490 2473 fideideclinare...con-'⁸

308 2496 685 2562 ElliesDupinii‚
707 2491 945 2556 Antwerp.
970 2485 1117 2554 ¹706,
1144 2498 1261 2534 tom.
1287 2499 1341 2544 11,

308 2583 405 2632 col.
441 2579 540 2647 390
564 2617 577 2640 ,
614 2577 697 2626 ubi
726 2578 792 2624 sic
813 2574 1004 2623 scribit:
1027 2573 1092 2620 In
1110 2569 1346 2618 deteriora

306 2667 536 2719 continue
564 2660 753 2727 relapsa
773 2667 868 2716 est,
892 2672 1042 2721 usque
1070 2654 1186 2702 adeo
1220 2651 1349 2717 quod

303 2762 396 2815 pro
415 2756 558 2815 parte
592 2745 899 2793 dominorum
942 2737 1232 2786 Polonorum
1267 2736 1347 2782 in-

312 2832 506 2897 terjecta
534 2836 603 2876 eet
634 2825 829 2874 tandem
857 2819 1112 2889 appellatio
1133 2818 1198 2866 ad
1209 2816 1347 2882 futu-

312 2929 424 2960 rum
450 2909 755 2969 Concilium3
780 2907 863 2954 cui
889 2901 1204 2971 appellationi
1235 2915 1346 2947 cum

316 2992 702 3060 respondendum
724 2996 843 3037 esset
862 3025 876 3047 ‚
907 2986 1029 3034 lecta
1060 2993 1127 3032 est
1149 3022 1161 3044 ‚
1195 2990 1249 3030 ut
1271 2981 1348 3029 di-

312 3079 471 3136 citur,
514 3078 567 3123 in
618 3072 904 3122 consistorio
937 3065 1154 3138 qenerali
1184 3073 1229 3113 et
1249 3081 1346 3130 pu—

315 3158 441 3208 blico
463 3197 477 3217 ‚
529 3157 655 3222 quod
684 3156 852 3203 ultimo
881 3152 1185 3203 Constantine
1216 3147 1345 3196 cele-

315 3242 507 3290 bratum
524 3247 594 3287 est
608 3278 620 3299 ‚
641 3241 832 3286 minuta
848 3236 1073 3302 quoedam
1089 3232 1176 3281 sab
1187 3231 1349 3297 forma

315 3323 479 3374 Bulloe
501 3360 515 3383 ‚
550 3321 793 3370 destruens
811 3318 839 3388 (
849 3330 905 3368 ut
925 3325 1149 3367 asserunt
1175 3316 1261 3381 qui
1279 3313 1349 3362 le-

314 3414 490 3473 qerunt
513 3421 617 3454 eam
632 3402 659 3470 )
672 3400 1039 3468 fundamentale
1053 3401 1253 3468 penitus
1271 3416 1349 3447 ro-

316 3492 411 3539 bur
427 3528 441 3551 ‚
482 3488 662 3536 nedum
708 3486 891 3533 Pisani
909 3522 925 3547 ‚
978 3484 1064 3533 sed
1108 3483 1349 3533 Constan-

317 3573 488 3621 tieneie
535 3568 774 3628 Concilii,
808 3574 855 3614 et
886 3584 1049 3615 eorum
1092 3567 1311 3615 omnium
1332 3601 1347 3625 ,

317 3668 425 3720 quoe'
444 3657 499 3702 in
522 3655 621 3714 eie,
652 3652 921 3718 praesertim
952 3666 1097 3715 super
1122 3648 1349 3698 electione

1427 2496 1504 2538 tra
1534 2489 1721 2539 decreta
1758 2489 1988 2542 Concilii,

1498 2572 1565 2637 (4)
1604 2572 1672 2621 Ita
1699 2583 1890 2622 testatur
1920 2571 2059 2622 Card.
2087 2571 2165 2621 Jo.
2187 2571 2257 2621 De
2282 2570 2454 2620 Turre-

1428 2666 1660 2714 cremata‚
1696 2658 1776 2722 qui
1817 2655 2026 2704 interfuit
2062 2657 2148 2720 ipsi
2188 2656 2452 2720 congressui

1427 2738 1695 2787 Florentino
1714 2776 1727 2798 ‚
1759 2738 1902 2804 idque
1932 2756 1989 2787 ex
2027 2755 2106 2787 ore
2135 2740 2312 2803 accepit
2351 2737 2448 2785 Eu-

1428 2823 1551 2886 genii
1581 2836 1628 2869 ιν
1650 2859 1662 2881 ,
1696 2831 1742 2870 et
1778 2821 1914 2869 refert
1947 2820 1998 2868 in
2034 2837 2115 2885 op.
2152 2817 2224 2867 De
2264 2834 2454 2867 summa

1428 2901 1692 2963 Ecclesiae,
1724 2903 1808 2952 lib.
1831 2920 1894 2963 11,
1928 2920 2034 2968 cap.
2075 2917 2200 2959 100,
2233 2902 2455 2967 quodque

1430 2988 1605 3054 profert
1662 2986 1945 3036 Rocabertus
1976 3024 1990 3047 ,
2052 2989 2102 3034 in
2157 2982 2454 3037 Bibliotheca

1429 3070 1648 3118 maxima
1656 3066 1943 3135 pontificia,
1959 3079 2072 3117 tom.
2086 3085 2192 3128 xm,
2213 3083 2316 3132 pag.
2331 3064 2452 3129 430,

1431 3153 1520 3202 col.
1559 3169 1606 3202 2.
1643 3151 1742 3200 Cfr.
1778 3151 1982 3217 ejusdem
2027 3148 2165 3199 Cat-d.
2208 3147 2453 3216 Apoloqia

1429 3232 1650 3299 Euqenii
1667 3252 1714 3282 iv
1733 3272 1746 3294 ‚
1775 3233 1839 3280 ad
1869 3231 2197 3280 Basileensem
2221 3239 2455 3281 oratorem

1430 3318 1485 3364 in
1502 3315 1787 3364 Florentino
1804 3314 2023 3363 Concilio
2039 3353 2051 3376 ‚
2072 3315 2195 3381 apud
2212 3312 2455 3362 Labbeum

1431 3410 1546 3448 tom.
1577 3415 1689 3458 xm,
1717 3398 1804 3447 col.
1831 3395 1951 3445 1661
1990 3409 2034 3446 et
2060 3415 2194 3464 seqq.

1502 3480 1568 3544 (5)
1606 3479 1707 3529 Cfr.
1756 3480 2004 3546 Roncaglia
2026 3517 2040 3540 ‚
2088 3475 2358 3527 Animadv.
2406 3477 2456 3522 in

1432 3564 1541 3613 diss.
1561 3581 1670 3625 vm,
1688 3580 1778 3613 sec.
1797 3579 1857 3613 xv
1878 3573 1923 3613 et
1938 3581 2011 3611 xvi
2027 3601 2040 3623 ‚
2071 3562 2124 3612 P.
2140 3559 2316 3610 Natalis
2330 3598 2343 3620 ,
2363 3558 2388 3625 §
2407 3551 2466 3606 5.>
