2514 4218
209 179 330 240 536

807 195 1002 235 fluor.
1045 196 1114 232 m:
1157 193 1310 233 roms
1354 194 1733 235 rflnomalcls.

287 345 432 408 794.
478 346 564 406 De
596 341 844 404 Ecclesia
890 347 1132 425 ejusque
1169 363 1445 426 supremo
1479 342 1669 426 capite
1687 388 1705 418 ,
1742 364 1986 406 romano
2013 344 2292 410 Pontifice
2315 393 2334 425 ,

204 443 510 503 hactenuS.
550 441 767 513 Quanti
815 449 1015 498 autem
1058 438 1398 500 interfuerit
1436 437 1560 498 haec
1597 437 1882 521 prolixius
1925 441 2166 504 fortasse
2213 443 2336 504 dis-

203 535 483 610 seruisse,
514 546 643 594 tum
678 533 854 610 aliaS,
888 545 1021 592 tum
1051 533 1343 615 praecipue
1367 535 1431 592 in
1453 532 1718 616 reliquis,
1754 557 1896 618 quas
1926 541 2334 621 proposuimus

202 632 565 693 tractationis
598 631 771 711 hujus
806 629 1104 713 partibuS,
1149 631 1398 714 quisque
1435 630 1603 692 facile
1638 631 1947 714 intelliget.

198 831 252 879 in
286 823 550 875 minoribus
589 832 735 884 esset,
782 821 1011 889 evulgavit
1040 821 1179 871 titulo
1210 838 1227 871 ε

201 909 256 960 11
296 906 505 971 Trionfo
550 904 674 954 della
708 912 851 952 santa
888 902 1011 953 Sede
1048 921 1075 952 e
1105 890 1244 954 della*

202 991 381 1041 Chiesa
407 996 571 1037 contro
601 987 675 1053 qli
703 986 876 1037 assaltu·
900 986 979 1036 ἅθ’
1005 989 1231 1037 novatori

199 1073 484 1124 combauuti
501 1089 526 1119 e
542 1071 752 1138 respinti
772 1086 863 1119 eon
890 1069 932 1119 le
955 1079 1097 1119 stesso
1125 1069 1227 1120 loro

195 1155 355 1216 armi,
398 1153 551 1203 Roma
598 1167 764 1221 17993
806 1152 1030 1220 quodque
1061 1170 1223 1203 recens

193 1248 242 1288 et
271 1237 442 1304 pluries
473 1252 720 1295 recusum,
759 1251 814 1284 ao
848 1234 1012 1300 galilee
1047 1237 1188 1285 etiam
1209 1272 1225 1296 ‚

198 1320 495 1386 germanice,
522 1316 767 1382 hispanice
790 1326 930 1383 atque
958 1316 1229 1366 hollandiae

196 1419 382 1453 versum
400 1417 624 1465 magnum
652 1398 832 1465 ubique
858 1398 1074 1464 plausum
1104 1401 1227 1448 exci-

193 1487 326 1536 tavit.
356 1483 415 1532 In
443 1483 536 1531 hoe
560 1483 734 1549 quippe
763 1498 900 1547 opere
923 1480 1224 1546 praeclarissi-

193 1585 300 1618 mus
325 1565 500 1616 Auctor
529 1581 582 1614 ea
611 1563 775 1629 logicae
803 1563 1013 1612 methodi
1047 1564 1222 1611 severi-

194 1658 290 1701 tate
307 1687 323 1714 ,
357 1666 413 1701 ea
444 1655 825 1715 argumentorum
851 1647 898 1696 vi
917 1662 973 1695 ac
998 1644 1224 1694 doctrinae

1313 824 1445 888 copia
1475 821 1770 873 Pontificiam
1799 825 2214 889 infallibilitatem,
2245 830 2333 879 ad·-

1311 921 1469 955 versus
1506 908 1760 957 neotericos
1791 924 1818 958 e
1850 910 2127 975 janseniano
2157 926 2296 977 grege
2313 949 2329 974 ‚

1312 988 1590 1050 vindicavit,
1618 998 1672 1037 ut
1692 1006 1791 1039 rem
1810 989 1949 1055 plane
1975 991 2248 1043 confecerit.
2262 992 2331 1044 Ita

1311 1087 1481 1136 nempe
1501 1069 1759 1121 Gnmomus
1778 1071 1894 1121 XVI
1914 1109 1928 1133 ,
1959 1073 2260 1142 quadraginta
2286 1086 2331 1125 et

1308 1153 1509 1219 amplius
1548 1153 1720 1203 abhinc
1768 1156 1903 1203 annis
1922 1192 1937 1215 ‚
1979 1155 2169 1216 divinas·
2197 1154 2328 1206 Sedis

1308 1235 1435 1285 illius
1477 1240 1796 1302 praerogativas
1840 1247 2026 1287 strenue
2064 1254 2328 1305 propugna-

1307 1316 1422 1376 bat,
1457 1333 1562 1384 quae
1587 1327 1767 1367 aeternae
1805 1319 2102 1384 providentiae
2135 1320 2329 1369 consilio

1308 1400 1366 1449 ab
1385 1415 1443 1448 eo
1462 1437 1476 1461 ,
1499 1400 1569 1448 nil
1592 1401 1681 1450 tale
1707 1402 1932 1467 cogitante
1951 1438 1965 1461 ,
1997 1402 2213 1468 deinceps
2230 1410 2328 1451 erat

1307 1481 1536 1546 tenenda,
1559 1499 1614 1532 ac
1633 1492 1760 1533 tanta
1789 1501 1899 1532 cum
1931 1486 2152 1549 sapientia
2186 1494 2327 1551 atque

1307 1548 1543 1629 apostolici
1571 1566 1716 1615 animi
1739 1565 1905 1616 robore
1932 1564 2258 1632 gubernanda.

974 1944 1110 1984 runs
1144 1944 1314 1984 PRIHAE
1345 1944 1542 1984 mnus.
