2514 4218
427 183 589 220 mar.
638 181 681 219 1.
728 178 877 218 secr.
922 179 990 219 11.
1041 178 1166 216 car.
1203 177 1288 219 1v.
1339 177 1407 217 ms
1453 177 1638 216 norm.
1683 175 1845 216 Pam.
2069 159 2189 219 497

61 327 469 387 tractationem
503 324 657 384 hanc
708 320 1117 404 protrahamus
1136 365 1153 394 ,
1204 328 1574 380 coarctamus
1622 339 1753 378 eam
1807 318 1882 378 ad
1932 320 2190 402 priorem

61 420 471 483 tantummodo
502 418 702 478 dotem
733 439 882 476 rom.
912 416 1180 476 Pontifici
1211 414 1672 487 vindicandam,
1700 436 1918 497 nempe
1948 415 2024 475 ad
2054 418 2193 477 irre·

61 516 426 577 formabilem
449 513 730 596 pontificii
757 512 1044 594 primatus
1068 511 1481 570 auctoritatem
1513 507 1937 583 adstruendam
1961 511 2026 570 in
2050 510 2190 573 fidei

60 597 405 692 morumque
425 608 684 687 judiciis,

143 705 285 766 724.
335 694 470 764 Haec
509 725 682 785 porro
718 703 824 761 dos
861 722 968 761 seu*
990 701 1384 782 <praerogativa
1421 699 1622 782 plures
1656 711 1827 759 nacta
1863 711 1953 760 est
1980 699 2195 761 adver-

60 803 237 862 sarios
269 847 285 875 .‚
338 800 659 883 praesertim
718 808 853 880 post
914 796 1134 857 editam
1196 795 1652 855 declarationem
1705 795 1847 855 cleri
1905 795 2190 856 Gallicani

60 920 216 957 anno
244 896 434 969 1682,
470 899 628 973 cujus
656 903 909 976 quartus·
926 890 1202 951 articulus
1237 892 1316 950 ita
1342 912 1405 951 se
1435 889 1618 950 habet
1646 912 1661 948 ι
1695 890 1777 950 In
1801 892 1948 970 fidei
1967 913 2193 971 quoque

59 991 492 1071 quaestionibus
516 991 860 1070 praecipuas
889 989 1122 1046 summi
1158 987 1477 1066 Pontifieis
1521 1007 1638 1045 esse
1664 997 1908 1066 partes,
1948 992 2193 1069 ejusque

59 1089 292 1145 decreta
335 1087 424 1144 ad
463 1106 660 1144 omnes
697 1094 754 1142 et
789 1078 1061 1160 sinqulas
1111 1081 1414 1141 Ecclesias
1452 1087 1760 1160 pertinere
1773 1101 1796 1150 ‚⁸
1840 1104 1947 1141 nee
1990 1093 2193 1144 tamen

59 1182 509 1260 irreformabile
547 1201 662 1239 esse
677 1176 1003 1258 judicium
1016 1221 1041 1250 ,
1084 1181 1214 1236 nisi
1249 1164 1538 1237 Ecelesice
1581 1198 1897 1238 consensus
1940 1184 2195 1238 accesse-

60 1279 149 1334 rit
179 1277 291 1357 (1).
335 1275 472 1335 Ideo
508 1286 703 1334 autem
732 1271 1155 1332 irreformabile
1190 1283 1328 1354 ante
1362 1271 1626 1332 Ecclesiae
1666 1293 2017 1335 consensum
2053 1295 2196 1334 cen-

60 1382 221 1431 setur
257 1393 377 1430 non
405 1391 528 1430 esse
554 1368 628 1434 ab
646 1367 819 1446 hujus
854 1366 1083 1427 articuli
1111 1366 1447 1427 auctoribus
1468 1366 1763 1445 judicium
1790 1370 2009 1428 summi
2037 1372 2192 1430 Pon-

61 1467 230 1525 tificis
261 1467 323 1525 in
357 1463 696 1545 dogmaticis
727 1461 974 1522 decretis
995 1508 1011 1536 .,
1050 1463 1184 1545 quia
1220 1463 1333 1544 ipsi
1368 1462 1613 1522 minime
1656 1462 2030 1523 infallibilem
2066 1487 2195 1526 esse

63 1562 402 1622 existimant
436 1560 498 1618 in
543 1580 647 1617 suo
687 1559 1016 1638 magisterio
1062 1557 1328 1637 ejusdem
1378 1558 1806 1617 auctoritatem.
1852 1560 2196 1620 Communis
2239 1565 2241 1568 ’

61 1669 259 1717 autem
294 1654 729 1718 Catholicorum
776 1654 1066 1714 sententia
1124 1663 1214 1717 est
1238 1699 1253 1728 ‚
1309 1674 1462 1712 rom.
1515 1653 1858 1713 Pontificem
1907 1655 2198 1731 ejusmodi

62 1735 489 1812 infallibilitatis
526 1749 913 1831 praerogativa
947 1771 980 1808 a
1013 1748 1247 1808 Christo
1282 1750 1535 1808 Domino
1573 1747 1887 1830 praeditum
1923 1771 2080 1826 esse,
2111 1752 2196 1812 ita

59 1859 127 1907 ut
139 1868 331 1908 errare
344 1857 623 1927 nequeat,
647 1866 779 1904 cum
803 1855 1087 1927 tanquam
1106 1866 1416 1926 supremus
1440 1844 1703 1904 Ecclesiae
1727 1846 1950 1906 Primas
1972 1846 2196 1929 aliquid

62 1942 136 2003 de
195 1942 311 2002 fide
362 1940 723 2001 credendum
769 1951 871 2000 aut
920 1938 1247 2001 tenendum
1313 1940 1602 1999 universis
1671 1939 1885 2020 Christi
1920 1941 2195 2003 fidelibus

59 2036 360 2119 proponit.

145 2132 286 2191 725.
338 2131 625 2204 Quoniam
665 2153 808 2194 vero
854 2151 925 2191 ex
973 2130 1127 2190 bene
1184 2130 1431 2190 definito
1484 2129 1819 2212 quaestionis
1868 2141 2026 2190 statu
2070 2136 2193 2210 ejus

63 2228 273 2289 solutio
327 2227 581 2286 maxime
633 2224 890 2309 pendet,
942 2225 1156 2286 idcirco
1209 2225 1497 2285 nonnulla
1547 2227 1959 2308 praemittenda
2011 2239 2187 2304 sunt,

64 2345 194 2405 quae
226 2322 382 2384 viam
416 2330 688 2382 sternant
715 2321 792 2382 ad
819 2321 987 2380 illum
1018 2332 1178 2381 recte
1214 2320 1713 2381 constituendum.

144 2418 287 2477 726.
338 2418 416 2477 Ac
445 2417 507 2475 10
538 2416 885 2499 dogmaticae
921 2415 1283 2476 definitionis
1315 2417 1593 2492 nomine,
1626 2437 1727 2476 seu
1747 2462 1762 2491 ⁷
1799 2427 1865 2475 ut
1902 2418 2042 2477 trito
2065 2423 2191 2498 jam

61 2514 340 2596 loquendi
387 2535 495 2573 usu
549 2513 803 2573 obtinuit
826 2560 842 2589 ‚
890 2513 1245 2574 definitionis
1283 2513 1453 2574 editae
1508 2536 1580 2572 eat
1627 2515 1913 2575 cathedra
1967 2517 2191 2597 signifi-

64 2621 228 2669 catur
267 2631 414 2688 rom.
458 2609 750 2668 Pontificis
780 2609 1083 2670 decretum
1107 2654 1123 2684 ,
1152 2630 1268 2692 quo
1310 2610 1589 2691 proponit
1638 2609 1862 2692 aliquid
1907 2612 2190 2674 universae

58 2704 324 2764 Ecclesiae
357 2704 431 2764 de
464 2704 577 2764 fide
605 2703 930 2764 tenendum
950 2750 967 2780 ‚
999 2716 1101 2763 aut
1134 2704 1534 2787 respuendum
1571 2705 1754 2768 veluti
1788 2705 1923 2766 fidei
1960 2718 2190 2769 contra·

64 2800 256 2875 rium,
291 2797 398 2858 sub
436 2820 694 2861 censurae
732 2811 834 2860 aut
865 2799 1254 2860 anathematis
1283 2821 1464 2883 poena
1501 2799 1610 2882 (2).

134 3003 202 3068 (l)
239 3003 376 3070 Apud
401 2982 674 3053 B‘ossuetum
705 3042 719 3065 ‚
750 3003 977 3070 Defensio
1000 3005 1083 3054 de.-
1164 3008 1366 3055 veniunt
1385 3006 1676 3055 decretorum
1691 3043 1705 3065 ‚
1725 3006 1784 3055 de
1799 3006 1970 3071 quibus
1986 3011 2182 3073 agimus.

68 3083 235 3133 clarat.
283 3094 541 3134 conventus
582 3084 698 3134 cleri
742 3085 925 3136 Gallio.
953 3085 1078 3152 epp.
1165 3085 1449 3154 Quanquam
1466 3090 1593 3136 enim
1610 3088 1711 3135 haec
1731 3091 1890 3136 omnia
1905 3106 1987 3154 pro
2003 3107 2186 3142 summa

69 3166 187 3214 edit.
216 3168 292 3214 cit.
322 3167 418 3216 vol.
448 3185 579 3217 xxxi.
1166 3173 1432 3218 auctoritate
1456 3207 1470 3230 .,
1501 3188 1556 3218 ex
1584 3187 1676 3236 qua
1699 3169 1974 3230 dimanant,
2019 3190 2184 3238 magno

139 3250 205 3314 (2)
239 3251 530 3316 Quapropter
553 3270 705 3318 neque
731 3253 845 3301 facta
865 3269 1082 3318 persona·
1164 3269 1342 3318 semper
1365 3256 1416 3301 in
1448 3255 1593 3318 pretio
1618 3251 1836 3301 habenda
1865 3255 1958 3301 sint
1972 3290 1989 3316 ,
2009 3273 2061 3304 ac
2090 3257 2181 3304 hu-

70 3332 131 3380 lia
154 3369 168 3392 ‚
197 3348 351 3397 neque
381 3344 627 3399 praecepta‚
655 3352 805 3400 neque
836 3337 1080 3399 rescripta,
1170 3336 1271 3383 mili
1310 3338 1478 3384 mentis
1520 3334 1742 3401 obsequio
1790 3352 1845 3383 ac
1893 3341 2185 3386 veneratione

72 3430 230 3479 neque
267 3415 543 3477 opiniones,
579 3434 694 3480 quas
713 3417 966 3465 identidem
983 3434 1088 3481 pro·
1170 3420 1264 3465 sint
1307 3417 1609 3482 excipienda,
1649 3417 1797 3466 nihilo
1838 3428 1995 3467 tamen
2027 3421 2184 3468 minus

75 3505 213 3544 munt
244 3514 362 3544 rom.
397 3496 641 3547 Pontifices
656 3533 675 3560 ,
717 3516 869 3566 neque
905 3501 1089 3549 decreta
1170 3516 1268 3547 non
1288 3501 1575 3546 constituunt
1593 3498 1914 3549 definitionem
1944 3515 1998 3547 ex
2023 3500 2182 3550 cathe-

74 3578 355 3643 discsplinae,
382 3595 534 3644 neque
564 3581 830 3630 omissiones
854 3582 1087 3630 definitio-
1170 3583 1252 3630 dra
1273 3619 1287 3643 ,
1319 3583 1377 3630 de
1408 3600 1500 3648 qua
1530 3582 1770 3648 loquimur
1787 3619 1801 3644 ,
1836 3594 1880 3633 et
1902 3586 2059 3648 inqua
2086 3584 2184 3633 sola

74 3660 147 3707 nis
165 3696 177 3717 ‚
202 3659 383 3725 aliaque
410 3660 458 3709 id
484 3678 626 3726 genus
657 3661 854 3727 plurima
879 3665 929 3712 in
949 3681 1089 3713 censu
1171 3663 1453 3714 adstruimus
1473 3663 2183 3716 pontificiamuinfallibilitatem.

157 3739 222 3798 T.
278 3740 418 3798 VIII.
1867 3743 1946 3802 32
