2514 4218
2063 165 2183 226 273

494 183 655 225 PART.
704 186 744 222 1.
792 183 916 221 GAP.
958 185 1042 223 IV.
1090 185 1161 224 DE
1202 185 1475 223 ECCLESIAE
1509 186 1762 224 DOTIBUS.

66 334 128 393 in
163 331 319 406 aliis,
362 330 442 390 sic
479 337 539 387 et
573 329 636 387 in
670 325 782 385 hoc
818 325 1060 385 articulo
1096 348 1128 385 a
1165 325 1428 386 doctrina
1454 325 1718 386 Ecclesiae
1751 319 2047 390 catholicae
2083 352 2181 391 re-

68 435 394 497 cesserunt,
433 420 598 481 facile
622 419 685 478 id
718 421 854 502 ipsis
881 419 1172 479 dabimus.
1206 420 1506 501 Siquidem
1534 443 1656 479 non
1678 420 1994 482 defuerunt
2021 424 2182 485 haud

67 521 236 604 pauci
269 517 544 578 neoterici
570 516 727 575 inter
753 516 908 596 ipsos
927 515 1104 574 etiam
1129 515 1485 590 Catholicos,
1518 517 1655 596 qui,
1683 536 1897 595 magno
1920 518 2178 582 Ecclesiae

50 611 241 681 ¹totius
286 611 589 688 scandalo,
630 609 1086 670 Protestantium
1133 609 1372 687 vestigia
1411 631 1677 689 premere
1722 612 1968 671 minime
2011 615 2181 674 veriti

68 721 209 769 sunt
229 754 244 783 ,
276 709 550 767 docentes
566 751 583 783 ,
611 705 837 765 nullam
861 703 1095 786 proprie
1125 702 1341 761 dictam
1365 705 1770 765 auctoritatem
1795 706 2183 786 legislativam

67 814 399 885 competere
421 801 806 863 ecclesiasticae
839 798 1113 881 potestati
1144 797 1207 857 in
1230 819 1321 857 res
1345 801 1710 880 pertinentes
1735 801 1811 861 ad
1834 804 2181 866 exteriorem

66 899 434 980 disciplinam
455 944 472 972 ,
509 917 636 979 quae
669 895 879 955 afficiat
907 893 1177 952 homines
1203 903 1381 974 prout
1412 893 1565 954 cives
1597 907 1734 954 sunt
1754 942 1770 971 ,
1796 908 1859 957 et
1883 919 2014 979 quae
2048 921 2181 962 cum

67 994 273 1053 ordine
308 993 542 1075 politico
584 988 915 1072 reipublicae
948 998 1088 1046 sunt
1133 1008 1425 1048 connexae.
1466 990 1652 1068 Hujus
1689 993 1848 1050 enim
1883 996 2182 1058 exterioris

70 1087 391 1169 disciplinae
423 1084 744 1146 sanciendae
764 1092 1115 1165 potestatem
1142 1082 1505 1165 Principibus
1529 1083 1834 1161 tribuunt3
1880 1093 2186 1171 potestatis

65 1194 263 1242 autem
289 1182 626 1262 legislativae
654 1178 1043 1240 ecclesiasticae
1074 1178 1365 1257 objectum
1390 1179 1538 1239 illud
1563 1179 1752 1241 solum
1789 1204 1911 1245 esse
1935 1199 2185 1247 contem⁸

64 1278 248 1351 dunt,
290 1277 446 1360 quod
479 1275 733 1359 pertinet
764 1273 838 1333 ad
876 1274 1208 1334 doctrinam
1239 1274 1637 1355 evangelicam
1669 1276 1803 1338 fidei
1845 1291 1906 1339 et
1946 1303 2181 1345 morum

67 1385 243 1456 atque
279 1375 782 1432 Sacramentorum
812 1365 1442 1430 administrandorum.

147 1468 291 1528 413.
365 1469 589 1527 Horum
662 1465 991 1526 doctrinam
1059 1486 1226 1526 suam
1297 1465 1432 1524 fecit
1500 1466 1756 1549 synodus
1829 1469 2188 1535 PiStoriensis

64 1585 234 1645 prop.
278 1563 349 1622 lv
368 1607 387 1638 ,
411 1561 708 1621 affirmans
736 1561 1058 1622 :Abusum
1076 1565 1208 1640 fore
1235 1565 1616 1622 auctoritatis
1643 1564 1950 1640 Ecclesioe‚
1979 1572 2187 1629 trans-

57 1659 305 1738 ferendo
339 1659 511 1717 illam
555 1659 720 1716 ultra
747 1659 966 1716 limites
1001 1658 1287 1716 doctrinae
1319 1678 1391 1715 ac
1425 1678 1704 1725 morum,
1744 1670 1800 1717 et
1824 1681 1956 1718 eam
1982 1674 2185 1724 erten-

64 1756 249 1814 dendo
280 1754 366 1812 ad
387 1775 478 1812 res
513 1758 856 1824 exteriores,
886 1763 942 1811 et
954 1774 1072 1832 per
1100 1774 1231 1811 eam
1265 1754 1548 1832 ewiqendo
1585 1755 1685 1822 id,
1712 1756 1875 1833 quod
1887 1759 2112 1834 pendet
2142 1783 2184 1820 a

52 1854 445 1930 persuasione
466 1861 520 1909 et
545 1851 715 1910 corde
731 1893 752 1921 ,
784 1860 913 1908 tum
935 1850 1326 1908 etiam⁴multo
1358 1853 1569 1907 miuus
1599 1850 1686 1933 ad
1710 1870 1843 1907 eam
1859 1858 2184 1929 pertinere,

64 1951 291 2027 erigere
304 1968 423 2026 per
442 1950 567 2005 vim
590 1949 939 2004 exteriorem
967 1946 1393 2022 subjectionem
1417 1949 1543 2004 suis
1559 1945 1822 2003 decretis.
1847 1946 1983 2005 Haec
2005 1969 2184 2028 porro

69 2043 383 2122 propositio
423 2063 456 2100 a
498 2042 601 2100 Pio
630 2042 703 2100 VI
725 2086 742 2115 ,
779 2040 842 2098 in
877 2040 1111 2099 constit.
1162 2041 1480 2099 Auctorem
1516 2039 1667 2117 fidei
1699 2064 1717 2097 .·
1761 2051 2058 2118 quatenus
2091 2048 2184 2103 in-

66 2138 453 2195 determinate
475 2138 598 2194 illis
629 2137 822 2196 verbis
845 2158 858 2192 :
889 2136 1245 2194 eoetendeudo
1266 2135 1353 2192 ad
1371 2156 1463 2192 res
1486 2137 1829 2204 eaeteriores,
1851 2146 2006 2195 notet
2025 2139 2190 2198 velut

69 2232 330 2290 abusum
374 2233 750 2289 auctoritatis
800 2231 1084 2290 Ecclesiae
1128 2251 1309 2288 usum
1341 2233 1471 2307 ejus
1508 2233 1818 2308 potestatis
1848 2243 2101 2311 aceeptoe
2144 2256 2185 2294 a

68 2327 229 2398 Dec,
260 2346 385 2406 qua
418 2329 518 2384 usi
554 2335 699 2384 sunt
732 2335 787 2382 et
808 2327 933 2404 ipsi
963 2325 1231 2403 Apostoli
1258 2327 1329 2381 in
1362 2325 1691 2402 disciplina
1726 2328 2011 2383 exteriore
2039 2349 2185 2387 con-

66 2421 370 2481 stituenda
394 2431 451 2478 et
476 2420 801 2479 sancienda
825 2462 843 2496 ,
880 2419 1158 2480 haeretica
1192 2413 1553 2492 declaratur,
1583 2427 1758 2499 atque
1780 2428 1847 2477 ut
1881 2418 2012 2478 talis
2041 2442 2181 2502 pro-

67 2697 176 2747 Ant.
196 2698 388 2766 Pei-cyra
399 2734 413 2759 ,
438 2697 536 2748 Jos.
560 2698 617 2747 de
637 2697 939 2747 Lemosmello
956 2731 971 2757 ,
989 2706 1076 2745 etc.

67 2783 148 2847 qui
183 2797 344 2828 omnes
377 2782 545 2828 notorii
575 2781 762 2828 fuerunt
779 2782 1075 2846 jansenistae3

67 2879 152 2910 nec
171 2879 267 2910 non
295 2862 414 2927 leges
429 2861 656 2910 Pombalii
677 2864 867 2928 ejusque
894 2859 1078 2910 consilii

68 2945 407 3005 ministerialis,
450 2953 540 2993 etc.
579 2943 678 2992 cfr.
726 2960 841 3007 opus
885 2941 961 2992 cui
1004 2946 1078 2993 tit.

67 3022 383 3091 Sammlunq,
417 3035 508 3074 etc.
560 3042 639 3073 seu
687 3023 912 3073 Collectio
955 3040 1082 3071 non-

69 3103 308 3156 nullorum
368 3105 755 3156 documentorum
803 3106 1081 3173 officialium

70 3189 236 3249 maqm'
259 3192 482 3248 ’nomenti
507 3190 572 3238 ad
594 3189 957 3238 inserviendum
980 3188 1081 3236 his-

71 3268 206 3315 torioe
237 3273 632 3338 emancipationis
658 3270 994 3320 catholicorum
1025 3272 1082 3317 iu

72 3346 290 3412 Anqlia,
335 3351 454 3401 edita
497 3372 523 3403 a
558 3354 633 3404 CI.
681 3353 807 3419 Aug.
852 3353 1079 3414 Theiner,

73 3428 284 3494 Mogunt.
309 3430 454 3495 1835,
474 3445 519 3483 et
532 3438 807 3502 opusculum
826 3437 1041 3502 Lingardi
1063 3453 1079 3487 z

80 3511 421 3561 Observatiom
465 3530 528 3562 on
560 3516 637 3565 the
682 3517 797 3569 lawe
819 3554 834 3578 ,
880 3529 967 3568 etc.
998 3535 1077 3567 seu

78 3594 440 3644 Observationes
458 3597 587 3645 circa
613 3597 731 3662 leqes
743 3609 787 3648 et
814 3601 1080 3650 ordinatio-

73 3693 155 3726 nes
173 3715 186 3737 ‚
215 3694 321 3742 quoe
347 3678 615 3727 subsistant
636 3680 695 3728 in
711 3681 911 3732 statibus
928 3690 1079 3732 exter-

154 3758 218 3818 T.
265 3759 414 3818 V111.

1164 2697 1262 2756 nist,
1279 2695 1508 2749 relativas
1523 2694 1588 2742 ad
1601 2695 1790 2758 neyotia
1818 2694 2041 2760 reliyiosa
2068 2699 2182 2747 sub-

1165 2778 1372 2826 ditorum
1401 2793 1597 2825 romano
1628 2775 1988 2839 catholicorum,
2029 2777 2178 2847 1817,

1164 2860 1288 2926 quod
1316 2870 1470 2924 postea
1499 2861 1722 2907 insertum
1755 2868 1822 2908 est
1850 2861 1900 2907 in
1940 2860 2032 2908 alio
2060 2865 2183 2928 ejus-

1164 2942 1270 2990 dem
1303 2959 1383 3007 op.
1429 2941 1481 2990 A
1520 2940 1763 2989 collection
1792 2941 1853 3005 of
1883 2949 2062 3003 trac-ts,
2103 2961 2185 2993 seu

1168 3022 1388 3071 Collectio
1431 3022 1765 3088 opusculorum
1811 3022 1868 3070 de
1911 3026 2066 3073 variis
2097 3042 2182 3074 ar-

1161 3107 1403 3171 9umentis
1434 3106 1662 3154 connexis
1686 3121 1795 3152 cum
1807 3107 2084 3173 principiis
2109 3109 2182 3156 ci-

1161 3188 1341 3237 vil-ibas
1393 3197 1438 3237 et
1489 3186 1725 3251 reliqiosis
1789 3187 2129 3238 catholicorum
2167 3228 2182 3252 ,
2212 3209 2215 3214 ¹

1162 3271 1316 3322 Lond.
1361 3267 1489 3318 1825
1508 3307 1521 3328 ,
1554 3266 1659 3316 ixx-8
1680 3305 1691 3326 ‚
1722 3284 1830 3333 pag.
1851 3267 2092 3339 447-479.
2108 3270 2183 3320 Ex

1163 3354 1289 3402 hisce
1323 3354 1476 3418 palam
1511 3352 1589 3412 sit,
1628 3353 1821 3417 quinam
1851 3355 1942 3401 sint
1974 3364 2182 3403 auctores

1163 3435 1407 3497 catholici,
1431 3435 1490 3483 ad
1520 3451 1636 3499 quos
1671 3433 1880 3499 confugit
1899 3434 2099 3494 palmer,
2134 3443 2182 3484 et

1164 3521 1215 3567 in
1244 3519 1414 3585 quibus
1442 3518 1669 3566 tutissime
1713 3520 2004 3584 conquiescit
2031 3515 2180 3566 veluti

1165 3601 1476 3650 monumentis
1499 3598 1703 3648 indubiae
1727 3600 1837 3650 fidei
1866 3610 2003 3665 atque
2030 3599 2179 3648 inelu-

1165 3682 1343 3733 ctabilis
1373 3679 1667 3732 auctoritatis.

1857 3758 1933 3817 18
