2514 4218
277 108 397 169 434

866 121 1061 162 TRAG‘r.
1111 121 1178 156 ΒΕ
1223 117 1376 155 mols
1421 116 1800 157 THBOLOGICIS.

357 269 495 329 624.
546 268 678 327 Non
729 264 943 324 desunt
980 263 1079 344 qui
1125 258 1543 340 gallicanorum
1587 259 1979 334 sententiam,
2024 260 2098 319 de
2137 282 2408 343 suprema

276 363 517 425 Concilii
564 359 849 442 generalis
900 355 1281 428 auctoritate,
1336 352 1434 412 vix
1478 351 1762 412 haereseos
1801 375 1920 413 non
1963 356 2233 414 incusent
2274 357 2407 438 (l);

276 471 418 520 sunt
468 480 500 518 e
533 468 732 518 contra
770 454 871 537 qui
906 474 979 513 ex
1014 450 1294 532 gallicana
1331 447 1615 528 ejusmodi
1645 447 1907 509 doctrina
1939 462 2124 512 totam
2151 452 2412 514 Ecclesiae

280 554 665 616 oeconomiam
690 548 949 633 pendere
979 546 1274 606 affirment
1293 545 1386 626 (2)
1406 590 1422 619 ,
1450 542 1893 626 doctrinamque
1921 546 2218 607 saniorum
2249 547 2412 608 theo-

268 651 537 731 logorum
564 647 637 707 de
665 665 934 726 suprema
959 665 1110 702 rom.
1141 641 1435 702 Pontificis
1464 639 1807 700 auctoritate
1832 640 2017 702 veluti
2045 643 2409 723 paradoxum

274 746 535 825 rejiciant
574 741 689 821 (3).
729 739 1007 800 Nonnulli
1049 738 1304 820 denique
1345 738 1500 795 intra
1537 734 1745 795 scholae
1773 747 1939 818 septa
1978 748 2262 820 tanquam
2288 760 2415 800 om..

278 841 422 902 nino
465 837 850 920 adiaphoram
881 847 1067 895 totam
1101 835 1250 893 hanc
1273 833 1652 917 quaestionem
1687 832 2008 892 amendant
2039 833 2153 915 (4).
2189 834 2412 895 Verum

265 1077 487 1127 doctrinae
526 1073 852 1123 defensionem
891 1069 1099 1132 suscepi,
1131 1084 1185 1116 eo
1224 1065 1297 1116 vel

267 1160 411 1224 magis
431 1196 444 1217 ‚
497 1156 625 1223 quod
674 1168 837 1203 omnes
886 1150 1111 1201 hoeretici
1152 1148 1298 1214 hujus

264 1240 514 1306 temporis,
543 1249 594 1287 ut
618 1237 825 1303 loquitur
847 1231 1181 1291 Bellarminus‚
1202 1232 1295 1280 loc.

263 1325 345 1372 cit.
380 1338 485 1387 cap.
521 1317 609 1383 14,
639 1334 744 1367 eam
770 1314 1034 1365 doctrinam
1062 1313 1294 1379 complexi

262 1407 355 1453 sint
376 1420 428 1453 ac
451 1402 683 1450 mordicus
714 1409 955 1448 tueantur.

327 1486 399 1551 (l)
417 1485 535 1533 Sane
550 1483 856 1532 Bellarminus
870 1516 885 1546 ‚
902 1499 978 1546 op.
996 1482 1073 1529 cit.
1090 1497 1188 1545 cap.
1210 1495 1290 1545 17,

265 1586 375 1618 cum
425 1569 657 1616 statuisset
704 1565 827 1613 hanc
871 1564 1234 1628 propositionem
1275 1577 1292 1610 e

263 1647 499 1699 Summus
526 1646 751 1711 Pontifex
776 1644 1066 1710 simpliciter
1090 1652 1135 1692 et
1159 1643 1295 1692 abso·
1318 1648 1322 1652 ’

267 1734 364 1782 lute
402 1740 470 1780 est
511 1746 659 1794 supra
704 1725 975 1778 Ecclesiam
1017 1727 1296 1775 universam

263 1825 311 1864 et
345 1830 494 1881 supra
527 1809 807 1861 Concilium
834 1807 1054 1874 qenerale
1073 1847 1085 1869 ‚
1132 1810 1204 1856 ita
1242 1818 1299 1856 ut

264 1897 455 1948 nullam
503 1897 559 1943 in
598 1896 739 1941 terris
781 1908 929 1957 supra
971 1908 1019 1939 se
1041 1890 1296 1957 judicium

266 1983 522 2046 aquo-scat,
568 1974 730 2042 adjicit
775 1972 943 2024 :Haec
986 1974 1293 2039 (propositio)

267 2070 336 2110 est
359 2061 461 2125 fere
493 2058 550 2106 de
568 2057 683 2122 fide.

333 2142 399 2206 (2)
439 2140 506 2189 Ita
530 2139 762 2204 Dupinius
778 2174 792 2197 ,
825 2139 905 2185 De
929 2137 1084 2200 antiq.
1106 2135 1155 2183 Ε
1157 2134 1293 2189 ecles.

267 2222 528 2289 disciplina
547 2259 561 2281 ‚
592 2227 711 2269 tom.
747 2234 781 2267 n
802 2255 816 2279 ‚
847 2236 954 2284 pag.
996 2235 1011 2266 1
1029 2235 1084 2286 ¹7
1110 2255 1125 2278 ,
1162 2224 1222 2267 eb
1241 2237 1292 2267 ex

273 2323 327 2356 eo
359 2302 517 2370 Spitz‚
558 2304 609 2350 in
644 2299 786 2350 Nova
813 2299 991 2349 collect.
1018 2299 1204 2348 dissert.
1238 2301 1295 2349 in

255 2389 349 2453 jus
372 2384 534 2435 eccles.
558 2383 650 2434 vol.
688 2400 704 2431 ι
727 2420 741 2444 ,
772 2401 877 2449 pag.
900 2380 1025 2446 204.
1048 2381 1104 2429 Si
1126 2384 1257 2430 enim
1277 2421 1291 2442 ‚

272 2471 432 2529 aiunt,
466 2482 589 2515 rom.
618 2462 850 2528 Pontifeae
890 2462 1126 2512 Conciliis
1155 2480 1296 2530 supe-

272 2552 375 2599 rior
403 2555 644 2596 asseratur
663 2580 680 2609 ,
717 2548 821 2595 ruit
864 2547 1023 2594 omnis
1059 2544 1296 2595 Ecclesiae

271 2632 490 2689 libertas,
521 2627 743 2678 Concilia
770 2644 860 2676 sua
888 2630 1171 2677 auctoritate
1188 2645 1296 2695 spo-

270 2715 458 2764 liantur
471 2751 485 2774 ,
508 2728 715 2762 canones
729 2713 785 2759 in
801 2712 999 2761 irritum
1017 2713 1292 2771 mittuntur,

272 2798 438 2845 omnia
474 2795 541 2844 ad
580 2796 730 2842 unius
756 2793 1016 2858 Pontificis
1045 2802 1221 2842 nutum
1252 2802 1297 2842 et

273 2878 526 2927 arbitrium
565 2883 883 2933 revocantum
922 2893 1030 2940 quoe
1072 2878 1119 2923 si
1153 2876 1299 2924 semel

275 2959 616 3020 admittantur,
632 2955 682 3008 E
684 2956 865 3008 cclesioe
879 2956 1138 3022 qallicanae
1156 2957 1296 3007 liber-

276 3046 397 3089 tates
435 3039 566 3088 nullo
598 3049 744 3106 pacto
788 3041 915 3087 tueri
953 3041 1064 3104 quis
1093 3042 1291 3107 poterit.

278 3121 354 3171 Sic
378 3124 514 3170 etiam
547 3121 780 3171 Schroekh
800 3160 814 3183 ‚
852 3120 1138 3171 Christliclie
1166 3121 1292 3171 Kir-

274 3201 651 3268 chenqeschichte
669 3241 683 3265 ,
730 3222 809 3253 seu
844 3202 1074 3252 Historia
1125 3203 1175 3252 E
1175 3203 1291 3253 ccle-

273 3288 366 3334 sioe
401 3284 710 3346 christinam,
742 3294 859 3351 part.
914 3305 970 3345 v,
1004 3304 1108 3352 pag.
1154 3285 1288 3351 456,

277 3370 446 3437 pariter
472 3385 497 3415 a
519 3367 907 3417 ,determinatione
926 3370 1186 3435 quaestionis
1204 3370 1292 3418 hu-

277 3453 351 3516 jus
380 3446 674 3513 disciplinam
703 3447 911 3498 Ecclesiae
944 3460 1083 3518 atque
1118 3451 1290 3499 hierar·

275 3531 425 3579 chiam
466 3530 730 3596 dependere
766 3541 991 3587 autumat.
1036 3533 1135 3582 Cfr.
1167 3535 1287 3600 apud

281 3600 557 3682 Roskovany
571 3648 587 3674 ‚
612 3610 692 3661 De
703 3614 925 3679 primatu
944 3615 1101 3683 Papoe
1120 3653 1133 3677 ,
1164 3614 1190 3682 S
1210 3614 1287 3683 76.

1446 1063 1513 1131 (3)
1551 1064 1652 1115 Hac
1669 1065 1727 1115 de
1742 1083 1878 1115 causa
1896 1066 2112 1116 nonnulli
2138 1069 2405 1141 scriptores⁹

1378 1149 1428 1195 in
1462 1148 1831 1214 ephemeridibus
1860 1149 2127 1214 theologicis
2150 1186 2165 1213 ,
2197 1149 2408 1217 Tfibing.

1386 1226 1531 1291 1822,
1562 1248 1611 1296 p.
1631 1227 1729 1297 687
1752 1268 1764 1290 ,
1800 1230 1873 1279 Cl.
1897 1230 2129 1280 Comitem
2147 1232 2205 1281 de
2225 1232 2413 1282 Maistre

1379 1314 1586 1362 censoria
1656 1312 1786 1377 virga
1849 1316 2214 1380 perstrinxerunt
2242 1331 2257 1378 3
2315 1317 2411 1364 imo

1377 1391 1798 1444 Droste·Hiilshoff
1817 1430 1833 1455 ,
1872 1398 1922 1443 in
1967 1412 2045 1462 op.
2099 1395 2411 1446 Grundsa'tze

1378 1475 1459 1524 des
1483 1474 1855 1524 Kirchenrechts
1871 1508 1889 1539 ,
1928 1495 2010 1527 seu
2037 1480 2306 1545 Principia
2316 1482 2411 1546 ju-

1377 1558 1449 1606 ris
1478 1559 1708 1607 canonici
1722 1596 1736 1619 ‚
1762 1571 1874 1608 tom.
1905 1577 1938 1607 ιι
1959 1597 1972 1620 ,
1998 1579 2105 1626 pag.
2144 1559 2264 1623 153,
2299 1580 2410 1612 nar-

1380 1650 1466 1700 rat,
1488 1658 1534 1690 se
1559 1656 1616 1688 ea·
1635 1650 1763 1690 certa
1787 1643 1990 1690 scientia
2020 1647 2251 1709 accepisse
2275 1662 2409 1693 eum-

1377 1722 1485 1771 dem
1530 1739 1656 1772 com.
1699 1723 1770 1772 De
1810 1723 2032 1786 Maistre,
2079 1726 2140 1774 ob
2180 1727 2408 1791 paradoxa

1379 1808 1609 1871 quaepiam
1638 1806 1848 1868 adserta,
1875 1823 1907 1854 a
1935 1809 2151 1856 romanis
2181 1808 2407 1874 theoloqis

1377 1888 1433 1935 in
1454 1886 1617 1935 album
1638 1887 1973 1937 hoereticorum
1992 1890 2168 1940 referri.
2185 1890 2280 1956 Ego
2300 1909 2405 1941 vere

1378 1970 1566 2035 ignoro,
1588 1987 1614 2017 a
1635 1969 1918 2036 quibusnam
1948 1973 2152 2019 romanis
2184 1972 2405 2038 theologis

1378 2052 1486 2099 talia
1501 2055 1725 2116 acceperit
1738 2063 1896 2101 auctor
1911 2056 2010 2101 iste.
2029 2053 2265 2119 Equidem
2285 2073 2404 2118 reor,

1378 2135 1531 2198 ipsum
1548 2137 1742 2183 nomine
1759 2151 2064 2183 romanorum
2083 2136 2404 2201 theologorum

1379 2216 1574 2264 voluisse
1611 2215 1876 2281 significare
1925 2218 2104 2285 aliquos
2129 2221 2404 2284 janseniana

1377 2296 1453 2345 lue
1481 2298 1701 2362 infectos3
1731 2298 1849 2347 illud
1875 2302 2000 2348 enim
2039 2309 2169 2348 certa
2199 2302 2405 2351 scientia

1377 2383 1504 2440 novi,
1518 2397 1656 2446 opera
1673 2396 1795 2431 com.
1808 2382 1865 2431 de
1880 2382 2066 2432 Maistre
2082 2382 2238 2431 Romae
2253 2386 2405 2450 magni

1378 2463 1477 2513 fieri
1491 2501 1505 2525 ‚
1520 2467 1615 2514 imo
1633 2483 1748 2531 opus
1770 2465 1848 2513 De
1867 2464 2008 2532 Papa
2029 2484 2138 2515 cum
2153 2467 2254 2516 aliis
2274 2471 2406 2534 ejus-

1378 2545 1485 2595 dem
1547 2548 1605 2596 cl.
1659 2551 1862 2596 auctoris
1915 2549 2130 2614 operibus
2166 2550 2305 2598 fuisse
2347 2568 2400 2599 ex

1377 2628 1541 2692 gallico
1575 2631 1626 2678 in
1654 2629 1860 2678 italicum
1895 2632 2066 2680 idioma
2089 2631 2363 2680 translatum
2384 2668 2399 2697 ‚

1377 2727 1431 2758 ac
1462 2712 1584 2776 typis
1611 2712 1788 2761 editum
1813 2730 1920 2761 cum
1948 2714 2321 2763 adnotationibus
2338 2713 2399 2764 cl.

1378 2792 1643 2844 Marchetti.
1686 2795 1895 2844 Isidorus
1933 2794 2190 2858 Guzmiez,
2231 2796 2398 2846 Theoi.

1381 2873 1558 2922 Christ.
1591 2876 1819 2940 fundam.
1865 2895 1966 2944 pag.
2007 2876 2136 2941 348,
2182 2879 2399 2928 eumdem

1375 2967 1610 3008 auctorem
1627 2976 1687 3008 ex
1716 2977 1770 3009 eo
1799 2966 1999 3010 severius
2027 2972 2186 3010 notare
2204 2977 2301 3009 non
2319 2962 2403 3011 du.

1376 3039 1567 3104 bitavit‚
1598 3041 1727 3108 quod
1762 3053 1923 3092 contra
1953 3051 2131 3091 rectam
2168 3042 2399 3092 Ecclesiae

1374 3121 1656 3172 christianae
1714 3126 1954 3173 notionem
2013 3140 2401 3191 communemque

1373 3221 1564 3253 sensum
1582 3206 1885 3273 paradoxum
1901 3207 1957 3254 de
1974 3209 2257 3257 auctoritate
2271 3226 2394 3258 rom.

1377 3287 1651 3353 Pontificis‚
1666 3296 1899 3352 quatenus
1912 3305 1967 3336 ea
1981 3292 2260 3339 auctoritati
2272 3291 2398 3339 Con-

1372 3370 1482 3419 cilii
1508 3370 1750 3436 generalis
1780 3375 2042 3439 opponitur
2061 3410 2074 3434 ,
2109 3377 2397 3423 sententiam

1379 3454 1661 3518 defenderit.
1698 3453 1800 3503 Cfr.
1832 3457 1953 3521 apud
1982 3455 2250 3525 Rolkovany
2269 3494 2283 3518 ‚
2316 3475 2395 3522 op.

1377 3537 1459 3584 cit.
1493 3533 1519 3601 §
1551 3552 1633 3603 77.

1453 3617 1519 3680 (k)
1558 3617 1624 3666 Ita
1666 3614 1836 3666 Scheill
1853 3656 1867 3679 ‚
1916 3620 2166 3671 Kriticher
2210 3621 2393 3671 Comm.
