2514 4218
265 168 383 229 530
849 186 1045 224 TaAcr.
1090 187 1158 223 nn
1191 187 1343 226 Locis
1386 185 1767 225 Tnssozoeieffi.

267 331 663 397 concludimus
686 374 703 406 ,
749 349 821 389 ex
865 329 992 410 ipso
1031 329 1184 388 facto
1225 329 1418 390 evinci
1456 328 1793 390 inerrantiae
1838 330 1996 390 dono
2040 333 2316 413 praeditos
2352 362 2387 400 a

247 429 496 491 >Christo
538 447 663 486 esse
701 447 852 484 rom.
891 425 1201 485 Pontifices
1236 447 1310 485 ex
1347 423 1625 485 cathedra
1667 423 2031 488 definientes.
2076 431 2196 490 Nec
2229 433 2389 495 enim

263 526 481 606 absque
523 522 705 585 divini
741 520 992 605 praesidii
1029 543 1274 582 munere
1298 522 1424 582 fieri
1460 521 1688 603 potuit,
1724 532 1822 598 ut,
1861 521 2267 587 deficientibus
2301 550 2390 590 ce-

261 622 398 682 teris
424 619 750 703 apostolicis
776 617 1036 678 Ecclesiis
1060 616 1359 693 omnihuS,
1394 617 1516 678 sola
1547 638 1792 678 romana
1817 618 1994 680 Sedes
2016 641 2096 681 ex
2119 634 2209 683 tot
2230 633 2387 685 retro

261 717 465 778 seculis
498 717 744 776 immota
783 713 1122 797 perstiterit.

1113 908 1580 953 DIFFICULTATES

342 1073 493 1137 783.
540 1071 675 1152 Obj.
695 1072 905 1155 prima.
927 1069 1148 1131 Saltem
1166 1070 1458 1130 Honorius
1485 1070 1559 1131 ab
1589 1093 1784 1132 errore
1809 1072 2135 1156 dogmatico
2159 1078 2394 1159 purgari

260 1172 501 1255 nequit3
539 1169 758 1238 etenim
794 1170 923 1250 ipse
967 1168 1031 1226 10
1069 1166 1345 1250 epistolas
1383 1166 1551 1227 dedit
1593 1168 1669 1227 ad
1703 1170 1970 1252 Sergium
1994 1172 2394 1232 patriarcham

262 1263 1005 1347 Constantinopolitanum‚
1032 1273 1094 1324 et
1116 1262 1364 1346 proinde
1388 1261 1463 1322 ad
1486 1264 1704 1344 Cyrum
1729 1266 2130 1327 patriarcham
2155 1267 2396 1328 Alexan·

263 1364 500 1424 drinum
522 1408 539 1439 ‚
565 1363 664 1444 qui
689 1383 757 1421 eo
786 1359 1085 1421 mediante
1106 1359 1302 1441 ipsum
1331 1379 1565 1441 quoque
1588 1360 1961 1422 consuluerat
1986 1363 2050 1422 in
2078 1363 2397 1445 quaestione

261 1459 397 1519 fidei
419 1505 436 1535 ‚
477 1458 739 1538 adeoque
772 1456 1134 1535 dogmatica.
1185 1456 1256 1513 20
1288 1456 1359 1514 In
1398 1454 1489 1513 his
1529 1477 1671 1517 vero
1707 1457 1965 1539 epistolis
1999 1458 2212 1540 probat
2255 1480 2400 1520 con·-

228 1555 459 1623 .silium
496 1554 675 1633 Sergii
703 1564 764 1612 et
792 1552 925 1632 Cyri
967 1550 1040 1609 de
1069 1549 1383 1610 indicendo
1423 1549 1657 1609 silentio
1690 1554 2108 1633 profitentibus
2156 1554 2301 1614 duas
2333 1555 2399 1614 in

265 1650 500 1711 Christo
529 1648 915 1730 operationes
932 1645 997 1704 30
1017 1644 1382 1726 Improbavit
1402 1644 1711 1726 epistolam
1733 1648 2071 1727 synodicam
2091 1651 2405 1731 Sophronii

260 1743 610 1805 Patriarchae
647 1740 1193 1822 Hierosolymitani,
1238 1759 1371 1821 quae
1416 1739 1567 1799 lecta
1611 1751 1671 1800 et
1706 1741 2033 1804 orthodoxa
2073 1745 2277 1805 habita
2314 1755 2404 1806 est

261 1842 326 1901 in
352 1841 530 1901 Conc.
564 1838 926 1900 oecumenico
957 1838 1049 1896 VI.
1078 1835 1145 1895 40
1171 1836 1447 1918 Ineptum
1476 1851 1600 1896 esse
1624 1836 1913 1916 judicavit
1945 1845 2165 1900 sentire
2191 1853 2245 1900 et
2262 1862 2405 1921 pro-

261 1958 423 1998 mere
445 1956 637 1997 unam
657 1945 770 1993 aut
785 1934 1090 2014 duplicem
1114 1953 1231 1991 esse
1258 1935 1328 1990 in
1356 1931 1588 1992 Christo
1610 1937 2006 2012 operationem
2022 1936 2130 2015 (l).
2159 1936 2224 1993 5⁰
2242 1936 2408 1996 Affir-

263 2033 475 2108 mavit‚
487 2053 548 2091 se
569 2030 695 2115 pari
709 2029 906 2089 animo
920 2026 1258 2111 praedicare,
1275 2027 1437 2110 quod
1452 2026 1755 2088 haereticus
1771 2029 2161 2088 monothelita
2175 2030 2406 2111 Sergius

266 2126 655 2213 praedicabat,
699 2127 883 2185 finem
922 2124 1106 2207 priori
1141 2144 1256 2183 suae
1295 2123 1551 2206 epistolae
1592 2124 1681 2185 his
1719 2124 1916 2189 verbis
1959 2125 2175 2186 faciens
2213 2127 2408 2187 :Hoee

270 2227 587 2285 nobiscum
617 2225 985 2302 fraternitas
1020 2230 1214 2280 vestra
1234 2221 1532 2300 praedz'oet
1543 2263 1566 2292 ,
1591 2224 1753 2280 sicut
1783 2232 1842 2282 et
1872 2244 1978 2282 nos
2005 2244 2075 2282 ea
2102 2223 2408 2283 vobiscum

251 2323 652 2381 -wzanz'mz’ter
679 2318 1093 2398 praedicamus
1131 2315 1237 2398 (2).
1279 2316 1345 2374 60
1375 2317 1568 2375 Unam
1604 2317 1894 2378 adstruxit
1932 2320 1995 2378 in
2030 2319 2262 2379 Christo
2300 2340 2408 2380 vo-

271 2416 592 2490 luntatem,
620 2411 767 2471 dum
798 2412 880 2471 ait
911 2433 926 2472 z
978 2412 1178 2472 Unam
1202 2412 1570 2472 voluntatem
1588 2417 1868 2493 fatemur
1891 2416 1974 2474 D.
1998 2414 2086 2475 Ν.
2111 2416 2179 2476 J.
2212 2419 2271 2475 C.
2293 2414 2404 2496 (3).

272 2513 342 2572 70
377 2512 498 2571 Ν66
535 2508 738 2583 obest,
782 2506 1099 2567 formulam
1122 2507 1198 2565 ‘in
1233 2507 1430 2588 specie
1475 2509 1826 2569 catholicam
1866 2511 2192 2571 Honorium
2235 2516 2409 2569 usur-

275 2629 467 2691 passe,
489 2627 622 2665 cum
637 2603 1007 2685 exploratum
1023 2603 1122 2677 sit,
1145 2601 1353 2662 eadem
1372 2602 1624 2663 formula
1647 2605 1973 2687 iisdemque
1991 2606 2196 2664 Leonis
2215 2604 2409 2669 verbis

277 2726 450 2764 usum
476 2722 599 2762 esse
623 2699 887 2779 Sergium
911 2696 1400 2776 monothelitam,
1426 2697 1571 2759 dum
1605 2700 1669 2759 in
1703 2700 1950 2783 epistola
1981 2700 2058 2760 ad
2083 2701 2411 2761 Honorium

280 2796 657 2883 significavit,
687 2815 749 2853 se
773 2792 849 2853 ad
871 2781 1207 2855 Heraclium
1236 2794 1558 2875 scripsisse,
1588 2806 1656 2854 ut
1689 2807 2066 2878 permaneret
2098 2801 2170 2856 in
2199 2803 2413 2858 attrita

282 2897 550 2955 Patrnm
588 2893 899 2961 doctrina,
928 2910 1116 2970 quam
1150 2911 1350 2950 omnes
1377 2902 1769 2952 consonanter
1798 2893 2225 2972 confitentur...
2268 2894 2412 2955 Uni·

280 2994 552 3071 yenitum
591 2988 829 3049 Filium
870 2987 1022 3060 Dei,
1071 2988 1186 3066 qui
1224 2991 1517 3047 veraciter
1559 2989 1727 3049 Deus
1771 2993 1961 3049 simui
1994 3000 2050 3049 et
2088 2990 2256 3049 homo
2295 2998 2411 3059 est,

287 3087 561 3146 eumdem
606 3087 854 3164 operari
888 3082 1107 3141 divina
1149 3092 1205 3141 et
1245 3083 1556 3154 hemana,-
1623 3095 1679 3143 et
1715 3107 1787 3145 ea·
1830 3107 1893 3145 eo
1936 3087 2061 3145 nno'
2098 3084 2411 3164 eodemque

289 3187 610 3240 incarnato
654 3182 773 3239 Deo
824 3179 1011 3241 Verbo
1026 3221 1049 3251 ,
1087 3180 1248 3238 siout
1259 3183 1407 3259 jam
1440 3202 1655 3241 sumus
1689 3183 1890 3262 effati,
1923 3181 2417 3261 inseparabiliter

289 3288 468 3357 atque
510 3276 769 3335 indivise
820 3296 1056 3335 omnem
1095 3275 1372 3335 divinam
1419 3288 1595 3357 atque
1631 3278 1972 3338 humanam
2010 3279 2412 3357 operationem

287 3371 615 3453 procedere.
650 3372 782 3432 Hoc
814 3393 1024 3453 nempe
1056 3391 1164 3432 nos
1204 3371 1316 3433 Leo
1345 3375 1468 3434 Dei
1487 3379 1754 3456 portitor
1778 3378 2059 3444 instruit,
2099 3375 2413 3452 manifeste

365 3622 428 3685 (1)
465 3622 614 3687 Epist.
642 3639 711 3685 11,
742 3621 866 3686 apud
894 3620 1040 3671 Hard.
1075 3631 1192 3670 tom.
1224 3622 1307 3673 cit.
1463 3622 1528 3687 (2)
1565 3621 1707 3688 Epist.
1739 3640 1776 3673 1.
1804 3622 1929 3673 lbid.
1961 3623 2052 3673 col.
2093 3620 2242 3678 1323.

286 3703 380 3753 ool.
417 3703 564 3754 1351.
1461 3705 1527 3771 (3)
1566 3705 1690 3755 lbid.
1721 3706 1811 3755 col.
1847 3705 1992 3771 ¹3¹9·
