2514 4218
285 182 363 240 98
892 197 1089 234 macr.
1134 197 1203 230 nn
1246 195 1398 232 Locis
1443 196 1820 234 rueomfflcls.

286 352 507 402 eeteros
528 383 546 415 ,
582 349 894 420 postquam
918 334 1200 407 ostendit,
1233 333 1543 392 Ecclesiam
1562 335 1778 419 ubique
1796 359 1918 397 esse
1945 336 2251 413 diffusam,
2279 337 2419 397 sub-

283 437 370 496 dit
397 458 410 494 :
439 435 777 495 Marcionis
798 443 998 491 autem
1023 451 1215 509 quum
1239 439 1427 487 totum
1446 431 1784 507 impleverit
1803 434 2105 492 mundum
2128 480 2143 502 ,
2175 455 2252 492 ne
2276 445 2422 493 tuno

283 532 530 611 quidem
562 551 619 589 se
643 527 951 608 defendere
972 527 1196 604 poterit
1223 524 1290 583 de
1326 528 1670 603 apostoliea.
1714 528 1879 587 Eam
1905 531 2069 587 enim
2095 538 2150 587 et
2178 532 2266 587 sic
2289 549 2424 588 con·

284 628 470 686 stabit
492 648 636 695 esse,
663 645 797 703 quoe
815 625 1001 701 prior
1022 621 1325 679 mundum
1349 622 1628 699 replevit,
1652 622 1822 680 illius
1844 626 2065 682 scilicet
2080 626 2199 684 Dei
2215 625 2273 684 E
2279 646 2425 683 van·

278 725 465 805 geno,
499 725 613 800 qui
650 729 708 777 et
738 718 860 777 hoec
904 719 1121 775 cecinit
1150 717 1222 775 de
1250 717 1793 797 praedicationibus
1831 721 1960 795 ejus
2006 740 2026 777 .·
2069 723 2139 777 in
2190 741 2423 779 omnem

283 829 511 877 terram
533 816 684 872 exiit
705 833 885 871 sonus
909 833 1113 872 eorum
1133 857 1149 888 ‚
1179 823 1236 871 et
1256 817 1325 870 in
1348 815 1643 881 terminos
1666 813 1827 871 orhz's
1861 814 2043 871 verba
2071 835 2282 872 eorum
2312 815 2420 897 (1).

247 924 249 927 ’
287 915 470 991 Negat
506 909 757 983 scilicet,
793 907 1134 967 catholicam
1176 930 1300 968 esse
1333 931 1502 990 posse
1548 909 1854 968 Maicionis
1891 920 2140 986 sectam,
2192 909 2425 969 etiamsi

287 1028 393 1088 per
433 1005 775 1063 universum
814 1003 1020 1063 orbem
1053 1003 1263 1062 diffusa
1308 1004 1517 1078 fuerit,
1555 1005 1688 1086 quia
1718 1026 1951 1086 semper
1980 1006 2093 1064 erit
2134 1005 2426 1066 destituta

287 1101 676 1161 catholicitate
715 1083 947 1159 formali
979 1121 1052 1160 ex
1080 1099 1310 1160 defectu
1339 1049 1659 1160 identitatis
1693 1101 2008 1176 doctrinae‚
2055 1102 2260 1183 quovis
2296 1101 2423 1161 loco

290 1209 349 1258 et
388 1198 600 1280 quovis
639 1209 925 1278 tempore.

376 1294 516 1352 166.
579 1294 951 1374 Quapropter
998 1290 1097 1349 illa
1146 1290 1266 1350 sola
1320 1290 1563 1350 Ecclesia
1611 1290 1763 1350 hanc
1811 1303 2013 1350 notam
2066 1289 2425 1377 possidebit,

288 1388 553 1470 adeoque
604 1387 715 1447 erit
759 1407 897 1447 vere
933 1385 1214 1445 catholica
1250 1397 1308 1446 et
1346 1408 1484 1447 vera
1526 1386 1774 1446 Ecclesia
1830 1387 2085 1462 Christi
2132 1406 2260 1469 quae
2305 1410 2428 1446 non

290 1483 467 1544 modo
506 1480 793 1541 materiali
831 1503 1039 1543 verum
1069 1481 1246 1541 etiam
1278 1480 1513 1540 formali
1548 1481 1941 1543 catholicitate
1974 1482 2186 1562 gaudet
2213 1503 2286 1541 ex
2327 1504 2428 1542 sua

291 1579 663 1640 institutione
691 1589 750 1638 et
776 1589 1022 1652 natura3
1062 1579 1281 1659 quaevis
1320 1588 1518 1636 autem
1556 1578 1796 1636 societas
1832 1589 2151 1660 utcumque
2179 1577 2390 1650 diffusa
2411 1624 2428 1654 .,

292 1678 340 1736 si
380 1675 491 1734 hac
536 1673 815 1734 destituta
863 1674 974 1750 sit,
1019 1694 1212 1756 neque
1255 1672 1471 1731 Christi
1526 1673 1774 1733 Ecclesia
1821 1673 1968 1747 erit,
2022 1673 2124 1734 sed
2172 1685 2328 1734 secta
2371 1684 2431 1734 et

290 1792 576 1852 synagoga
610 1772 840 1830 Satanae
877 1770 993 1848 (2).

881 1970 974 2022 DE
1011 1969 1196 2024 NOTA
1231 1970 1853 2026 APOSTOLICITATIS.

380 2136 518 2194 167.
570 2135 740 2194 Circa
778 2137 1189 2194 necessitatem
1219 2135 1393 2215 hujus
1425 2147 1579 2195 notae
1616 2135 1690 2194 ad
1731 2138 2198 2216 cognoscendam
2238 2158 2435 2199 veram

285 2231 508 2290 'Christi
543 2230 853 2290 Ecclesiam
892 2229 1053 2289 nulla
1090 2243 1178 2291 est
1212 2232 1639 2306 controversia3
1681 2254 1886 2292 omnes
1913 2233 2196 2308 fatentur,
2237 2255 2436 2294 veram

294 2326 602 2386 Ecclesiam
631 2325 847 2385 debere
871 2347 995 2385 esse
1030 2327 1430 2408 apostolicam.
1472 2328 1736 2387 Christus
1762 2330 1923 2388 enim
1952 2331 2293 2391 missionem
2326 2330 2435 2392 de-

292 2422 381 2481 dit
415 2420 707 2503 Apostolis
753 2422 1109 2481 instituendi
1150 2444 1250 2482 seu
1293 2421 1583 2482 fundandi
1625 2423 1901 2483 Ecclesias
1947 2448 2052 2507 per
2092 2428 2440 2487 universum

299 2516 592 2576 mundum
615 2563 631 2592 7
657 2516 769 2575 illis
787 2516 981 2578 verbis
1014 2540 1026 2575 :
1063 2520 1236 2577 Sicut
1260 2522 1430 2578 misit
1449 2541 1541 2579 me
1567 2521 1775 2592 Pater,
1807 2532 1860 2578 et
1885 2543 1982 2600 eqo
2008 2527 2175 2581 mitto
2199 2513 2295 2580 vos
2323 2521 2436 2603 (3).

294 2614 529 2672 Euntes
570 2613 760 2671 docete
792 2607 1166 2692 baptizantes
1202 2614 1328 2694 (4);
1363 2627 1422 2674 et
1461 2614 1769 2695 Apostolus
1798 2614 2156 2675 admonebat
2180 2662 2195 2692 a
2239 2616 2441 2677 fideles

295 2706 786 2790 superaedificatos
817 2728 940 2766 esse
981 2729 1168 2787 super
1199 2710 1685 2787 fundamentum
1726 2709 2138 2789 Apostolorum
2183 2724 2239 2771 ec
2278 2714 2438 2772 Pro-

290 2805 624 2885 phetarum
665 2802 777 2884 (5).
819 2802 1074 2861 Joannes
1114 2825 1252 2862 vero
1286 2803 1466 2864 refert
1497 2824 1557 2863 se
1588 2803 1803 2864 vidisse
1839 2805 2134 2866 civitatem
2169 2809 2443 2870 Hierusa-

371 3027 438 3094 (l)
477 3028 588 3077 Loc.
620 3030 703 3077 cit..
1417 3028 1610 3076 Hosium
1644 3030 1694 3076 in
1733 3027 2046 3094 Conse-ssione
2089 3032 2261 3084 cathol.
2289 3035 2443 3098 fidei,

370 3112 439 3175 (2)
477 3109 676 3161 Pulchre
717 3110 1005 3179 Augustinus
1034 3113 1084 3159 in
1127 3111 1211 3161 lib.
1244 3109 1324 3160 De
1414 3127 1516 3176 cap.
1536 3126 1591 3158 21
1619 3128 1631 3159 :
1657 3109 1897 3159 Catholici
1909 3113 2121 3169 dicimur
2140 3153 2154 3174 ‚
2174 3116 2407 3166 scribebat
2425 3156 2440 3180 ‚

305 3194 553 3244 Pastorib.
577 3212 680 3261 cap.
707 3194 771 3255 8,
790 3195 944 3258 docet,
960 3194 1212 3243 Ecclesiam
1230 3212 1326 3244 esse
1415 3194 1533 3258 quia
1571 3195 1807 3240 sentimus
1835 3194 1991 3251 idem,
2023 3185 2150 3260 qaod
2189 3203 2444 3247 universus

305 3278 481 3345 ubique
503 3315 516 3337 ,
538 3287 584 3326 et
609 3278 823 3327 haeresim
839 3277 1031 3345 ubique.
1059 3276 1151 3327 Sed
1166 3278 1326 3327 Eccle-
1417 3277 1649 3325 mundus.
1704 3277 1909 3342 Idipsum
1957 3279 2101 3328 docet.
2152 3280 2204 3336 S.
2243 3281 2442 3348 Cyrillus

304 3365 419 3411 siam
452 3377 549 3410 esse
581 3378 737 3409 unam
779 3370 830 3410 et
858 3361 1072 3412 eamdem
1109 3361 1325 3428 ubique3
1419 3360 1731 3427 Hierosolym.
1753 3359 1945 3413 Catech.
1968 3378 2082 3411 xvni
2103 3401 2116 3422 ,
2137 3381 2186 3412 n.
2208 3365 2291 3426 23,
2323 3365 2440 3414 edit.

306 3447 497 3493 haereses
527 3453 682 3492 autem
711 3462 807 3492 non
825 3445 1009 3494 easdem
1030 3479 1045 3507 ‚
1075 3443 1156 3493 sed
1177 3444 1329 3493 diver·
1419 3443 1622 3493 Touttei.

306 3530 535 3586 sissimas‚
579 3542 685 3592 quae
728 3544 776 3575 se
810 3529 1011 3576 invicem
1044 3544 1141 3575 non
1181 3543 1326 3575 nove·
1489 3526 1552 3592 (3)
1590 3527 1727 3577 Joan.
1755 3546 1842 3588 xx,
1876 3546 1957 3577 21.

305 3615 453 3669 runt,
493 3618 539 3657 et
584 3608 778 3672 proinde
820 3609 1000 3657 nullam
1045 3626 1203 3658 earum
1233 3626 1331 3657 esse
1488 3609 1560 3673 (lo)
1598 3609 1766 3659 Matth.
1803 3610 1889 3671 ult,

306 3691 603 3740 catholicam.
621 3688 845 3753 Origenes
871 3708 980 3738 vero
1003 3728 1015 3750 ,
1042 3690 1166 3756 apud
1185 3688 1327 3740 Card.
1490 3691 1557 3755 (5)
1595 3691 1764 3757 Ephes.
1799 3710 1833 3740 n
1856 3731 1869 3754 ‚
1912 3709 1988 3741 20.
