2514 4218
231 218 301 277 10
823 238 1016 278 macr.
1065 241 1131 276 DE
1175 239 1325 276 roms
1370 241 1750 282 russoroclcrs.

226 381 338 441 sibi
373 381 689 462 persuadet
715 380 983 461 colligere
1009 402 1176 463 posse
1203 381 1489 460 originem
1518 394 1577 442 et
1604 396 1822 447 statum
1852 388 2114 448 Ecclesiae
2137 391 2346 471 primi-

228 477 427 557 geniae.
479 477 710 537 Etenim
750 477 817 535 20
854 482 1206 545 reactz'oneS,
1247 487 1313 533 ut
1358 489 1607 549 vocant,
1647 501 1774 561 quae
1807 481 1978 563 longa
2022 484 2346 544 seculorum

223 572 374 631 serie
413 572 582 632 factae
628 584 765 631 sunt
811 572 1091 631 adversus
1143 571 1457 631 Ecclesiam
1503 573 1908 636 dominantem
1951 601 2055 639 seu
2106 579 2351 639 catholi-

229 668 474 727 cismum
495 713 512 743 7
547 690 779 742 omneS‚
821 665 980 725 nulla
1020 688 1254 748 prorsus
1294 668 1534 749 dempta
1557 715 1571 742 7
1607 671 1729 729 sive
1752 672 1946 752 quoad
1983 674 2348 749 doctrinam,

229 766 354 826 sive
385 765 577 847 quoad
606 766 903 824 internam
932 764 1407 824 constitutionem
1431 810 1446 839 ,
1486 764 1746 826 Ecclesiae
1773 768 2086 848 primitivae
2113 772 2352 829 nomine

227 862 607 944 prodierunt,
652 881 753 919 seu
788 871 855 918 ut
890 860 1577 919 revocarent'Ecclesiam
1612 861 1687 919 ad
1727 863 2036 944 pristinam
2070 865 2350 944 originem

225 969 287 1017 et
322 967 538 1015 statum
572 976 744 1013 suum
784 955 890 1034 (l).
930 954 1000 1014 3⁰
1045 955 1186 1028 Quis
1220 977 1398 1037 porro
1437 955 1622 1038 probe
1661 957 2107 1034 dijudicaverit,
2151 972 2352 1018 utrum

227 1052 471 1111 Ecclesia
502 1049 782 1110 catholica
832 1050 1141 1111 desciverit
1182 1074 1215 1110 a
1256 1053 1536 1133 primaeva
1581 1053 1801 1133 origine
1839 1076 1945 1136 per
2002 1056 2354 1115 successivas

226 1147 470 1229 phaseS,
521 1168 663 1228 quas
705 1147 976 1226 adjuncta
1002 1147 1323 1206 materialia
1355 1170 1552 1208 rerum
1600 1149 1996 1225 induxerunt,
2035 1171 2112 1209 an
2154 1163 2355 1210 contra

227 1243 488 1303 Ecclesiae
518 1242 898 1325 particulares
918 1289 934 1318 ‚
961 1264 1089 1325 quae
1118 1254 1543 1325 protestantur,
1570 1267 1629 1304 se
1657 1246 1826 1305 unice
1857 1245 2142 1326 legitimas
2166 1246 2355 1306 haere-

230 1338 331 1399 des
364 1361 487 1399 esse
516 1340 804 1399 societatis
827 1362 859 1399 a
887 1339 1117 1398 Christo
1152 1339 1479 1400 institutae?
1509 1340 1577 1400 4⁰
1603 1342 1751 1400 Sane
1776 1342 2020 1402 Ecclesia
2059 1365 2178 1402 non
2202 1342 2359 1402 illico

228 1435 490 1519 perfecta
525 1447 695 1496 enata
729 1446 856 1509 est3
899 1435 1002 1496 sed
1037 1446 1154 1495 tres
1183 1437 1473 1497 distinctae
1509 1443 1631 1515 ejus
1660 1438 1868 1520 phases
1898 1450 2357 1512 enumerantur,

231 1553 480 1614 quarum
498 1533 687 1614 prima
705 1554 765 1592 se
783 1554 815 1591 a
837 1531 1066 1592 Christo
1089 1533 1125 1590 J
1129 1553 1230 1591 esu
1258 1532 1559 1615 protendit
1582 1538 1822 1616 ejusque
1851 1533 2136 1616 discipulo
2165 1538 2354 1610 Petro,

234 1629 296 1687 in
327 1650 440 1710 qua
471 1629 711 1688 societas
751 1627 1079 1688 Christiana
1099 1674 1116 1706 ‚
1152 1651 1252 1689 seu
1289 1630 1479 1711 potius
1516 1629 1713 1689 schola
1742 1630 1975 1707 judaica
2007 1630 2103 1689 vix
2129 1652 2159 1688 a
2185 1652 2359 1710 syna-

230 1747 370 1805 goga
401 1724 914 1784 discriminabatur
934 1771 950 1799 ,
979 1747 1300 1807 omnesque
1317 1727 1463 1784 ritus
1485 1725 1696 1805 legales
1721 1725 1912 1784 adhue
1933 1725 2319 1786 servabantur
2342 1752 2357 1792 ;

228 1820 409 1880 altera
436 1843 468 1880 a
496 1820 675 1880 Paulo
709 1821 889 1903 coepit
908 1866 924 1898 ,
957 1843 1063 1902 per
1090 1843 1265 1903 quem
1299 1820 1511 1880 abolita
1547 1821 1641 1880 lex
1670 1821 1893 1880 ritualis
1924 1833 2012 1881 est
2038 1869 2053 1896 7
2085 1843 2150 1880 ac
2180 1821 2359 1881 veluti

232 1916 529 1978 divisionis
571 1939 773 1976 murus
809 1929 1032 1977 erectus
1059 1916 1213 1976 inter
1243 1928 1560 1999 utrumque
1600 1916 1885 1999 populum
1910 1963 1926 1990 ‚
1967 1916 2266 1997 judaicum
2304 1928 2363 1977 et

235 2014 639 2088 christianum,
661 2026 796 2096 post
824 2035 981 2073 acres
1004 2036 1226 2096 pugnas
1244 2058 1260 2087 ‚
1287 2012 1499 2094 quibus
1524 2012 1845 2074 decertavit
1862 2034 1994 2073 cum
2018 2013 2361 2072 Christianis

234 2111 436 2192 primae
461 2110 706 2193 phaseos
744 2121 803 2169 et
843 2131 974 2169 cum
1002 2113 1172 2169 Petro
1193 2110 1353 2191 ipSO3
1384 2109 1552 2168 tertia
1577 2132 1607 2167 a
1637 2111 1672 2169 J
1677 2131 1867 2169 oanne
1894 2121 1984 2169 est
2012 2109 2326 2168 constituta
2346 2152 2362 2182 7

235 2207 354 2288 qui,
379 2218 582 2289 utpote
602 2205 960 2288 theosophus
977 2251 994 2282 ,
1009 2206 1362 2287 principium
1380 2204 1601 2265 evolvit
1618 2205 1961 2286 mysticismi
1984 2251 1999 2279 ,
2023 2205 2364 2285 invexitque

233 2304 620 2364 mutationem
667 2304 996 2384 systematis
1053 2325 1292 2361 suorum
1341 2302 1831 2384 praedecessorum
1859 2348 1874 2375 ,
1920 2313 1983 2361 vet
2031 2300 2363 2359 insinuavit

235 2399 499 2460 Ecclesiae
520 2445 537 2474 a
574 2411 642 2458 ut
679 2420 789 2481 ope
837 2420 1004 2459 novae
1037 2398 1538 2479 interpretationis
1567 2409 1796 2457 erueret
1819 2419 1887 2457 ex
1913 2397 2144 2478 scriptis
2181 2397 2366 2457 Evan-

233 2495 571 2577 gelistarum
604 2506 664 2555 et
696 2494 1101 2577 Apostolorum
1124 2494 1372 2552 formam
1410 2494 1672 2575 positivae
1695 2492 2151 2565 doniinationiS,
2194 2490 2365 2572 spiri-

235 2602 365 2651 tum
397 2586 594 2671 rigidae
629 2590 890 2673 politices
932 2601 991 2650 et
1030 2590 1303 2648 ardorem
1336 2589 1684 2646 insatiabilis
1728 2587 2083 2646 ambitioniS.
2129 2585 2277 2644 Hinc
2306 2586 2366 2644 in

240 2687 427 2767 prima
456 2687 697 2768 periodo
738 2686 871 2745 idea
906 2683 1223 2765 symbolica
1251 2683 1466 2742 Christi
1497 2685 1530 2742 J
1537 2705 1638 2742 esu
1665 2682 1956 2742 referebat
1968 2683 2365 2762 persom'fica-

237 2790 455 2841 tionem
484 2781 731 2861 judaicae
762 2781 988 2861 genti5‚
1019 2782 1081 2839 in
1117 2780 1300 2840 altera
1337 2777 1542 2838 retulit
1569 2781 2164 2859 personificationem
2186 2778 2364 2836 totius

236 2877 480 2936 humani
519 2878 746 2958 generis
768 2923 783 2952 .,
823 2877 886 2935 in
924 2888 1220 2959 postrema
1250 2876 1830 2956 persom'fi'cationem
1860 2875 2034 2934 totius
2070 2875 2363 2948 universi,

239 2984 524 3055 quatenus
550 2974 749 3032 omnia
773 2994 879 3055 per
905 2972 1208 3032 Christum
1230 2983 1540 3053 coeperunt
1564 3016 1579 3046 .‚
1611 2983 1671 3030 et
1699 2972 1761 3029 in
1793 2976 1916 3050 ejus
1948 2972 2236 3030 unitatem
2263 2990 2368 3051 per

240 3069 569 3149 generalem
599 3070 1030 3129 restitutionem
1081 3090 1183 3128 seu
1241 3076 1629 3128 ἀποκατάστασιν
1680 3066 1947 3126 desinere
1999 3065 2219 3126 debent
2233 3065 2367 3147 (2ss

311 3261 382 3325 (l)
416 3260 484 3310 Ita
509 3260 558 3310 J.
582 3259 833 3323 Salvador,
868 3263 919 3309 in
953 3278 1032 3325 op.
1070 3263 1146 3308 cui
1185 3263 1257 3308 tit.
1344 3275 1488 3307 sance
1519 3258 1577 3306 de
1608 3275 1693 3306 son
1720 3259 2054 3322 orqanisation
2092 3255 2309 3304 semblait
2337 3258 2368 3304 ὰ

243 3328 1091 3405 Jesus-Christetsadoctrine‚Pa1-is
1109 3340 1258 3404 1838,
1331 3343 1523 3409 jamais
1552 3338 1906 3398 inffranhzbk,
1948 3356 1997 3387 se
2024 3348 2131 3386 sont
2156 3346 2261 3386 tous
2289 3356 2343 3386 ac

244 3427 347 3482 ubi,
385 3437 494 3474 tom.
529 3444 546 3473 1
574 3463 589 3491 ,
618 3443 726 3492 pag.
770 3443 786 3475 1
811 3465 823 3486 ‚
854 3428 1049 3494 loquens
1070 3428 1128 3477 de
1165 3430 1259 3475 ori·
1358 3423 1559 3490 complis
1581 3439 1647 3470 au
1671 3439 1782 3469 nom
1797 3422 1853 3469 de
1877 3405 2081 3487 I'quise
2100 3423 2373 3488 primitive.

245 3511 350 3573 gine
387 3509 750 3568 christianismi,
785 3510 943 3558 scribit
986 3510 1117 3559 :Les
1133 3527 1262 3559 com·
1415 3506 1480 3570 (2)
1518 3505 1594 3553 Sic
1624 3502 1750 3553 idem
1789 3515 1979 3562 auctor,
2009 3507 2089 3569 qui
2123 3504 2219 3552 haec
2252 3503 2377 3552 evol-

245 3592 446 3638 motions
489 3590 552 3639 les
587 3591 702 3657 plus
733 3592 958 3641 elendues
1003 3592 1120 3641 dont
1158 3591 1201 3640 il
1239 3609 1269 3640 a
1356 3592 1418 3638 vit
1448 3588 1540 3638 lib.
1571 3606 1603 3635 ιι
1634 3599 1680 3637 et
1709 3603 1760 3635 111
1786 3624 1801 3648 ,
1851 3604 1924 3651 op.
1963 3590 2040 3636 cit.
2076 3588 2159 3636 cfr.
2191 3602 2375 3651 praeser-

249 3677 452 3721 ressenti
496 3672 562 3721 les
608 3675 769 3740 effeta,
819 3674 884 3721 les
923 3675 1151 3723 schismes
1186 3674 1273 3741 qui
1357 3675 1439 3722 tim
1478 3683 1591 3720 tom.
1620 3689 1634 3718 ι
1657 3708 1670 3731 ,
1704 3688 1805 3735 pag.
1850 3666 1942 3732 154
1966 3681 2009 3718 et
2040 3688 2170 3736 seqq.

244 3750 364 3799 l'ont
400 3754 552 3802 divise
585 3771 686 3803 aux
717 3760 917 3821 epoques
963 3757 1029 3803 οτὶ
1059 3755 1105 3803 la
1130 3755 1270 3821 puis-
