2514 4218
291 116 412 176 464

887 131 1085 173 rnAc'r.
1135 129 1202 167 DE
1247 127 1394 167 LOCIS
1439 127 1819 169 ‘ramme-1018.

290 284 514 342 tionem
573 277 811 339 Concilii
866 271 1522 355 Constantinopolitani
1549 273 1571 330 1
1619 294 1651 330 a
1699 275 1946 333 Damaso
1995 275 2243 350 factam3
2290 298 2424 337 cum

289 388 504 460 praeter
519 374 825 457 epistolam
842 370 1061 452 Synodi
1087 415 1103 445 ⁷
1130 390 1307 451 quam
1331 366 1511 427 refert
1525 367 1922 428 Theodoretus
1939 380 1999 429 et
2021 389 2149 451 quae
2187 372 2250 429 in
2281 373 2423 431 actis

289 471 681 533 Conciliorum
703 468 914 549 legitur
959 467 1083 547 (l),
1120 464 1289 543 hujus
1313 464 1772 523 confirmationis
1807 465 1968 523 testis
1993 465 2069 524 sit
2105 466 2229 548 ipse
2258 467 2424 527 Pho-

286 568 401 627 tius
423 613 438 643 ,
466 567 564 649 qui
603 576 802 646 aperte
849 561 1049 621 scribit
1082 583 1096 619 z
1134 563 1481 620 Damasum
1506 562 1854 639 pontificem
1889 566 2089 641 reipsa
2110 567 2426 643 professio-

287 686 426 724 nem
467 664 613 743 fidei
640 663 887 719 illorum
918 658 1233 739 (patrum)
1265 658 1644 736 confirmasse
1671 656 1783 735 (2).

368 759 508 820 677.
542 756 627 816 Ad
652 757 757 829 6¹1¹,
785 754 933 834 Nng.
966 752 1262 812 pontificia
1286 753 1447 812 enim
1471 750 1870 811 Conciliorum
1897 751 2276 812 Confirmatio
2302 777 2418 814 ne—

287 877 401 940 que
433 854 604 914 noxia
629 872 822 934 neque
869 870 1301 932 supervacanea
1321 860 1429 908 est.
1459 849 1593 907 Non
1626 846 1866 929 quidem
1915 852 2102 907 nomia
2128 860 2252 924 est,
2290 871 2423 908 cum

284 950 448 1012 nulla
474 950 698 1009 ratione
729 946 967 1028 deroget
1005 945 1191 1007 valori
1219 944 1574 1005 definitionis
1607 943 2022 1025 Episcoporum
2055 988 2070 1019 ‚
2100 943 2205 1003 sed
2235 946 2287 1005 ei
2314 967 2423 1028 po-

283 1049 399 1108 tius
454 1046 684 1125 adjiciat
727 1044 1071 1103 firmitatem
1111 1054 1171 1101 et
1213 1042 1433 1118 robur,
1497 1040 1657 1123 quod
1724 1053 1896 1100 antea
1950 1063 2072 1100 non
2115 1040 2373 1103 habebat
2406 1089 2422 1118 7

285 1143 459 1228 quale
488 1162 705 1224 nempe
735 1140 966 1221 exurgit
1001 1161 1073 1200 ex
1104 1139 1332 1198 unitate
1360 1137 1615 1217 suffragii
1645 1138 1851 1220 capitis
1878 1147 1937 1198 et
1974 1137 2379 1199 membrorum
2405 1185 2419 1214 ,

282 1253 351 1302 ut
381 1239 648 1300 definitio
682 1237 795 1296 dici
834 1237 1015 1318 possit
1045 1235 1328 1295 Ecclesiae.
1368 1233 1745 1315 Quapropter
1791 1256 1914 1293 non
1928 1233 2157 1294 -ludunt
2181 1235 2422 1317 quidem

282 1336 587 1420 Episcopi,
623 1336 673 1393 si
701 1355 835 1392 cum
864 1355 1013 1391 rom.
1079 1332 1357 1391 Pontifice
1407 1331 1823 1413 pronuncient.
1868 1335 1939 1390 At
1979 1329 2252 1390 luderent
2283 1353 2424 1412 pro-

282 1435 433 1496 fecto
458 1479 473 1509 .,
513 1432 563 1491 si
600 1430 1045 1491 dissentientem
1082 1426 1372 1488 haberent
1393 1428 1737 1487 Pontificem
1756 1473 1771 1502 .,
1802 1439 1978 1509 prout
2007 1427 2198 1488 lusere
2230 1429 2294 1486 in
2317 1450 2422 1510 sy-

281 1531 453 1591 nodis
494 1526 850 1589 Ariminensi
895 1538 956 1586 et
997 1525 1286 1606 Ephesina
1341 1523 1707 1606 praedatoria.
1747 1523 1861 1583 Sed
1903 1545 2100 1605 neque
2131 1545 2422 1604 superva-

278 1649 471 1688 canea
487 1625 853 1685 confirmatio
881 1623 1178 1681 Pontificis
1214 1632 1332 1696 est7
1375 1621 1644 1702 quamvis
1679 1624 1800 1699 ejus
1831 1620 2007 1701 legati
2041 1623 2422 1682 interfuerint

284 1722 568 1797 ConciliO,
586 1731 791 1802 utpote
821 1719 1166 1792 necessaria,
1186 1730 1315 1777 tum
1340 1728 1405 1776 ut
1427 1715 1702 1776 omnibus
1725 1718 1968 1777 omnino
1982 1730 2207 1778 constet
2223 1722 2422 1779 omnia

280 1819 394 1878 rite
421 1829 580 1900 gesta
607 1838 732 1876 esse
754 1863 770 1890 ‚
815 1836 924 1875 nec
949 1814 1166 1895 legatos
1185 1859 1200 1889 ,
1241 1835 1374 1895 quae
1398 1813 1462 1872 in
1490 1812 1783 1872 mandatis
1813 1826 2165 1897 acceperunt
2184 1861 2200 1890 ,
2246 1815 2421 1876 fuisse

282 1925 670 1995 transgressos
700 1938 716 1987 ς
757 1921 885 1971 tum
914 1911 1127 1986 etiam,
1162 1911 1296 1991 quia
1322 1909 1538 1968 summi
1572 1910 1866 1969 Pontificis
1900 1922 1989 1970 est
2016 1956 2033 1986 ,
2067 1911 2267 1971 scribit
2313 1914 2423 1971 Na·

281 2010 413 2072 talis
447 2009 631 2083 Alex.,
666 2007 985 2082 declarare,
1026 2026 1154 2088 quae
1186 2004 1428 2065 concilia
1459 2025 1596 2066 vere
1625 2006 1989 2065 oecumenica
2025 2007 2182 2074 sint,·
2223 2005 2298 2065 ad
2323 2007 2421 2088 ip·-

281 2129 414 2167 sum
462 2115 686 2186 spectat
710 2103 1005 2182 judicare,
1043 2123 1119 2160 an
1165 2102 1233 2160 iis
1282 2101 1404 2160 sint
1439 2101 1724 2159 instructa
1776 2100 2209 2161 conditionibus
2237 2148 2253 2177 .,
2290 2123 2418 2184 quae

284 2200 526 2261 Concilii
551 2198 898 2260 oecumenici
935 2197 1224 2256 rationem
1255 2197 1642 2256 constituunt.
1686 2197 1840 2256 Sane
1868 2196 2227 2279 superfluam
2264 2201 2418 2275 ejus—

283 2297 443 2356 modi
469 2294 977 2355 confirmationem
1010 2292 1228 2373 Synodi
1257 2294 1394 2375 ipsae
1418 2291 1720 2374 generales
1741 2314 1862 2352 non
1877 2293 2217 2372 judicarunt
2237 2339 2253 2369 ,
2281 2314 2416 2352 cum

282 2414 487 2453 omnes
512 2376 849 2451 consta-nter
876 2389 1039 2449 illam
1066 2389 1421 2473 expetierint
1449 2435 1465 2465 ‚
1493 2389 1763 2472 quamvis
1789 2390 2177 2472 praesentibus
2208 2389 2412 2472 legatis

283 2488 501 2549 fuerint
523 2485 845 2548 celebratae.
1098 2485 1101 2489 ’

351 2682 418 2746 (1)
456 2681 736 2731 Theodoret.
778 2678 915 2728 Hist.
951 2678 1064 2728 eccl.
1100 2678 1190 2728 lib.
1242 2698 1306 2742 v,

282 2783 386 2830 cap.
418 2781 481 2831 93
519 2765 606 2813 cfr.
632 2765 765 2814 Acta
792 2761 940 2812 Conc.
966 2762 1112 2810 Hard.
1132 2772 1245 2811 tom.
1264 2773 1303 2820 1,

281 2849 371 2897 col.
400 2846 519 2897 822.

351 2929 417 2993 (2)
456 2930 511 2978 In
552 2948 630 2995 op.
672 2927 746 2978 De
790 2938 963 2995 septem
1005 2926 1201 2992 synodis
1242 2926 1307 2974 ad

282 3011 521 3062 Michael.
556 3011 816 3078 Imperat„
858 3012 982 3076 apud
1017 3009 1307 3059 Gulielmum

282 3092 516 3142 Voellium
537 3132 550 3153 ,
578 3093 894 3143 Bibliothecae
915 3094 1057 3159 juris
1078 3092 1307 3143 canonici

282 3176 481 3236 veteris,
515 3176 666 3225 Lutet.
702 3176 848 3225 Paris.
898 3173 1020 3224 1661
1049 3211 1061 3231 ,
1093 3185 1210 3223 tom.
1234 3191 1269 3222 11
1290 3211 1303 3235 ,

282 3275 391 3323 pag.
440 3254 586 3320 1143.
631 3258 781 3326 Photii
817 3258 957 3307 verba
1004 3258 1107 3305 haec
1156 3267 1304 3305 sunt:

283 3335 364 3392 Οἷς
392 3340 437 3388 οὖ
466 3334 606 3390 made
632 3337 780 3405 χρόνος
815 3339 893 3389 καὶ
926 3336 1150 3403 Λάμια-ος
1176 3340 1197 3387 ὅ
1220 3343 1305 3394 τῖς

283 3418 442 3485 Ρῶμης
473 3417 540 3470 τοὶ
581 3417 701 3469 adra*
743 3418 955 3487 upote-timu
1014 3421 1302 3489 ἐγνωρίζετο,

285 3502 517 3568 σύμφωνος
532 3503 626 3556 τοῖς
642 3511 917 3569 προλαβοῦσι
943 3504 1304 3569 καθιστάμενοςς

285 3605 365 3636 seu
395 3604 409 3635 ε
445 3586 636 3652 Quibus
660 3586 793 3633 haud
824 3587 970 3636 multo
989 3597 1100 3654 post
1120 3598 1164 3636 et
1196 3588 1308 3636 Da-

285 3686 447 3718 masus
471 3670 633 3719 Romoe
668 3669 989 3736 (Episcopus)
1019 3688 1162 3720 nnn!
1194 3687 1304 3720 con-

1390 2695 1579 2729 mamus
1607 2686 1748 2746 atque
1795 2681 1925 2731 idem
1958 2683 2169 2730 sentiens
2196 2684 2413 2730 accessit.

1391 2762 1491 2811 cfr.
1522 2766 1660 2810 etiam
1697 2762 1753 2811 de
1787 2764 1877 2812 hoc
1916 2774 2193 2831 argumento
2226 2763 2415 2812 Mazza-

1389 2844 1492 2893 relli
1513 2881 1526 2904 ,
1554 2863 1633 2910 op.
1662 2848 1743 2894 cit.
1778 2845 1860 2894 De
1887 2849 2115 2896 auctorit.
2138 2863 2256 2895 rom.
2285 2846 2417 2893 Pon-

1387 2928 1562 2990 tificis,
1603 2939 1716 2976 tom.
1764 2943 1831 2989 ιι,
1872 2946 1977 2995 cap.
2019 2927 2083 2990 6,
2127 2927 2153 2994 ὃ
2194 2928 2242 2975 3.
2291 2926 2416 2975 Hinc

1389 3013 1553 3058 merito
1581 3008 1794 3059 Gelasius
1825 3013 2135 3061 concludebat
2165 3028 2179 3059 ε
2213 3010 2415 3058 Totum-

1388 3109 1479 3157 que
1510 3094 1597 3157 (ut
1628 3093 1811 3141 dictum
1839 3094 1939 3158 est)
1967 3096 2025 3141 in
2055 3090 2198 3144 Sedis
2227 3103 2415 3159 aposto·

1389 3177 1512 3225 licae¹
1530 3179 1745 3243 positum
1786 3186 1855 3224 est
1883 3184 2130 3243 potestate.
2166 3176 2249 3225 Ita
2290 3176 2418 3241 quod

1384 3260 1606 3324 firmavit
1631 3261 1689 3307 in
1716 3259 1910 3325 Synodo
1944 3259 2088 3308 Sedes
2123 3259 2405 3327 apostolica,

1388 3343 1475 3391 hoc
1509 3343 1655 3391 robur
1695 3343 1905 3391 obtinuit
1917 3363 1936 3405 ,-
1992 3344 2119 3408 quod
2150 3343 2407 3407 refutavit,

1389 3424 1560 3473 hahere
1584 3441 1679 3472 non
1694 3432 1851 3490 potest
1870 3426 2150 3489 firmitatem
2166 3463 2180 3485 ‚
2211 3428 2258 3473 in
2283 3435 2411 3474 tomo

1389 3506 1472 3554 De
1498 3506 1817 3556 anathematis
1856 3509 2050 3557 vinculo
2074 3548 2087 3569 ‚
2131 3512 2179 3556 in
2219 3507 2411 3557 Collect.

1390 3584 1544 3637 Cone.
1584 3589 1698 3639 edit.
1743 3590 1920 3642 Veneta
1962 3591 2142 3652 Coleti‚
2190 3601 2306 3640 tom.
2350 3609 2409 3651 v,

1389 3670 1477 3722 c'ol.
1508 3667 1625 3720 356.
