2514 4218
282 210 363 272 74
887 235 1079 273 macr.
1126 235 1193 271 mr.
1238 233 1389 272 Locis
1432 236 1811 278 THEOLOGIGIS.

287 372 748 437 extraordinaria
780 375 904 436 haec
938 376 1044 434 Dei
1081 373 1232 432 dona
1254 420 1270 448 ‚
1301 374 1582 456 quamdiu
1609 379 1873 441 infideles
1899 381 2116 441 fuerint
2140 381 2214 440 ad
2250 382 2410 442 Chri·

284 481 440 529 stum
483 491 589 551 per
632 471 940 531 Ecclesiam
982 470 1386 529 convertendi.
1415 471 1563 530 Cum
1597 494 1734 534 vero
1771 476 2074 558 plenitudo
2108 478 2368 556 gentium
2390 522 2407 553 ,

284 575 348 624 ut
373 566 531 626 idem
553 566 812 648 loquitur
840 563 1146 646 Apostolus
1170 566 1259 646 (l)
1275 609 1295 637 ,
1326 566 1560 624 nonnisi
1594 566 1703 626 sub
1733 570 1936 630 mundi
1974 573 2153 631 finem
2188 573 2412 651 ingres—

282 683 417 720 sura
440 662 516 721 sit
546 662 606 720 in
635 660 943 720 Ecclesiam
964 705 979 735 ,
1010 671 1212 742 patet,
1240 682 1422 743 usque
1446 661 1522 721 ad
1545 662 1753 722 mundi
1774 665 1953 725 finem
1975 666 2074 726 illa
2110 667 2324 728 debere
2347 669 2410 726 in

288 759 537 819 Ecclesia
581 756 920 840 perdurare.

368 854 503 914 127.
531 855 715 933 Atque
740 851 831 911 hic
846 856 972 931 jam
993 853 1333 933 attingimus
1359 853 1609 912 alterum
1637 854 1775 914 vitae
1800 855 2224 931 testimonium,
2252 858 2412 939 quod

291 949 558 1008 Christus
590 946 849 1008 Ecclesiae
888 969 1002 1008 suoe
1032 947 1294 1031 praebere
1321 948 1506 1008 voluit
1530 994 1546 1024 .,
1578 971 1796 1031 nempe
1824 951 2032 1011 miram
2060 951 2412 1012 foecundita-

280 1057 421 1102 tem.
445 1042 695 1103 Evidens
720 1045 881 1103 enim
903 1056 1013 1120 est7
1040 1044 1198 1127 quod
1213 1045 1260 1103 si
1278 1043 1524 1104 Ecclesia
1539 1067 1723 1104 novos
1739 1066 1971 1125 semper
1991 1047 2170 1127 gignit
2185 1047 2414 1107 Christo

283 1139 466 1213 filios,
517 1139 636 1198 imo
679 1140 925 1222 populos
963 1162 1028 1199 ac
1058 1150 1292 1220 genteS‚
1330 1161 1424 1199 eas
1471 1140 1804 1201 revocando
1845 1141 1919 1201 de
1956 1141 2314 1202 infidelitatis
2355 1154 2413 1202 et

282 1257 550 1294 errorum
584 1235 845 1295 tenebris
881 1236 944 1294 in
978 1235 1325 1295 admirabile
1361 1235 1660 1316 Evangelii
1695 1236 1931 1311 lumen.
1970 1238 2090 1296 vita
2118 1258 2183 1296 ac
2218 1238 2412 1317 vigore

252 1392 255 1394 ,
283 1332 532 1414 praedita
559 1334 635 1391 sit
665 1354 898 1392 necesse
923 1343 1030 1391 est.
1064 1335 1241 1391 Porro
1267 1331 1569 1391 Christum
1583 1333 1865 1411 ejusmodi
1891 1332 2164 1393 tribuisse
2186 1352 2414 1415 sponsae

280 1448 395 1487 suae
428 1427 886 1488 foecunditatem
920 1450 1226 1509 nunquam
1271 1428 1606 1486 defuturam
1628 1473 1644 1501 5
1686 1440 1886 1509 aperte
1927 1429 2255 1488 ostendunt
2289 1432 2411 1506 ejus

280 1523 462 1584 verba
486 1571 501 1598 ‚
549 1523 764 1606 quibus
806 1523 1098 1606 Apostolis
1139 1523 1446 1582 mandavit
1490 1522 1808 1603 praedicare
1840 1522 2220 1603 Evangelium
2251 1523 2413 1582 omni

278 1631 558 1680 creaturae
572 1665 589 1696 ,
624 1641 688 1679 ac
712 1619 919 1679 docere
940 1631 998 1679 et
1020 1618 1318 1701 baptizare
1339 1639 1543 1677 omnes
1572 1628 1771 1698 gentes
1789 1618 1896 1697 (2).
1918 1619 2210 1691 Quamdiu
2237 1641 2413 1700 prop·

277 1727 437 1775 terea
487 1727 800 1775 remanent
854 1727 1053 1795 gentes
1108 1712 1520 1773 convertendae
1590 1724 1688 1770 aut
1738 1711 2078 1773 revocandae
2110 1714 2196 1787 ¹ad
2242 1713 2414 1772 Chri-

276 1823 435 1870 stum
464 1857 480 1887 ,
524 1811 746 1870 tamdiu
774 1821 1083 1892 permanet
1116 1821 1176 1869 et
1202 1808 1495 1887 objectum
1524 1809 1814 1867 missionis
1830 1819 1889 1866 et
1914 1807 2310 1868 foecunditatis
2348 1808 2411 1866 in

279 1907 551 1966 Ecclesia.
585 1909 804 1966 Gentes
840 1927 976 1966 vero
1004 1927 1209 1965 omnes
1239 1904 1480 1964 tandem
1514 1903 1832 1985 aliquando
1862 1903 1985 1963 fore
2011 1904 2087 1963 ad
2114 1903 2411 1962 Christum

275 2002 728 2078 convertendas,
756 2001 1068 2061 clarissima
1095 2013 1155 2061 et
1184 2012 1452 2063 veterum
1473 1999 1896 2081 prophetarum
1912 2011 1969 2058 et
1992 1999 2203 2057 Christi
2228 1999 2409 2079 ipsius

275 2099 525 2179 repetita
554 2098 828 2159 vaticinia
855 2097 1281 2179 praenunciant.
1316 2095 1561 2169 Omissis
1596 2096 1755 2154 enim
1785 2115 1910 2176 quae
1932 2095 2149 2177 passim
2172 2095 2235 2152 in
2261 2093 2411 2175 psal-

276 2193 386 2252 mis
435 2192 713 2273 leguntur
758 2192 830 2251 de
874 2193 1070 2251 futura
1109 2192 1374 2273 gentium
1422 2191 1687 2250 omnium
1737 2191 2150 2262 conversione,
2203 2189 2406 2263 IsaiaS‚

276 2310 404 2370 cap.
459 2292 608 2350 LIVI
628 2336 645 2367 ‚
678 2291 707 2348 1
731 2336 747 2366 ‚
775 2291 854 2350 sic
883 2289 1202 2372 alloquitur
1224 2288 1532 2348 Ecclesiam
1563 2310 1576 2347 :
1616 2289 1830 2347 Lauda
1844 2289 2063 2348 sterilis
2087 2331 2103 2360 7
2131 2307 2265 2365 quoe
2291 2306 2409 2344 non

265 2391 450 2466 paris
461 2411 481 2454 ;
514 2388 769 2445 decanta
810 2389 1047 2445 laudem
1075 2397 1130 2444 ct
1167 2388 1349 2444 hinni
1378 2431 1393 2458 ,
1430 2406 1564 2463 quoe
1603 2405 1718 2442 non
1756 2384 2047 2463 pariebas
2062 2425 2086 2454 ,
2121 2384 2406 2460 quoniam

276 2485 461 2541 multi
490 2484 613 2562 filii
640 2484 881 2541 desertae
899 2527 924 2553 ,
961 2487 1161 2562 mayz's
1189 2502 1379 2561 quam
1416 2485 1548 2558 ejus
1589 2501 1724 2559 quoe
1760 2479 1937 2538 babet
1974 2481 2179 2536 virum
2194 2519 2219 2548 ,
2257 2476 2411 2534 dicit

275 2581 598 2640 Dominus’.
637 2581 851 2638 Dilata
892 2581 1097 2637 locum
1129 2580 1375 2636 tentorii
1412 2579 1538 2644 tui,
1582 2587 1636 2633 et
1662 2577 1844 2654 pelles
1879 2572 2404 2631 tabernaculorum

276 2686 522 2733 tuorum
544 2675 784 2733 eoetende
798 2717 823 2745 ,
847 2696 919 2732 nc
937 2695 1168 2752 parcas
1194 2698 1210 2730 .·
1245 2674 1440 2750 longos
1469 2674 1576 2748 fac
1596 2671 1911 2748 funiculos
1945 2679 2074 2726 tuo-5
2092 2710 2113 2738 ,
2140 2677 2193 2724 eb
2213 2668 2405 2726 clavos

275 2782 406 2829 tuos
437 2772 757 2830 consolida.
791 2771 897 2829 Ad
927 2770 1232 2827 dexteram
1274 2770 1436 2825 enim
1474 2777 1528 2824 et
1559 2767 1645 2824 ad
1669 2764 2272 2842 loevampenetrabzs
2305 2808 2320 2837 .,
2351 2772 2408 2820 et

278 2889 474 2926 semen
512 2878 688 2926 tuum
709 2877 908 2946 yantas
943 2865 1348 2923 haereditabit.
1393 2863 1531 2934 Quae
1573 2860 1751 2919 verba
1788 2859 1859 2919 de
1905 2859 2148 2918 Ecclesia
2189 2858 2406 2917 Christi

279 2985 350 3022 ex
380 2962 650 3041 gentibus
673 2960 993 3042 colligenda
1016 2961 1259 3042 exponit
1275 2956 1609 3041 ApostoluS‚
1642 2955 1833 3016 Galat.
1870 2956 1946 3014 IV
1967 2999 1983 3030 ,
2019 2954 2120 3014 27.
2145 2955 2237 3014 Sic
2266 2952 2405 3012 alibi

278 3059 495 3140 passim
532 3059 787 3119 celebrat
813 3057 971 3118 idem
1000 3055 1294 3138 Propheta
1331 3054 1588 3114 Ecclesiae
1625 3050 1952 3133 triumphos
1983 3050 2096 3129 (3).
2137 3049 2402 3108 Christus

279 3166 499 3230 autem,
526 3156 695 3215 Matt.
725 3155 854 3214 V111
876 3200 892 3229 7
927 3154 1031 3231 11,
1068 3151 1453 3235 praenunciat,
1483 3148 1640 3232 quod
1662 3149 1844 3206 multi
1861 3148 1940 3206 ab
1969 3150 2191 3205 oriente
2222 3154 2279 3201 et
2305 3164 2406 3201 oc·

279 3252 507 3309 cidente
547 3254 822 3324 venient,
852 3261 908 3309 et
941 3250 1290 3309 recumbent
1322 3268 1460 3307 cam
1499 3244 1816 3307 Abraham
1837 3290 1854 3312 ,
1895 3243 2075 3302 Isaac
2119 3251 2175 3298 et
2207 3240 2399 3300 Jacob

280 3353 350 3405 in
374 3368 551 3427 rayno
574 3353 887 3417 coelorum,
911 3358 970 3407 et
993 3344 1151 3428 quod
1178 3366 1351 3403 suum
1375 3339 1753 3421 Evangelium
1778 3335 2218 3420 praedicandum
2249 3345 2399 3394 esset

349 3567 413 3630 (1)
449 3566 590 3616 Rom.
615 3583 694 3625 xi,
729 3565 813 3614 25.
1452 3559 1517 3623 (3)
1555 3557 1670 3623 Cap.
1694 3572 1811 3617 va3
1850 3572 1867 3603 1
1906 3566 1949 3604 et
1970 3574 2096 3622 seqq.
2121 3574 2225 3621 cap.
2257 3570 2391 3613 mx,

350 3650 414 3713 (Ξ)
451 3649 529 3698 Ps.
558 3667 590 3697 n
612 3685 625 3706 ‚
656 3647 721 3710 83
764 3664 875 3711 xxi,
909 3645 1008 3710 283
1040 3665 1122 3698 mxx
1146 3683 1159 3708 ‚
1200 3660 1252 3693 11
1281 3660 1295 3704 3
1386 3659 1488 3707 cap.
1516 3657 1564 3688 xi
1585 3649 1631 3688 et
1661 3656 1784 3704 seq„
1812 3648 1902 3685 etc.

285 3747 465 3791 mxxv,
499 3745 730 3797 9;cxv1,
781 3746 796 3775 ι
827 3767 839 3790 ,
872 3740 959 3777 etc.
