2514 4218
2071 220 2146 278 65

412 234 574 278 PART.
618 239 658 274 1.
706 234 823 275 GAP.
871 236 934 274 11.
983 236 1050 273 lm
1092 234 1312 276 CHRISTI
1353 234 1504 274 Eccl..
1552 236 1799 276 coNS'rl'r.

63 378 531 439 commemoravit
576 375 833 437 Ecclesiae
866 381 1293 456 proefhcturam
1332 376 1461 456 (l);
1501 375 1775 436 Eusebius
1823 380 2038 459 pariter
2087 394 2146 442 et

61 473 490 554 Chrysostomus
507 471 807 551 Episcopos
824 472 1036 552 passim
1058 481 1267 532 vocant
1283 469 1658 558 Ecclesiarum
1677 473 1994 533 archontas
2009 477 2132 556 (2);

62 567 226 626 latini
254 576 449 624 autem
472 566 668 623 Patres
697 564 868 644 vulgo
892 565 1197 645 Episcopos
1219 564 1490 623 dixerunt
1520 565 1798 625 Ecclesz'oe
1815 571 2149 644 praesiden-

62 671 176 732 tes,
190 662 499 738 principes
520 668 691 740 atque
708 661 1049 738 praepositos
1072 656 1181 735 (3).
1209 659 1515 738 Propterea
1540 679 1671 717 cum
1695 659 1868 717 citato
1895 662 2143 740 Origene

63 753 454 812 concludimus
500 776 514 810 ε
560 754 797 812 Paulus
839 752 1251 812 Ecclesiarum
1289 753 1616 811 rectoribus
1663 764 1718 811 et
1754 757 2149 834 principibus

63 849 355 926 loquitur,
379 848 471 906 his
497 849 794 918 videlicet,
821 848 934 924 qui
939 844 1239 923 judicant
1268 863 1358 901 eos
1371 886 1395 914 ,
1424 850 1536 922 qui
1560 851 1726 906 intus
1748 859 1918 922 sunt,
1949 852 2021 909 id
2036 862 2149 922 est,

63 943 376 1022 Episcopis
392 989 406 1009 ,
438 943 805 1021 Presbyteris
833 948 889 996 ct
919 939 1208 996 Dz'acom‘s
1241 936 1354 1018 (4).

149 1037 284 1094 lll.
333 1037 419 1095 Ad
447 1035 560 1111 51¹¹,
592 1037 748 1094 Dist.
780 1032 984 1091 Mirata
1013 1042 1100 1090 est
1123 1031 1431 1090 Germania
1473 1043 1798 1113 protestans
1824 1048 1883 1096 et
1913 1037 2151 1120 quidem

64 1131 352 1189 immerito
373 1176 388 1201 ,
437 1147 626 1195 conc.,·
669 1125 975 1198 catholica,
1029 1147 1160 1205 neq.
1218 1125 1371 1198 Quid
1414 1127 1574 1186 enim
1617 1129 1810 1187 mirati
1854 1153 1976 1190 non
2017 1146 2155 1194 sunt

64 1226 453 1284 Protestantes
468 1225 496 1280 Ρ
523 1224 694 1281 Porro
710 1219 990 1279 Catholici
1017 1220 1215 1278 mirari
1234 1242 1352 1278 non
1378 1233 1697 1302 potuerunt
1717 1267 1735 1296 ,
1762 1245 1796 1282 a
1816 1226 2152 1288 Tridentina

66 1319 296 1398 Synodo
341 1337 535 1382 vocem
567 1325 958 1374 consecratam
997 1314 1171 1373 fuisse
1213 1314 1476 1374 omnium
1507 1320 1633 1394 jam
1667 1338 1934 1379 sermone
1955 1304 2154 1382 tritam

66 1433 131 1471 ac
153 1423 497 1473 novatorum
523 1409 705 1468 errori
734 1408 1118 1468 confodiendo
1142 1408 1503 1489 aptissimam
1521 1454 1538 1484 ‚
1570 1430 1810 1493 quaeque
1833 1435 1961 1474 rem
1989 1416 2161 1495 signi·
2214 1491 2216 1494 f

67 1507 198 1567 ficat
223 1504 442 1564 biblicis
467 1524 532 1562 ac
559 1502 1024 1562 traditionalibus
1062 1502 1422 1562 documentis
1456 1505 1748 1565 firmatam
1778 1506 1887 1586 (5).

153 1600 284 1659 112.
321 1597 409 1657 Ad
433 1598 515 1656 6ῙΙΕι
534 1643 551 1672 .,
575 1598 730 1678 Ney.
757 1598 975 1679 Saepius
990 1598 1148 1667 enim
1170 1601 1293 1675 jam
1319 1598 1838 1660 animadvertimus
1856 1647 1872 1675 .,
1910 1603 2163 1664 ecclesia-

71 1695 270 1754 sticam
297 1692 680 1771 hierarchiam
709 1714 809 1751 seu
840 1701 1186 1774 potestatem
1213 1691 1286 1751 ad
1306 1713 1398 1752 res
1423 1692 1651 1753 divinas
1678 1705 1853 1776 atque
1879 1697 2162 1774 coelesteS‚

69 1788 295 1849 civilem
334 1809 473 1848 vero
504 1787 580 1846 ad
614 1786 898 1846 humanas
938 1787 1141 1846 referri
1177 1798 1350 1869 atque
1389 1798 1689 1862 terrenas3
1723 1789 1874 1848 nihil
1912 1792 2160 1872 proinde

67 1904 188 1943 csse
229 1882 383 1944 civili
427 1880 759 1965 reipublicae
793 1881 1229 1942 formidandum
1274 1880 1348 1940 ab
1386 1881 1760 1942 ecclesiastica
1797 1883 2117 1946 hierarchia
2140 1933 2156 1962 ‚

68 1997 175 2037 nec
201 1976 379 2036 ullam
400 1976 520 2037 fore
548 1974 1084 2058 perturbationem,
1125 1977 1172 2035 si
1198 1976 1314 2034 suis
1337 1997 1581 2058 quaeque
1614 1977 1828 2037 finibus
1851 1981 2162 2041 continea-

70 2083 184 2130 tur.
218 2074 350 2131 Jam
375 2093 510 2131 vero
535 2070 904 2153 exploratum
926 2082 1032 2147 est,
1054 2092 1281 2130 summa
1303 2071 1487 2131 divini
1508 2072 1774 2131 Numinis
1796 2074 2164 2155 providentia

72 2164 294 2225 duobus
322 2169 572 2227 maxime
594 2165 867 2248 praesidiis
889 2166 1230 2227 instructam
1258 2187 1380 2228 esse
1403 2165 1646 2226 humani
1671 2168 1895 2247 generis
1917 2170 2163 2230 societa-

74 2381 286 2432 Ecclesiae
302 2422 315 2445 ‚
336 2395 470 2451 atque
500 2378 726 2434 diversam
758 2388 982 2436 rationem
1006 2403 1084 2451 pa·
1156 2403 1260 2451 pes.
1275 2385 1384 2435 Alia
1400 2387 1530 2450 plura
1545 2387 2051 2452 ejusmoditestimonia
2075 2392 2162 2440 cfr.

74 2466 225 2513 tefacit
244 2502 257 2525 ‚
288 2485 427 2532 quam
474 2468 542 2515 illi
583 2478 738 2516 tenent
772 2471 822 2516 in
864 2470 1085 2534 regimine
1163 2468 1285 2531 apud
1307 2467 1575 2515 Hallierium
1597 2503 1613 2526 ‚
1643 2484 1723 2532 op.
1753 2469 1832 2515 cit.
1868 2466 1950 2516 De
1978 2468 2166 2517 hierar-

70 2546 196 2594 civili
210 2556 253 2594 et
274 2548 599 2597 ecclesiastico.
1161 2547 1272 2595 chia
1297 2547 1618 2595 ecclesiastica
1637 2584 1651 2607 ,
1673 2547 1759 2596 lib.
1781 2561 1844 2608 ιν,
1869 2565 1972 2614 cap.
2004 2550 2054 2609 3,
2074 2568 2162 2599 nec

140 2627 208 2692 (l)
233 2625 303 2676 De
319 2615 595 2677 Sacerdotio
612 2666 625 2685 ,
646 2628 731 2679 lib..
758 2644 843 2690 111,
864 2646 967 2695 cap.
999 2627 1080 2691 15,
1160 2646 1256 2676 non
1286 2629 1409 2692 apud
1442 2628 1751 2692 Binghamum
1769 2664 1783 2688 ‚
1811 2628 2044 2693 Oriqines
2064 2633 2165 2681 sive

74 2726 239 2758 vocans
303 2712 612 2776 episcopatum
665 2707 853 2772 δυνάμι,
884 2746 898 2769 .,
968 2710 1079 2760 edit.
1159 2712 1466 2775 antiquitates
1514 2696 1844 2758 ecclesiasticos
1867 2747 1884 2773 ,
1940 2713 2023 2762 lib.
2073 2731 2109 2760 11
2147 2751 2162 2774 ‚

75 2789 222 2841 Maur.
251 2809 359 2856 opp.
386 2802 496 2840 tom.
535 2809 550 2839 1
582 2828 595 2852 ,
627 2808 731 2857 pag.
762 2792 877 2858 393.
1160 2808 1259 2856 cap.
1290 2807 1318 2838 2
1337 2827 1355 2853 ,
1383 2801 1427 2840 et
1461 2792 1580 2856 apud
1604 2790 1947 2852 Mamachium,
1994 2793 2164 2858 0νίρί-

145 2873 210 2938 (2)
246 2873 417 2922 Euseb.
440 2872 570 2923 Hist.
594 2871 705 2922 eccl.
725 2872 809 2921 lib.
835 2891 883 2930 x,
902 2888 1003 2936 cap.
1023 2870 1074 2935 4,
1158 2889 1278 2920 num
1310 2881 1355 2921 et
1385 2874 1611 2937 antiquit.
1643 2871 1897 2923 christian.
1938 2873 2022 2923 lib.
2072 2892 2117 2924 iv
2146 2911 2160 2935 ‚

77 2960 126 3006 in
143 2956 282 3007 Orat.
290 2956 584 3023 paneqyrica
599 2954 655 3001 de
675 2954 995 3017 (edificatione
1006 2970 1079 3001 ec-

75 3039 327 3088 clesiarum
349 3076 362 3098 ,
413 3037 522 3085 edit.
580 3035 849 3102 Cantabrig.
911 3050 1036 3098 1720
1062 3071 1075 3094 ,

77 3138 180 3187 pag.
211 3120 341 3186 4793
369 3114 718 3184 Chry‘sostomus
745 3117 835 3165 loc.
864 3119 942 3165 cit.

146 3202 216 3270 (8)
242 3202 436 3250 Tertull.
464 3201 548 3249 lib.
593 3199 670 3248 Dc
694 3201 856 3266 jejun.
892 3198 1074 3245 advers.

83 3283 336 3348 Psychicos
356 3322 369 3344 ,
401 3301 502 3348 cap.
538 3279 617 3344 ι4,
654 3281 902 3346 Episcopos
945 3287 1079 3326 vocat

71 3368 345 3431 proepositos
366 3383 381 3430 ;
411 3369 521 3415 item
539 3364 792 3430 Cyprianus
809 3399 822 3422 ‚
849 3358 1077 3426 Epistolis

81 3464 128 3496 1v
143 3484 157 3507 ‚
179 3464 225 3506 x,
259 3464 330 3495 xxi
345 3483 358 3505 ‚
378 3458 422 3496 et
438 3447 547 3496 alibi
571 3447 738 3511 passim
756 3463 768 3503 3
784 3453 828 3492 et
846 3440 1008 3507 Epist.
1022 3457 1076 3487 tv

83 3529 398 3594 Episcopatum
410 3531 616 3578 nominat
628 3525 938 3576 sacerdotium
948 3525 1081 3589 prin·

82 3627 186 3676 ceps
204 3627 224 3671 ,·
242 3609 291 3658 S.
308 3609 522 3659 Hilarius.
546 3610 807 3659 Comment.
830 3608 884 3654 in
901 3603 1077 3653 Matth.

82 3710 182 3757 cap.
220 3706 281 3755 27
300 3729 311 3751 ‚
338 3709 413 3739 eos
439 3680 676 3757 nuncupat
695 3688 866 3757 populi
886 3688 1079 3754 princi-

242 3774 306 3830 T.
353 3772 507 3832 VIII.

1159 2971 1262 3019 cap.
1297 2954 1347 3018 4.

1227 3035 1293 3099 (h)
1324 3034 1430 3084 Lib.
1452 3051 1487 3082 11
1506 3071 1520 3094 ,
1540 3033 1609 3080 In
1636 3035 1775 3098 epist.
1805 3033 1870 3081 ad
1894 3033 2030 3084 Rom.
2051 3053 2159 3102 opp.

1158 3117 1266 3165 edit.
1304 3117 1443 3166 Paris.
1482 3115 1605 3166 1582
1623 3152 1638 3176 ,
1662 3125 1778 3180 part.
1824 3133 1887 3176 11,
1916 3135 2019 3184 pag.
2043 3118 2160 3183 304.

1157 3197 1226 3246 De
1238 3216 1329 3263 quo
1353 3197 1704 3247 Commentario
1720 3197 1773 3242 in
1790 3198 1933 3262 epist.
1948 3199 2013 3247 ad
2024 3201 2160 3250 Rom.

1155 3279 1240 3328 cfr.
1266 3279 1461 3329 Huetius
1477 3317 1492 3335 ,
1520 3281 1568 3326 in
1597 3275 1913 3341 Omyenianis
1931 3315 1946 3339 ‚
1978 3279 2063 3335 lib.
2090 3299 2163 3346 111,

1154 3369 1265 3409 sect.
1287 3375 1355 3426 ¹2,
1386 3358 1413 3425 §
1441 3355 1492 3408 8.

1231 3440 1304 3504 (5)
1339 3438 1567 3489 Adversus
1625 3434 1835 3503 Sarpium
1892 3441 1978 3490 cfr.
2026 3441 2162 3491 Card.

1163 3521 1429 3570 Pallavicini
1447 3557 1462 3579 ‚
1510 3518 1700 3567 Istoria
1737 3519 1815 3568 del
1866 3519 2082 3569 Concilio
2111 3521 2167 3570 di

1171 3604 1351 3653 Trento
1367 3639 1380 3666 ‚
1395 3602 1481 3651 lib.
1500 3618 1575 3650 xxi
1596 3639 1607 3661 ,
1636 3618 1738 3665 cap.
1769 3600 1826 3649 13
1845 3638 1856 3661 ,
1875 3598 1901 3667 §
1923 3599 1981 3664 14
2004 3611 2158 3670 etseq.

1892 3760 1928 3817 5
