2514 4218
526 230 689 268 mar.
739 228 780 264 1.
828 224 950 264 car.
998 220 1198 263 1v..1›n
1240 219 1512 259 eucrasia.
1554 221 1805 262 nonnos,
2068 204 2184 262 261

879 364 1350 408 DIFFICULTA'I'ES

158 526 273 597 397
284 571 296 584 .
338 507 473 601 ssObj.
501 522 709 604 prima.
747 522 808 579 10
833 518 1079 579 Ecclesia
1103 539 1226 576 non
1254 529 1343 577 est
1373 517 1689 577 infallibilis
1727 519 1836 577 nisi
1862 521 2054 600 quoad
2079 544 2143 582 ea
2166 569 2186 597 ,

75 642 203 704 quae
227 620 289 678 in
319 618 518 678 divina
548 615 904 677 revelatione
931 612 1342 686 continentum
1379 615 1502 690 jam
1535 635 1670 675 vero
1699 613 1915 675 factum
1944 614 2188 695 dogma-
2244 697 2258 701 ἱ

74 717 290 789 ticum7
323 735 413 773 ex.
442 735 524 792 gr.
554 710 854 788 Jansenii7,
877 730 977 768 seu
995 706 1210 767 ‘sensus
1234 717 1293 766 et
1319 729 1486 767 mens
1520 709 1783 768 Jansenii
1812 710 1875 767 in
1897 710 2188 770 damnatis

74 811 333 892 quinque
380 805 870 891 propositionibus
891 849 915 879 ,‚
949 812 1126 885 prout
1160 802 1225 860 in
1267 806 1389 879 ejus
1432 793 1771 882 Auqzistino
1813 806 2147 866 continetur
2169 852 2188 882 ,

75 917 176 965 aut
208 926 279 964 ex
320 926 387 963 eo
424 904 681 978 eruitur,
711 920 901 982 neque
933 896 1153 956 directe
1190 918 1382 978 neque
1419 897 1702 958 indirecte
1734 900 1798 958 in
1832 900 2189 962 revelatione

76 1000 435 1075 continetur;
475 995 778 1058 fatendum
811 990 1060 1076 proinde
1084 1001 1206 1065 est,
1245 991 1530 1070 ejusmodi
1566 992 2042 1056 infallibilitatem
2081 998 2193 1056 Ec-

77 1095 262 1155 clesiae
286 1095 541 1173 minime
562 1101 913 1172 competere.
949 1088 1018 1147 20
1050 1088 1200 1146 Sane
1229 1109 1431 1147 sensus
1467 1087 1704 1167 alicujus
1738 1092 2192 1172 propositioniS,

78 1201 180 1248 aut
212 1200 406 1249 textus
434 1198 534 1262 aut
562 1186 736 1246 etiam
761 1182 932 1258 libri,
970 1203 1042 1242 ex
1074 1181 1209 1241 solis
1241 1183 1464 1242 critices
1493 1194 1552 1243 et
1578 1183 2027 1246 hermeneuticae
2053 1187 2188 1247 sub·

77 1285 239 1343 sidiis
261 1283 449 1365 colligi
461 1290 692 1364 potest,
727 1299 798 1337 ex
825 1277 1076 1338 lectione
1098 1323 1114 1352 7
1152 1276 1459 1342 collatione
1477 1323 1495 1352 .‚
1532 1278 1841 1359 phrasibus
1860 1327 1876 1356 ,
1913 1281 2197 1365 loquendi,

79 1402 222 1456 usu,
252 1378 490 1459 aliisque
523 1371 810 1454 ejusmodi
835 1371 1203 1433 adminiculis
1225 1418 1242 1447 v
1281 1393 1411 1454 quae
1446 1384 1584 1432 sunt
1622 1395 1757 1455 pars
1793 1374 1987 1454 logicae
2009 1424 2025 1452 7
2068 1401 2191 1439 non

80 1486 276 1534 autem
300 1472 586 1550 objectum
611 1467 1058 1528 infallibilitatis.
1090 1469 1155 1528 30
1180 1469 1384 1550 Ecquis
1407 1469 1566 1528 enim
1590 1491 1853 1551 unquam
1878 1470 2052 1547 dicet,
2081 1474 2190 1533 Ec-

81 1570 311 1629 clesiam
338 1564 751 1647 infallibilitate
786 1565 1134 1623 instructam
1167 1585 1290 1624 esse
1331 1564 1394 1622 in
1428 1564 1915 1645 interpretatione
1962 1577 2021 1626 et
2052 1588 2191 1627 vero

79 1686 251 1739 sensu
279 1660 724 1727 determinando
752 1659 958 1735 Tullii,
1001 1681 1090 1719 ex.
1134 1681 1219 1739 gr.
1253 1660 1462 1737 Taciti,
1504 1660 1760 1740 Virgilii?
1791 1663 1981 1734 Quare
2018 1663 2200 1743 igitur.

80 1756 365 1819 censenda
403 1757 514 1815 erit
556 1753 879 1839 infallibilis
913 1755 978 1813 in
1014 1753 1394 1835 intelligendo
1428 1776 1603 1838 opere
1640 1757 1943 1825 Jansenii?
1984 1757 2050 1816 4⁰
2079 1760 2194 1819 Re-

80 1863 302 1936 pugnat
325 1863 602 1931 praeterea
623 1896 639 1926 .,
677 1849 988 1909 Ecclesiam
1012 1871 1181 1930 posse
1203 1872 1383 1912 novos
1411 1851 1550 1910 fidei
1575 1851 1844 1911 articulos
1873 1852 2192 1914 credendos

73 1969 398 2033 proponere
418 1993 435 2020 ,
460 1947 532 2008 de
563 1944 774 2029 quibus
801 1944 949 2004 nihil
980 1956 1081 2004 aut
1104 1945 1167 2004 in
1197 1944 1375 2007 verbo
1397 1946 1503 2006 Dei
1522 1947 1773 2029 scripto,
1800 1960 1901 2008 aut
1924 1950 1984 2008 in
2014 1949 2215 2012 verbo

76 2046 181 2104 Dei
219 2045 438 2104 tradito
471 2045 834 2116 continetur3
873 2042 953 2100 ita
991 2062 1168 2124 porro
1203 2063 1264 2102 se
1300 2054 1525 2122 gereret
1553 2042 1799 2103 Ecclesia
1825 2089 1841 2118 .,
1885 2045 1931 2103 si
1962 2045 2077 2105 fide
2100 2057 2192 2110 te-

77 2138 341 2198 nendum
377 2150 527 2198 esset
569 2138 748 2198 talem
806 2159 929 2197 esse
972 2137 1236 2196 Jansenii
1277 2158 1515 2197 sensum
1556 2137 1620 2196 in
1669 2159 1773 2197 suo
1822 2139 2187 2220 AuyustinO.

80 2236 146 2293 50
174 2237 321 2294 Cum
356 2235 532 2314 igitur
559 2219 798 2294 nonnisi
829 2234 1087 2293 humana
1111 2233 1476 2315 deprehendi
1501 2235 1682 2316 possit
1710 2235 1997 2296 industria
2021 2259 2195 2297 verus.

78 2350 279 2388 sensus
328 2327 566 2407 alicujus
612 2329 860 2388 auctoris
874 2372 890 2404 ‚
926 2339 1140 2402 restat,
1187 2339 1254 2386 ut
1294 2328 1593 2404 dicamus,
1631 2351 1755 2388 non
1805 2330 1923 2389 fide
1956 2318 2197 2409 divina,

78 2423 182 2483 sed
209 2423 325 2483 fide
357 2424 642 2482 duntaxat
678 2422 937 2482 humana
979 2422 1055 2480 ad
1086 2444 1387 2482 summum
1427 2446 1532 2482 nos
1586 2435 1788 2486 tenere
1830 2437 1930 2484 aut
1956 2425 2201 2487 credere*-

76 2519 291 2602 factum
342 2518 737 2598 dogmaticum
779 2517 853 2576 ab
899 2517 1147 2578 Ecclesia
1195 2518 1538 2594 definitum,
1582 2540 1712 2600 quae
1750 2541 1873 2579 non
1921 2520 2200 2583 excludat

78 2636 312 2674 omnem
347 2612 580 2674 errandi
605 2612 999 2673 formidinem.
1043 2614 1209 2692 Ergo,

159 2709 296 2768 398.
340 2711 512 2791 Resp.
546 2707 635 2769 Ad
670 2709 750 2766 1ιιι
773 2753 790 2783 .,
824 2710 983 2768 Dist.
1015 2714 1160 2786 maj.
1191 2708 1433 2768 Ecclesia
1463 2732 1584 2770 non
1612 2722 1704 2770 est
1725 2711 2046 2774 infallibilis
2079 2713 2199 2774 nisi·

75 2805 219 2864 circa
251 2826 316 2865 ea
333 2849 349 2880 .,
377 2826 505 2886 quae
541 2805 603 2862 in
639 2802 835 2864 divina
860 2803 1216 2864 revelatione
1240 2805 1616 2864 continentur
1637 2852 1654 2880 .‚
1679 2819 1855 2888 prout
1880 2811 2039 2867 testis
2062 2819 2152 2868 est
2168 2854 2185 2884 ,

75 2910 297 2974 trans.,·
327 2911 503 2980 prout
531 2911 619 2959 est
620 2899 823 2978 judam
851 2909 912 2958 et
933 2903 1250 2979 magistra,
1289 2922 1418 2980 neq.
1450 2902 1680 2960 Etenim
1706 2900 1951 2963 Ecclesia
1979 2914 2191 2985 praeter

78 2993 332 3068 officium
374 2996 537 3056 testis
573 3016 775 3055 eorum
799 3040 814 3069 ‚
858 3015 985 3076 quae
1026 2994 1089 3052 in
1140 2994 1497 3056 revelatione
1545 2998 1957 3073 continentur,
2012 2998 2190 3060 habet

80 3087 327 3170 officium
339 3091 549 3170 judicis
567 3090 1094 3151 controversiarum
1131 3100 1190 3150 et
1213 3091 1524 3171 magisterii
1550 3094 1835 3174 perpetui.
1853 3095 2031 3162 Prout
2053 3117 2188 3157 vero

81 3184 434 3246 ostendimus
455 3233 471 3262 ,
502 3209 622 3246 non
649 3199 846 3270 posset
871 3185 1117 3245 Ecclesia
1146 3196 1392 3270 utroque
1416 3187 1698 3266 ejusmodi
1728 3209 1973 3249 munere
1996 3189 2181 3272 fungi,

81 3276 191 3333 nisi
218 3292 365 3338 esset
390 3281 800 3341 infallibilitate
830 3303 863 3340 a
891 3280 1122 3339 Christo
1156 3282 1405 3341 munita.
1443 3283 1652 3363 Utique
1675 3303 1875 3341 sensus
1897 3286 2183 3356 Jansenii,

83 3371 181 3450 qui
223 3371 284 3428 in
327 3378 445 3450 ejus
488 3380 825 3457 Auyustino
862 3377 1231 3450 continetur,
1282 3399 1403 3436 non
1453 3377 1742 3458 reperitur
1794 3379 1917 3440 sive
1972 3379 2188 3440 directe

84 3598 136 3636 ut
162 3598 363 3651 vocant,
397 3591 453 3637 in
467 3589 612 3654 factis
638 3592 951 3657 dogmata-in
989 3596 1094 3644 Bol-
1177 3606 1277 3644 tum
1304 3598 1353 3644 in
1382 3613 1543 3661 opusc.
1578 3590 1877 3647 L’economia
1897 3596 2016 3646 della
2033 3595 2140 3660 sede
2164 3632 2182 3659 ,

87 3673 207 3733 geni,
233 3669 271 3719 I
290 3671 409 3735 fatti
427 3671 703 3721 dommalici
722 3710 736 3735 ,
760 3677 850 3725 vol.
869 3691 901 3725 α
921 3712 938 3737 ,Δ
963 3675 1090 3739 in-8,
1177 3677 1272 3727 vol.
1302 3696 1385 3728 un.
1409 3676 1590 3727 Brescia
1634 3693 1782 3745 1790.
