2514 4218
378 200 537 236 mar.
584 200 620 236 1.
665 199 815 236 secr.
866 201 932 238 11.
982 201 1107 238 cAP.
1155 202 1218 237 ιι.
1264 202 1332 236 DE
1377 201 1607 238 PRIMAT.
1656 202 1878 240 PERPET.
2091 183 2207 242 367

77 342 364 413 Ecclesiae,
425 341 763 400 universum
826 341 1116 400 mundum
1203 344 1441 400 Petrum
1519 343 1807 424 accepisse
1830 390 1844 418 ‚
1925 356 1990 403 ut
2049 346 2208 407 idem

75 440 132 496 S.
167 440 379 497 Doctor
405 435 657 493 affirmat
693 437 813 516 (1)3
853 436 947 495 alii
992 448 1057 495 ut
1101 458 1174 496 ex
1222 438 1390 495 Petro
1426 441 1553 516 ipse
1594 442 1967 517 episcopatus
1987 451 2044 498 et
2088 452 2208 502 tota

74 536 400 591 auctoritas
439 534 703 589 nominis
743 533 929 610 hujus
965 543 1312 610 emergeret,
1364 532 1446 590 uti
1490 533 1546 590 S.
1584 533 1957 592 Innocentius
1989 535 2101 615 (2).
2137 539 2209 596 Et

75 629 154 686 ita
182 648 356 707 porro
381 646 484 706 per
510 628 704 685 Patres
737 625 997 706 singulos
1022 625 1415 684 discurrentes
1435 672 1451 700 .,
1479 626 1631 686 hanc
1653 639 1989 689 constanter
2023 633 2207 691 ratio·

78 743 216 780 nem
249 721 582 779 invenimus
622 720 694 779 ab
742 723 880 803 ipsis
918 720 1305 799 assignatam.
1357 743 1537 801 quare
1577 723 1839 782 Christus
1878 726 2204 806 primatum

76 816 431 890 instituerit,
471 838 646 898 quem
691 818 863 876 Petro
899 814 1146 875 contulit
1185 837 1362 896 super
1404 821 1609 876 'omnes
1641 819 1978 900 Apost0105,
2027 843 2205 904 super

78 934 281 970 omues
313 911 544 987 fideleS‚
568 932 744 993 super
777 910 1088 970 Ecclesiam
1111 909 1470 971 universam.
1517 912 1692 990 Cujus
1734 914 1972 995 quidem
1989 917 2202 998 prima-

82 1018 171 1064 tus
221 1007 407 1066 virtus
459 1019 548 1065 est
597 1005 918 1076 efficiendi.
969 1016 1034 1062 ut
1077 1026 1281 1064 omnes
1329 1006 1542 1065 Christi
1585 1007 1787 1068 fideles
1845 1014 2204 1074 conveniant

75 1102 198 1160 sive
235 1101 297 1159 in
347 1124 473 1160 una
508 1102 824 1180 eademque
869 1101 984 1179 fide
1017 1099 1381 1180 profitenda,
1432 1103 1555 1161 sive
1609 1103 1668 1161 in
1709 1126 1839 1163 una
1889 1108 2205 1189 eademque

23 1258 29 1269 ,
75 1198 392 1255 charitatis
448 1217 555 1256 seu
605 1197 1047 1255 communionis
1097 1216 1376 1276 compaye
1429 1198 1872 1275 constituenda,
1923 1213 1989 1261 ut
2021 1203 2200 1266 iidem

78 1295 274 1352 Patres
333 1292 544 1351 docent
601 1291 711 1370 (3).

159 1388 297 1446 536.
347 1390 463 1447 Nec
490 1385 759 1445 abnuunt
795 1384 1113 1446 adversarii
1146 1387 1259 1469 ipsi
1300 1408 1419 1446 non
1448 1387 1651 1468 pauci,
1691 1388 1790 1469 qui
1828 1402 2110 1471 praeterea
2134 1395 2199 1456 id

77 1481 431 1541 concludunt
465 1502 536 1541 ex
563 1479 825 1561 analogia
852 1526 868 1555 7
899 1504 1030 1562 quae
1063 1481 1374 1542 intercedit
1409 1482 1564 1541 inter
1596 1483 1908 1566 Episcopos
1936 1509 2038 1547 seu
2062 1511 2201 1571 pas-

79 1589 228 1637 tores
301 1575 538 1656 singulis
599 1575 862 1636 Ecclesiis
918 1579 1255 1660 praepositos
1316 1576 1391 1636 ad
1451 1599 1652 1637 earum
1727 1581 2201 1646 constituendam

75 1673 480 1753 tuendamque
502 1673 824 1746 unitatem,
873 1684 937 1731 ut
969 1671 1140 1732 docet
1173 1671 1480 1754 Apostolus
1506 1672 1630 1753 (4)3
1681 1684 1741 1733 et
1774 1687 2071 1756 pastorem
2095 1701 2201 1741 seu

74 1770 381 1849 primatem
412 1768 803 1827 universalem
821 1814 837 1842 a
866 1790 982 1849 quo
1012 1770 1187 1827 totius
1214 1767 1480 1827 Ecclesiae
1506 1770 1718 1829 unitati
1743 1772 2194 1852 prospiceretur.

71 1865 295 1922 Horum
335 1865 663 1923 testimonia
701 1864 917 1944 partim
949 1863 1319 1923 exhibuimus
1347 1908 1363 1936 .,
1410 1864 1629 1946 partim
1655 1886 1792 1926 vero
1816 1870 2198 1931 commodiori

70 1957 195 2016 loco
218 1958 546 2017 afferemus
589 1959 694 2016 Hic
720 1959 856 2016 satis
879 1960 954 2017 sit
979 1981 1165 2017 unum
1189 1958 1476 2017 adducere
1504 1971 1933 2040 protestantem
1957 1964 2195 2044 Henke,

72 2053 172 2132 qui
206 2054 348 2112 adeo
384 2055 492 2112 hoc
518 2066 888 2135 perspectum
919 2053 1157 2127 habuit,
1188 2065 1274 2128 ut,
1302 2056 1571 2136 quamvis
1603 2060 1900 2115 unitatem
1933 2059 2194 2122 Ecclesiae

71 2149 156 2207 uti
201 2162 600 2209 commentum
637 2150 887 2228 reJiciat,
934 2150 1090 2208 ultro
1126 2161 1326 2209 tamen
1354 2150 1535 2208 fassus
1564 2162 1651 2209 est
1673 2195 1688 2224 .,
1725 2163 1945 2212 ceterae
1976 2176 2196 2216 causas

69 2245 154 2301 ad
167 2247 482 2322 primatus
503 2246 1011 2323 confirmationem
1038 2246 1209 2303 haud
1233 2246 1586 2324 suffectu-ras
1607 2249 1802 2325 fuisse
1818 2293 1840 2322 ,
1871 2254 2002 2309 nisi
2038 2273 2196 2312 com-

67 2332 335 2396 mentum
361 2341 522 2398 illud
542 2344 796 2399 unitatis
820 2351 1198 2422 assumptum
1229 2343 1538 2417 eoetz'tissec,
1562 2346 1742 2420 cujus
1763 2348 2193 2408 constituendas

64 2455 253 2492 causa
284 2436 504 2493 Petrus
530 2436 608 2494 ab
638 2438 765 2515 ipso
801 2437 1064 2495 Domino
1095 2457 1315 2494 curam
1346 2436 1626 2494 Ecclesioe
1665 2459 1805 2497 cum
1831 2444 2190 2502 auctoritate

65 2541 405 2589 consecutus
429 2534 625 2608 fuerit
660 2530 772 2613 (5).
1250 2524 1253 2527 ’

147 2623 285 2685 537.
334 2626 479 2685 Cum
509 2626 714 2706 igitur,
750 2638 878 2686 tum
908 2649 977 2686 ex
1023 2627 1334 2708 Scripturis
1357 2672 1372 2701 7
1409 2637 1535 2685 tum
1573 2649 1643 2686 ex
1691 2632 1983 2690 constanti
2012 2654 2189 2694 sensu

65 2720 422 2779 traditionali
456 2723 632 2780 totius
660 2722 1022 2805 antiquitatis
1047 2767 1063 2799 ‚
1101 2734 1229 2781 tum
1271 2721 1526 2804 denique
1569 2745 1640 2782 ex
1682 2725 1804 2806 ipsa
1850 2727 1934 2786 rei
1977 2739 2189 2790 natura

64 2825 123 2874 et
145 2815 610 2876 adversariorum
632 2818 988 2877 confessione
1014 2829 1234 2899 pateat,
1260 2818 1580 2900 primatum
1601 2819 1674 2878 ad
1690 2821 1973 2881 unitatem
2002 2823 2190 2884 Eccle-

63 2910 159 2970 siae
200 2932 314 2970 suae
356 2912 826 2973 constituendam
861 2924 919 2972 et
956 2912 1422 2972 conservandam
1461 2935 1493 2972 a
1531 2914 1760 2974 Christo
1796 2916 1969 2977 fuisse
2013 2918 2187 2979 insti-

65 3010 257 3064 tutum
297 3027 362 3066 ac
393 3009 563 3067 Petro
598 3006 876 3067 collatum
895 3053 911 3083 ,
948 3029 1203 3090 pronum
1228 3019 1317 3068 est
1347 3009 1562 3068 inferre
1584 3054 1601 3084 ‚
1626 3011 1819 3092 ipsum
1848 3035 1984 3072 cum
2028 3016 2187 3075 Petri

66 3096 227 3159 obitu
253 3103 496 3162 minime
523 3124 742 3164 cessare
771 3102 1038 3163 debuisse
1064 3147 1080 3177 ,
1120 3102 1222 3163 sed
1269 3102 1488 3163 tamdiu
1528 3125 1651 3164 esse
1677 3106 1740 3164 in
1766 3106 2010 3168 Ecclesia
2044 3130 2185 3192 per«

135 3355 204 3421 (1)
235 3357 395 3407 Tract.
411 3376 548 3410 cxvm
570 3365 627 3411 in
643 3361 790 3414 Joan.
812 3381 861 3412 n.
879 3360 931 3426 4,
951 3374 1065 3412 tom.
1167 3363 1353 3410 ratione
1375 3364 1620 3428 primatus
1642 3402 1655 3424 ‚
1693 3374 1789 3415 toto
1817 3365 1921 3433 cap.
1957 3370 2036 3418 13.

63 3454 142 3495 111,
173 3449 293 3502 part.
323 3456 356 3486 u
377 3478 389 3499 ‚
424 3442 532 3508 coh}
548 3442 782 3494 800-801.
1233 3444 1302 3508 (4)
1341 3444 1488 3510 Epist.
1530 3447 1588 3494 ad
1621 3447 1790 3513 Ephes.
1817 3467 1922 3515 cap.
1949 3449 2002 3513 4,
2051 3466 2101 3499 11
2126 3461 2172 3501 et

134 3519 341 3583 (2)1nter
364 3525 537 3586 epistol.
558 3524 606 3573 S.
626 3526 867 3593 Augustini
888 3566 901 3586 ‚
924 3531 1058 3594 epist.
1160 3539 1291 3590 seqq·
1567 3538 1571 3541 '

61 3606 255 3662 mxxxi,
281 3621 332 3651 n.
369 3619 388 3652 ι
413 3641 425 3664 ,
457 3615 568 3654 tom.
597 3625 659 3670 u,
694 3611 784 3660 col.
817 3611 937 3662 635.
1226 3621 1288 3686 (5)
1325 3621 1507 3688 Ορωσ.
1545 3623 1758 3675 academ.
1786 3625 1913 3690 Lips.
1950 3623 2089 3676 1802.

130 3683 195 3748 (3)
232 3684 329 3735 Cfr.
385 3688 506 3753 apud
551 3689 766 3743 Ballerin.
817 3693 885 3743 De
930 3700 979 3747 vi
1013 3717 1070 3748 ac
