2514 4218
264 167 385 229 294

891 182 1089 220 TRACT.
1135 182 1204 218 DE
1248 181 1400 220 Locls
1445 183 1819 223 THEOLOGICIS.

347 329 491 390 440.
539 327 629 392 Ad
663 326 745 387 3*Ϊι
767 373 783 402 ,
824 328 997 407 Resp.
1030 323 1343 382 dicterium
1372 323 1660 402 ejusmodi
1684 346 1810 387 esse
1858 324 2122 386 Ecclesiae
2153 325 2400 404 injurio-

264 450 392 489 sum
416 473 432 504 ,
476 425 634 510 quod
663 424 825 484 nulla
859 422 1086 482 ratione
1113 420 1186 480 ab
1218 420 1568 481 adversariis
1594 423 1812 503 poterit
1841 424 2156 485 honestari.
2187 424 2405 484 Verum

265 525 374 586 etsi
423 523 698 597 daretur,
751 520 861 578 1100
910 529 1219 598 exurgeret
1269 529 1685 598 argumentum
1742 540 1756 576 ε
1815 520 2059 581 Ecclesia
2103 521 2407 580 interdum

262 620 444 681 abusa
469 631 559 680 est
585 626 877 700 potestate
911 612 1272 695 legislativa;
1309 637 1445 694 ergo
1476 615 1631 673 hanc
1667 635 1790 672 non
1829 612 2041 691 hahet,
2079 638 2271 701 neque
2298 617 2408 675 ha-

262 716 404 778 bere
448 714 645 774 debet.
700 712 843 785 Quae
888 710 1133 793 quidem
1188 711 1236 770 si
1285 710 1510 771 valeret
1558 710 2011 790 argumentandi
2058 713 2206 771 ratio
2233 758 2250 787 ,
2298 712 2407 771 1100

264 813 484 896 pariter
522 807 753 867 institui
806 818 1003 889 posset
1044 818 1460 887 argumentum
1511 829 1524 864 ε
1573 809 1837 878 Potestas
1883 805 2067 866 civilis
2108 806 2406 867 interdum

264 908 441 966 abusa
475 915 565 964 est
593 903 940 963 auctoritate
974 902 1333 984 legislativa3
1373 924 1508 984 ergo
1543 924 1672 962 eam
1707 924 1830 962 non
1869 900 2051 964 habet
2076 923 2269 986 neque
2291 903 2410 964 ha-

267 1003 407 1063 bere
440 1000 647 1060 debet.
678 1000 886 1085 Nescio
909 1021 1105 1082 porro,
1139 1011 1342 1058 utrum
1370 999 1481 1058 hoc
1514 998 1769 1081 politicis
1803 998 2078 1058 arrideat.

351 1098 496 1159 441.
544 1097 716 1172 Quod
760 1119 901 1159 vero
935 1098 1150 1157 attinet
1180 1097 1255 1156 ad
1269 1100 1576 1178 placitum
1621 1101 1859 1178 reyium
1891 1097 2208 1159 novissime
2242 1097 2414 1158 inve·-

260 1208 430 1257 ctum
460 1194 783 1255 aulicorum
802 1194 1040 1254 hortatu
1066 1194 1179 1274 (1),
1208 1193 1360 1269 dico,
1393 1193 1542 1253 illud
1567 1192 1745 1276 plane
1771 1194 2059 1272 injustum
2088 1215 2249 1271 esse,
2278 1195 2412 1277 quia

267 1293 544 1374 Princeps
585 1292 753 1351 fieret
792 1312 863 1350 ex
917 1290 1179 1350 Ecclesiae
1230 1289 1351 1349 filio
1401 1311 1466 1349 ac
1519 1289 1755 1348 subdito
1812 1289 2075 1368 ejusdem
2108 1290 2296 1368 judex
2349 1311 2414 1349 ac

274 1388 548 1447 dominus
580 1430 596 1462 ,
647 1386 984 1469 arbiter-que
1031 1385 1429 1447 ecclesiasticae
1477 1385 1838 1468 disciplinae,
1897 1385 2148 1468 ideoque
2197 1385 2413 1446 limites

268 1482 575 1565 potestatis
604 1504 723 1542 suae
761 1481 1292 1562 transgrederetur.
1336 1482 1490 1556 Quid
1529 1482 1796 1542 dicerent
1833 1481 2001 1542 aulici
2031 1529 2046 1557 ,
2088 1485 2134 1541 si
2165 1482 2412 1542 Ecclesia

263 1590 366 1639 aut
402 1600 680 1637 romanus
711 1578 981 1637 Pontifex
1009 1577 1194 1637 nollet
1218 1578 1562 1660 Principum
1600 1577 1832 1637 decreta
1862 1578 1986 1640 vim
2018 1578 2267 1655 habere,
2299 1579 2410 1638 nisi

265 1675 429 1757 prius
466 1675 590 1755 ipse
622 1694 687 1732 ea
713 1672 1051 1754 probasset,
1088 1673 1197 1731 sub
1230 1672 1514 1749 obtenta,
1555 1672 1714 1755 quod
1748 1685 1990 1755 possent
2026 1695 2150 1734 esse
2182 1673 2415 1753 juribus

261 1769 659 1830 ecclesiasticis
689 1769 863 1828 noxia
889 1769 916 1827 Ρ
942 1771 1073 1828 Non
1109 1769 1436 1829 clamarent
1459 1814 1475 1844 ,
1520 1769 1830 1829 Ecclesiam
1859 1770 1969 1829 hac
2000 1771 2228 1830 ratione
2257 1771 2418 1831 inva-

261 1866 400 1926 dere
416 1869 550 1944 jura
574 1864 959 1947 Principum?
985 1866 1355 1947 Experientia
1390 1866 1528 1925 satis
1557 1866 1845 1935 ostendit,
1872 1866 2115 1948 quinam
2143 1866 2414 1944 injician—

263 1974 359 2020 tur
399 1960 714 2044 compedes
760 1960 1158 2020 ecclesiasticae
1192 1962 1471 2043 potestati
1513 1983 1585 2021 ex
1619 1961 1909 2040 ejusmodi
1946 1959 2174 2043 placitis
2217 1961 2410 2040 regiis.

262 2056 560 2139 Principes
590 2055 894 2115 acatholici
920 2060 1016 2135 jus
1052 2056 1252 2139 placiti
1280 2058 1423 2138 regii
1452 2056 1562 2117 sibi
1596 2058 1820 2140 pariter
1860 2056 2235 2118 vindicarunt
2276 2056 2365 2136 (2)
2392 2081 2407 2129 ς

270 2295 471 2348 Antonii
494 2294 691 2344 Biancbi
707 2331 723 2357 ,
761 2295 864 2344 ord.
901 2294 1023 2343 min.
1053 2294 1111 2343 de
1143 2294 1301 2342 obser-

271 2381 453 2438 vantia,
492 2376 635 2428 Della
665 2378 849 2444 potestc'z
894 2394 919 2425 e
966 2376 1089 2425 della
1124 2376 1304 2442 politia

268 2460 391 2510 della
414 2460 580 2510 chiesa
600 2498 615 2522 ‚
651 2471 766 2509 tom.
789 2476 840 2509 111
860 2500 874 2523 ,
901 2460 990 2510 lib.
1024 2478 1041 2508 1
1061 2498 1075 2521 ‚
1108 2461 1222 2527 cap.
1254 2476 1299 2520 1,

265 2543 370 2612 §Q
401 2545 552 2594 Roma
587 2542 735 2610 1745.

336 2628 403 2693 (l)
452 2628 525 2676 Ex
557 2638 625 2676 tot
672 2627 1036 2692 imperatoribus
1086 2637 1131 2674 et
1171 2625 1306 2672 Prin-

272 2710 455 2776 cipibus
504 2710 764 2759 cbristianis
798 2746 812 2768 ,
862 2711 943 2775 qui
989 2711 1040 2756 in
1088 2710 1305 2756 universo

272 2794 479 2855 mundo,
504 2793 563 2842 ab
580 2799 714 2842 aetate
734 2790 1031 2840 Constantini
1057 2790 1120 2839 M.
1147 2789 1206 2840 ad
1224 2805 1306 2838 sae-

271 2879 430 2928 culum
448 2896 598 2947 usque
635 2897 693 2927 xv
733 2887 1020 2943 regnarunt,
1062 2894 1122 2926 ne
1153 2894 1305 2925 unum

270 2964 461 3028 quidem
488 2966 684 3031 reperies
704 3002 717 3025 ,
757 2966 841 3030 qui
875 2964 1073 3013 Concilii
1108 2965 1304 3030 alicujus

272 3045 508 3096 decretum
561 3059 641 3098 aut
690 3049 1066 3097 constitutionem
1114 3048 1305 3113 pontifi-

273 3130 395 3177 ciam
416 3165 431 3190 ‚
459 3129 529 3179 vel
548 3134 669 3181 circa
699 3133 941 3183 materiam
959 3131 1304 3198 disciplinarem

278 3222 484 3273 tantum,
508 3215 677 3279 placito
701 3219 824 3283 regio
845 3215 1186 3281 subjiciendam
1209 3233 1306 3265 esse

285 3297 598 3347 contenderit.
648 3299 747 3352 Cfr.
798 3301 1046 3359 zaccaria,
1092 3316 1175 3364 op.
1228 3303 1306 3351 cit.

276 3397 307 3444 p
330 3395 409 3446 ag.
466 3377 559 3440 16,
602 3392 647 3431 et
680 3383 877 3434 Bianchi
915 3402 993 3450 op.
1014 3385 1186 3449 pariter
1217 3384 1299 3433 cit.

286 3473 403 3512 tom.
438 3479 616 3530 1v‚.p
659 3463 758 3529 346
799 3478 843 3516 et
871 3486 999 3535 seqq.
1035 3466 1248 3515 Verum
1234 3485 1311 3532 Ju

284 3547 401 3595 verit
437 3545 495 3595 de
543 3546 797 3597 novissimo
849 3551 939 3599 1100
999 3551 1112 3615 regii
1153 3548 1312 3615 placiti

284 3628 477 3678 invento
517 3628 769 3710 judicium
802 3632 993 3694 afferre,
1037 3630 1164 3699 quod
1209 3631 1314 3679 tulit

285 3708 345 3759 D.
385 3710 513 3774 Ρο11,
565 3689 827 3765 membrum
879 3716 1060 3766 consilii
1096 3714 1313 3764 Flandri·

1385 2299 1461 2354 01,
1492 2295 1564 2342 his
1600 2293 1789 2349 verbim,
1819 2292 1984 2359 Quam
2018 2293 2414 2342 consuetudinem

1390 2377 1600 2443 (placiti
1630 2378 1786 2443 reqii)
1822 2387 1867 2425 et
1903 2376 2078 2426 multas
2123 2377 2248 2426 alias
2289 2380 2410 2444 eju-s·

1386 2461 1492 2509 dem
1525 2462 1708 2527 farinae
1748 2478 1847 2509 non
1867 2478 2008 2527 posse
2028 2463 2148 2526 jure
2177 2462 2297 2508 satis
2329 2459 2409 2507 de-

1379 2545 1525 2610 fendi
1545 2553 1693 2611 puto,
1726 2552 1783 2591 ut
1798 2560 1902 2608 quoe
1931 2543 2143 2591 libertati
2173 2542 2410 2592 Ecclesioe

1379 2626 1655 2692 plurimum
1701 2626 2022 2673 adversantur
2051 2663 2065 2687 ‚
2117 2642 2174 2673 ac
2206 2626 2416 2691 proinde

1386 2726 1484 2757 non
1527 2708 1685 2756 valent
1722 2708 1855 2774 apud
1876 2710 2042 2772 justos
2083 2717 2127 2756 et
2161 2707 2412 2756 catholicos

1371 2792 1570 2858 judices
1596 2829 1609 2851 2
1649 2793 1737 2855 qui
1779 2793 1999 2838 timorem
2042 2790 2148 2838 Dei
2196 2790 2407 2849 habent,

1386 2873 1494 2922 licet
1508 2874 1635 2938 sorte
1653 2872 1841 2921 valeant
1858 2872 1994 2939 apud
2015 2890 2110 2936 eos,
2140 2872 2274 2939 apud
2293 2889 2409 2935 quos

1386 2956 1625 3022 quidquid
1645 2955 1761 3004 libet
1790 2955 1929 3016 licet,
1954 2965 1998 3003 et
2020 2957 2109 3020 qui
2132 2954 2407 3003 Ecclesiam

1386 3040 1624 3100 oderunt,
1652 3055 1849 3104 eamque
1869 3037 2194 3103 Principibus
2226 3037 2408 3085 secula-

1386 3123 1525 3171 ribus
1542 3121 1743 3170 libenter
1762 3122 1817 3167 ἐπ
1839 3120 2063 3168 omnibus
2080 3119 2369 3185 subjicerent
2386 3138 2407 3178 ;

1386 3206 1716 3271 confusionem
1754 3205 1955 3270 passuri
2003 3204 2059 3250 in
2108 3220 2282 3268 may-no
2328 3202 2410 3251 illo

1387 3290 1495 3349 die,
1525 3306 1635 3337 cum
1661 3287 1726 3336 acl
1752 3285 2081 3350 judicandum
2107 3303 2184 3334 eos
2220 3288 2406 3345 veniet,

1385 3372 1527 3438 cujus
1586 3386 1808 3436 sponsam
1856 3369 1939 3426 hic
1982 3377 2367 3435 contempserunt
2401 3406 2414 3427 ‚

1394 3463 1438 3500 et
1477 3454 1670 3518 ‘injuria
1708 3453 1984 3518 affecerunt
2014 3452 2114 3501 Cfr.
2154 3449 2422 3499 Memorial

1395 3534 1568 3584 cathol.
1601 3535 1730 3583 Fevr.
1771 3532 1916 3585 1826.

1467 3618 1531 3682 (Ξ)
1570 3617 1632 3666 Ut
1664 3618 1755 3666 fere
1774 3636 1935 3667 omnes
1962 3617 2199 3682 Principes
2229 3614 2415 3664 acatho-

1397 3700 1474 3749 lici
1503 3699 1789 3761 Germaniae‚
1815 3705 1951 3768 cujus
1986 3703 2051 3751 rei
2083 3709 2242 3766 praesto
2272 3696 2420 3745 habe-
