2514 4218
2085 245 2164 304 53

429 264 584 302 PART.
629 264 668 300 1.
716 262 838 301 GAP.
884 264 947 300 11.
998 262 1325 302 nli-CHRISTI
1366 262 1517 301 8001..
1566 265 1809 303 CONS‘HT.

156 409 250 467 94.
297 403 466 464 Haud
498 403 750 462 multum
783 402 855 462 ab
890 403 998 463 hoc
1027 404 1475 463 protestantium
1499 403 1710 485 placito
1744 405 2021 465 neoterici
2048 404 2165 465 dis-

72 515 200 562 tant
231 501 346 575 illi,
379 500 480 581 qui
509 521 641 558 cum
676 500 984 559 Edmundo
1020 499 1283 558 Richerio
1316 501 1609 576 sentiunt,
1646 499 1939 559 Christum
1974 512 2160 561 totam

70 607 450 679 potestatem,
500 616 672 675 quam
714 594 918 653 tribuit
964 613 1069 674 per
1110 592 1478 653 collationem
1523 594 1808 662 clavium,
1857 595 2165 656 contulisse

73 692 297 771 corpori
338 688 598 749 fidelium
631 691 691 747 in
720 688 965 747 solidum
986 731 1002 760 a
1039 686 1531 766 quemadmodum
1560 691 1711 747 Deus
1738 688 1930 747 oculos
1952 709 2043 749 ex.
2073 711 2160 769 gr.

68 784 229 843 dedit
266 786 488 865 corpori
510 829 526 858 7
569 795 668 842 aut
705 784 879 842 etiam
902 779 1232 838 facultatem
1258 780 1501 841 visivam
1527 804 1647 841 non
1670 782 1846 842 oculis
1868 784 1929 841 in
1955 804 2015 842 se
2038 805 2165 864 spe·

69 881 232 938 ctatis
263 880 528 953 contulit7
555 879 657 938 sed
677 876 921 957 corpori,
939 873 1095 955 quod
1107 874 1289 933 cernit
1303 895 1408 955 per
1429 876 1641 951 ocu105‚
1667 878 1830 936 audit
1855 899 1960 959 per
1974 900 2162 949 aureS,

67 986 176 1033 etc.
216 976 359 1032 Cum
389 996 525 1033 vero
549 972 744 1032 fideles
769 979 1063 1048 nequeant
1085 989 1190 1049 per
1222 973 1283 1026 se
1309 969 1588 1045 ejusmodi
1617 983 1967 1051 potestatem
1994 994 2165 1032 exera-

67 1089 192 1127 cere
210 1113 226 1142 7
251 1068 510 1147 deligunt
530 1063 936 1143 'ecclesiasticos
964 1063 1115 1123 viros
1131 1107 1146 1129 ,
1185 1083 1247 1120 ac
1272 1063 1337 1120 in
1368 1063 1569 1144 primis
1593 1066 1758 1124 Rom.
1784 1068 2123 1126 Pontificem
2143 1111 2161 1144 ,

66 1162 371 1243 Episcopos
393 1208 408 1235 ‚
453 1158 820 1238 Presbyteros
856 1178 922 1215 ac
951 1155 1199 1237 reliquos
1234 1155 1466 1216 clericos
1501 1156 1578 1215 ad
1615 1158 1928 1238 peculiaria
1978 1161 2163 1235 officia

67 1250 332 1314 obeunda
358 1257 463 1336 (1).
491 1254 691 1332 -Atque
728 1250 863 1311 inde
888 1249 1128 1332 profluit
1158 1249 1256 1310 illa
1289 1255 1508 1330 capitis
1534 1255 1957 1311 ministerialis
1985 1253 2165 1314 deno-

67 1352 307 1409 minatio
347 1371 392 1407 a.
417 1346 676 1406 Richerio
720 1347 1018 1427 primum,
1071 1344 1282 1404 deinde
1321 1366 1460 1406 vero
1495 1366 1527 1403 a
1570 1346 1790 1427 synodo
1827 1348 2166 1408 Pistoriensi

67 1448 326 1503 Romano
370 1441 631 1501 Pontifici
669 1440 885 1499 tributa
924 1442 1051 1521 (2);
1097 1460 1223 1521 quae
1265 1439 1501 1521 quidem
1539 1439 1934 1501 denominatio
1961 1454 2166 1525 utpote

68 1558 360 1618 emergens
387 1559 417 1594 a
447 1545 789 1616 systemate,
819 1536 976 1616 quod
1009 1536 1100 1593 uti
1124 1534 1459 1593 haereticum
1484 1534 1827 1594 damnatum
1861 1548 1949 1596 est
1968 1582 1983 1611 ,
2013 1539 2167 1617 pari-

66 1645 155 1693 ter
193 1644 256 1690 ut
293 1632 558 1691 haeretica
598 1631 919 1712 proscripta
960 1630 1068 1689 fuit
1108 1651 1139 1688 a
1179 1630 1279 1688 Pio
1316 1631 1386 1688 Vl
1409 1675 1425 1703 .,
1470 1630 1533 1687 in
1570 1632 1797 1691 constit.
1845 1634 2164 1692 Auctorem

58 1729 204 1804 fidei
226 1726 331 1806 (3).

142 1823 238 1881 95.
284 1821 347 1880 ld
371 1811 560 1902 ipsum
581 1819 654 1879 de
672 1820 739 1878 iis
760 1817 1105 1895 dicendum,
1136 1819 1235 1900 qui
1251 1864 1267 1894 ‚
1291 1819 1379 1878 sin
1404 1820 1598 1880 minus
1623 1821 1816 1883 verbis
1841 1866 1857 1895 ,
1880 1843 1944 1882 re
1968 1833 2167 1883 tamen

61 1916 121 1973 in
157 1915 422 1976 eamdem
461 1913 787 1975 concedunt
808 1913 1159 1973 sententiam
1177 1959 1192 1989 7
1218 1913 1642 1976 contendentes
1662 1961 1678 1989 .‚
1709 1916 2006 1975 Christum
2047 1918 2162 1976 Ec·-

130 2178 199 2244 (1)
235 2179 305 2227 Ita
324 2178 564 2228 Richerius
590 2182 642 2228 in
681 2196 760 2244 op.
794 2181 1016 2243 inscripto
1048 2195 1064 2226 ε

65 2256 136 2306 De
166 2259 481 2307 ecclesiastica
516 2269 559 2307 et
582 2259 786 2326 politica
812 2267 1064 2325 potestate.

65 2338 165 2387 Hoc
195 2357 308 2404 opus
336 2350 402 2387 ter
446 2341 716 2388 damnatum
757 2341 847 2387 fuit
879 2341 1068 2388 decretis

74 2435 130 2466 ιο
167 2419 277 2484 Maj.
323 2418 481 2478 1613,
513 2437 540 2466 2
574 2420 795 2468 Decemb.
829 2417 952 2467 1622
978 2455 991 2476 ‚
1022 2429 1066 2466 et

63 2499 95 2563 4
117 2499 251 2548 Mart.
289 2517 434 2566 1709.
463 2500 701 2548 Richerius
728 2500 901 2548 librum
934 2516 1070 2547 suum

63 2582 203 2630 semel
228 2590 276 2630 et
307 2585 475 2629 iterum
503 2599 598 2629 non
620 2582 768 2629 solum
791 2583 1067 2639 retractavit,

62 2662 140 2710 sed
170 2662 309 2727 plane
344 2663 617 2710 confutavit.
651 2661 752 2710 Cfr.
777 2678 932 2726 opusc.
958 2660 1071 2708 Zac·

62 2748 194 2793 cariae
214 2782 226 2804 ‚
257 2747 331 2792 cui
378 2748 444 2792 tit.
476 2745 525 2791 T
523 2744 718 2791 heotimi
738 2742 991 2808 Eupistini
1014 2742 1071 2790 de

62 2826 209 2874 doctis
228 2826 473 2874 catholicis
497 2828 620 2873 viris
642 2861 658 2887 ‚
675 2826 760 2889 qui
779 2823 853 2872 CI.
874 2827 910 2873 J
912 2826 1069 2872 ustino

63 2909 301 2957 Febronio
350 2911 407 2956 in
436 2910 629 2973 scriptis
668 2909 770 2955 suis
811 2914 1070 2955 retractan-

63 2990 139 3038 dis
168 2990 227 3038 ab
261 3008 344 3038 an.
374 3008 549 3038 nntxxx
581 2989 819 3038 laudabili
858 2988 1071 3054 exemplo

57 3071 386 3136 praeiverunt,
418 3070 539 3119 liber
580 3071 847 3136 sinqularis
865 3107 882 3133 ‚
910 3071 1069 3125 Romae

75 3168 215 3218 ¹79¹·
284 3153 384 3202 cfr.
444 3164 659 3218 praeterea
726 3153 850 3201 idem
917 3163 1072 3201 auctor

73 3234 122 3279 in
162 3234 582 3296 Anti-Febronio‚
619 3253 722 3301 pag.
761 3233 825 3302 87
854 3245 902 3284 et
935 3253 1070 3302 seqq.

72 3311 243 3362 Cesena
276 3332 419 3382 ¹770·

140 3393 211 3454 (ἃ)
245 3394 359 3445 Sane
396 3397 632 3447 Richerius
685 3400 736 3445 in
779 3413 859 3459 sua
906 3394 1076 3444 Retra-

78 3476 278 3521 etatione
297 3478 356 3524 ita
383 3479 536 3526 scribit
572 3496 587 3527 z
620 3476 765 3526 Hanc
782 3479 1070 3543 propositio-

75 3571 185 3601 nem
202 3592 214 3615 ‚
259 3572 342 3603 seu
362 3562 522 3623 potius
551 3561 770 3610 haeresim
792 3577 852 3610 ex
881 3560 1074 3627 putidis

77 3637 280 3686 Lulheri
306 3647 348 3686 et
378 3638 571 3690 Calvini
592 3644 808 3708 fontibus
844 3661 917 3691 me
952 3643 1075 3690 hau-

79 3721 192 3767 sisse
223 3738 323 3769 non
370 3722 609 3786 diffiteor,-
637 3728 721 3788 qui
764 3726 898 3774 ambo
928 3726 1077 3790 impie

1148 2177 1364 2242 salsoque
1407 2177 1729 2240 contendunt,
1759 2183 1961 2244 proprie
1993 2188 2040 2228 et
2072 2182 2168 2228 im-

1151 2259 1354 2308 mediate
1356 2276 1386 2325 y
1393 2260 1755 2308 urisdicticnem
1773 2260 1825 2309 E
1825 2261 2006 2310 cclesioe
2012 2262 2167 2327 fuisse

1157 2340 1321 2386 datam
1354 2356 1384 2386 a
1406 2339 1625 2400 Christo,
1647 2357 1745 2388 non
1771 2340 1826 2390 S.
1847 2342 1990 2390 Petro
2014 2379 2027 2402 ‚
2052 2342 2167 2390 aliis

1156 2418 1401 2483 Apostolis
1440 2429 1482 2466 et
1511 2419 1770 2484 Epi-scopis
1791 2457 1804 2479 ,
1839 2423 1944 2468 nisi.
1964 2439 2056 2486 per
2079 2439 2168 2469 ac—

1154 2498 1318 2545 cidens
1344 2499 1769 2547 instrumentaliter
1790 2509 1834 2547 et
1851 2503 2046 2550 nomine
2063 2501 2114 2549 E
2114 2519 2166 2549 c·

1154 2578 1311 2628 clesioe
1334 2616 1348 2638 ‚
1368 2590 1438 2627 etc
1444 2614 1546 2629 .....
1567 2580 1668 2627 Nec
1702 2582 1868 2628 minus
1895 2581 2020 2630 mihi
2036 2582 2164 2629 ridi-

1155 2658 1317 2706 eulum
1360 2660 1462 2723 suit
1491 2661 1650 2708 dicere
1669 2696 1682 2719 ,
1723 2661 1937 2709 eumdem
1971 2662 2165 2728 Papam

1156 2757 1253 2789 esse
1290 2748 1437 2806 eaput
1467 2741 1780 2790 ministeriale
1800 2780 1813 2802 ‚
1856 2758 1914 2789 ac
1960 2744 2007 2789 si
2043 2753 2164 2791 esset

1155 2820 1386 2872 Ecclesiae
1406 2823 1626 2870 minister
1642 2859 1654 2881 ‚
1667 2823 2060 2887 quemadmodum
2075 2840 2164 2890 ap-

1150 2907 1391 2971 paritores
1423 2913 1539 2953 sunt
1566 2906 1785 2952 ministri
1798 2904 2029 2970 justitiae.

1226 2985 1288 3050 (3)
1327 2985 1467 3051 Prop.
1490 3002 1539 3033 ιιι
1561 3023 1575 3046 ,
1611 3003 1749 3051 quam
1780 2985 1892 3033 alias
1933 2985 2163 3035 dedimus.

1156 3065 1231 3116 Sic
1258 3070 1423 3132 pariter
1438 3084 1570 3132 prop.
1608 3084 1640 3114 ιι
1660 3103 1674 3127 ,
1706 3066 1830 3131 Quoe
1848 3068 2047 3127 statuit,
2073 3083 2164 3132 po-

1157 3157 1365 3197 testatem
1388 3166 1419 3197 a
1460 3148 1568 3197 Deo
1607 3147 1771 3196 datam
1805 3147 2075 3208 Ecclesioe,
2112 3156 2166 3195 ut

1156 3233 1534 3281 communicetur
1575 3229 1890 3292 Pastoribus,
1933 3231 2021 3294 qui
2053 3237 2169 3277 sunt

1159 3321 1261 3381 ejus
1289 3318 1514 3365 ministri
1535 3331 1629 3381 pro
1663 3314 1815 3363 salute
1841 3316 2120 3363 animarum
2141 3331 2166 3373 ς

1159 3402 1230 3448 sic
1256 3397 1488 3447 intellecta
1512 3434 1525 3455 ,
1557 3404 1610 3443 ut
1632 3413 1662 3444 a
1695 3397 2033 3459 communitate
2055 3393 2169 3459 fide-

1159 3481 1279 3528 lium
1322 3481 1380 3527 in
1418 3479 1641 3526 Pastores
1679 3477 1920 3526 derivetur
1949 3475 2167 3525 ecclesia-

1157 3564 1270 3610 stici
1329 3561 1594 3608 ministerii
1639 3575 1697 3608 ac
1745 3559 1994 3625 reqiminis
2035 3554 2171 3622 pote·

1159 3653 1290 3705 stas.
1323 3642 1566 3691 haeretica.
