2514 4218
226 133 347 193 504

813 151 1013 191 TRAGT.
1058 152 1128 188 ΒΕ
1173 149 1324 189 LOCIS
1368 148 1757 188 THROLOGIGIS.

230 298 493 359 Christus
518 318 626 379 pro
657 317 726 357 eo
756 294 940 369 fudit;
971 295 1198 376 quippe
1227 292 1404 371 hujus
1438 292 1717 351 orationis
1740 291 2040 371 objectum
2068 305 2159 354 est
2183 295 2370 357 Eccle-

230 394 315 454 sia
357 394 481 475 ipsa
523 415 557 451 a
606 393 780 452 Petro
817 402 1105 473 tanquam
1160 380 1353 470 capite
1398 398 1854 469 repraesentata,
1904 401 1963 448 et
2012 390 2073 448 in
2124 390 2372 452 Ecclesia

230 510 404 549 suum
428 486 609 548 habet
643 487 940 548 effectum.
972 487 1141 564 Ergo,

307 584 447 644 737.
496 586 674 665 Resp.
707 582 797 642 Ad
831 584 936 657 ΙΨ,
967 581 1119 661 Ney.
1159 582 1393 640 Etenim
1432 580 1705 662 quamvis
1750 582 2018 659 proxima
2056 583 2373 664 Apostolo-

231 702 367 741 rum
424 680 675 740 tentatio
723 690 782 737 et
836 678 994 737 Petri
1044 677 1244 759 lapsus
1299 676 1661 757 occasionem
1720 675 1955 736 Christo
2010 675 2375 758 praebuerint

228 775 410 838 verba
443 775 541 837 illa
569 773 943 858 proferendi,
971 795 1107 832 cum
1137 785 1336 834 tamen
1362 760 1617 849 munus{
1646 771 1804 853 quod
1833 772 1902 831 iis
1919 772 2180 832 Christus
2202 775 2375 835 Petro

228 870 520 932 commisit
566 869 956 930 confirmandi
1004 869 1213 929 fratres
1259 870 1323 928 in
1366 868 1515 943 fide,
1559 869 1635 928 sit
1687 890 1904 927 munus
1954 868 2258 950 publicum
2299 868 2374 929 ab

229 988 298 1027 eo
345 967 741 1027 exercendum
787 977 854 1024 ut
908 965 1175 1025 Ecclesiae
1226 965 1482 1025 Primate
1539 976 1716 1045 atque
1774 966 1838 1023 in
1890 965 2151 1026 Ecclesiae
2191 965 2375 1048 ipsius

234 1063 553 1122 utilitatem
570 1107 587 1139 ‚
615 1074 808 1144 patet,
837 1062 1084 1121 minime
1113 1062 1375 1123 favorem
1399 1060 1770 1142 personalem
1794 1072 1896 1120 aut
1926 1061 2234 1144 personale
2247 1063 2376 1144 pri-

232 1158 510 1239 vilegium
547 1159 810 1219 extitisse
831 1204 847 1233 ,
887 1157 991 1217 sed
1019 1157 1395 1240 privilegium
1436 1155 1733 1216 adnexum
1767 1157 2045 1239 primatui
2067 1203 2083 1233 7
2117 1158 2377 1240 quicum

228 1268 551 1339 perpetuus
582 1278 706 1317 esse
747 1255 1025 1331 deberet„
1068 1267 1427 1337 perpetuum
1472 1255 1692 1337 pariter
1739 1276 1859 1314 esse
1891 1254 2096 1314 debuit
2132 1255 2377 1337 privile-

235 1354 418 1433 gium,
460 1353 616 1435 quod
650 1355 704 1413 ei
753 1352 1017 1411 Christus
1051 1353 1337 1410 Dominus
1367 1350 1599 1429 adJecit.
1642 1352 1727 1409 Ita
1754 1373 1880 1411 rem
1909 1350 2170 1411 Ecclesiae
2199 1353 2379 1411 etiam

231 1452 435 1509 Patres
474 1449 935 1524 intellexerunt,
984 1448 1073 1506 uti
1112 1469 1186 1508 ex
1233 1447 1498 1507 dicendis
1542 1446 1868 1520 constabitg
1912 1468 2022 1507 nec
2063 1449 2378 1508 Bossuetus

229 1548 355 1629 ipse
378 1557 668 1627 repugnat
703 1546 814 1626 (1).

319 1641 459 1701 738.
503 1640 593 1701 Ad
626 1642 735 1714 21¹1,
766 1642 925 1700 Dist.
969 1640 1037 1705 In
1068 1638 1316 1699 Ecclesia
1349 1661 1521 1699 suum
1551 1637 1733 1698 habet
1770 1639 2046 1699 effectum
2080 1642 2381 1702 mediante

233 1738 447 1807 Petr0,
480 1758 643 1796 conc.
661 1757 681 1806 ;
707 1758 776 1795 eo
813 1735 1083 1811 excluSO,
1118 1757 1252 1816 neq.
1285 1737 1404 1795 Nec
1430 1735 1592 1795 enim
1629 1734 1966 1814 abnuimus,
1993 1736 2208 1796 Christi
2246 1758 2380 1795 ora-

234 1836 462 1895 tionem
497 1834 715 1895 habere
751 1834 1061 1917 potissime
1090 1855 1199 1915 pro
1226 1832 1454 1912 objecto
1472 1833 1738 1893 Ecclesiae
1767 1832 2085 1893 utilitatem
2105 1835 2170 1892 in
2194 1854 2380 1916 eaque

241 1931 566 2014 compleri,
621 1952 834 1991 verum
867 1931 927 1988 id
974 1930 1325 1990 verificatur
1351 1950 1459 2011 per
1506 1929 1781 2013 Petrum,
1831 1951 1940 2011 pro
1973 1951 2090 2012 quo
2119 1929 2383 1988 Christus

238 2028 613 2108 singulariter
649 2028 874 2102 oravit,
914 2038 983 2086 ut
1026 2028 1404 2086 confirmaret
1445 2026 1653 2085 fratres
1695 2026 1759 2084 in
1791 2026 1927 2085 fide.

316 2124 458 2184 739.
505 2124 638 2203 Obj.
673 2123 949 2184 secunda.
992 2125 1113 2182 Nec
1156 2121 1410 2182 alterum
1441 2122 1846 2181 testimonium
1885 2119 2188 2204 quidpiam
2220 2121 2384 2182 evin-

235 2222 350 2295 cit3
392 2220 682 2303 siquidem
723 2222 787 2279 1ο
823 2221 1033 2280 Petrus
1057 2265 1074 2295 ‚
1119 2219 1333 2281 Matth.
1378 2217 1779 2294 xvh-dictus
1825 2229 1911 2278 est
1950 2230 2117 2301 petra
2155 2218 2383 2279 ratione

237 2317 525 2401 primatus
566 2317 805 2376 honoris
848 2338 914 2376 ac
945 2314 1379 2395 jurisdictionis
1403 2360 1420 2390 ,
1465 2335 1583 2397 quo
1627 2314 1814 2396 pollet
1854 2335 2031 2397 super
2069 2303 2383 2376 Ecclesiam

309 2525 380 2589 (1)
418 2524 603 2574 Etenim
633 2527 686 2573 in
718 2523 949 2572 Meditat.
970 2526 1052 2572 cit.
1074 2523 1272 2588 pulchre

238 2610 508 2665 connectit,
545 2626 647 2673 quae
689 2608 906 2672 leguntur
941 2605 1113 2655 Matth.
1153 2622 1269 2666 xv1,

1361 2522 1419 2571 de
1460 2521 1506 2570 la
1529 2524 1726 2589 fermete
1753 2540 1844 2588 que
1853 2525 1914 2588 je
1936 2531 1980 2572 te
2010 2539 2136 2571 venat
2166 2539 2383 2572 commu-

1359 2607 1563 2671 niquer‚
1592 2606 1974 2685 non-seulement
1994 2624 2124 2674 pour
2141 2608 2233 2668 toi,
2260 2607 2385 2674 mais

241 2707 350 2738 cum
395 2694 453 2739 iis
499 2706 606 2757 quae
658 2689 969 2756 expendimus
994 2727 1008 2750 ,
1064 2692 1272 2738 scribens
1360 2706 1531 2738 encore
1554 2706 1686 2756 pour
1723 2699 1848 2738 toute
1876 2689 2114 2757 l'Eylise,
2144 2707 2231 2739 car
2251 2692 2311 2758 je
2337 2688 2386 2738 la

240 2788 348 2838 pag.
389 2770 448 2821 16
480 2788 493 2823 x
535 2772 642 2840 Qui
663 2781 784 2839 pent
813 2772 981 2820 ἄσκιον
1018 2788 1109 2836 que
1141 2772 1275 2819 saint

242 2848 409 2902 Pierre
438 2854 561 2903 n’ait
584 2871 699 2920 recu
721 2870 823 2920 par
849 2853 1149 2919 cette‘priere
1175 2869 1273 2901 nne

243 2935 319 3000 soi
347 2946 617 2991 constante,
652 2935 954 2992 invincible,
992 2934 1272 2983 inebranla-

249 3016 323 3065 hle
336 3056 354 3078 ,
385 3027 428 3065 et
453 3021 499 3066 si
513 3018 786 3067 abondante
812 3017 1090 3079 (fumeum,
1110 3017 1274 3082 qu’elle

243 3099 327 3166 [ἀί
344 3101 538 3166 capable
559 3101 834 3168 d’affermir
851 3139 864 3160 ‚
891 3100 1275 3149 non-seulement

247 3181 293 3229 le
321 3197 547 3230 commun
581 3184 662 3231 oles
694 3183 892 3248 fideles,
937 3183 1065 3230 mais
1107 3199 1275 3231 encore

247 3280 322 3311 see
348 3263 503 3328 freres
538 3263 603 3310 les
635 3263 852 3331 Apo'tres
883 3273 929 3313 et
961 3264 1026 3312 les
1053 3275 1276 3331 pasteurs

246 3346 313 3393 du
354 3354 591 3412 troupeau
608 3382 623 3404 .,
660 3364 719 3394 en
745 3349 1028 3415 empechant
1041 3347 1196 3395 Satan
1218 3349 1275 3396 de

248 3427 315 3475 les
331 3428 537 3476 cribler?
552 3423 625 3476 Et
647 3438 762 3477 cette
775 3431 944 3495 parole
966 3433 1150 3479 revient
1169 3447 1272 3479 ma-

1359 2789 1486 2820 cen-v
1504 2772 1634 2820 batc‘r
1655 2789 1743 2820 sur
1770 2781 1885 2821 cette
1900 2775 2083 2840 pierre.
2104 2774 2162 2822 Et
2184 2776 2354 2822 iterum
2372 2806 2388 2831 ,

1340 2854 1411 2903 'in
1443 2853 1629 2904 Medic.
1670 2855 1744 2904 die
1782 2872 1934 2916 mxxii,
1968 2854 2084 2905 ibid.
2129 2874 2235 2922 pag.
2270 2851 2335 2902 28
2366 2871 2381 2902 ε

1361 2933 1414 2984 ΙΙ
1443 2954 1475 3001 y
1511 2936 1666 3014 devoit
1698 2939 1916 3005 toujours
1940 2939 2079 2987 avoir
2105 2953 2176 2985 nn
2211 2935 2386 2985 Pierre

1365 3018 1487 3066 dans
1537 3018 1745 3083 l'quise
1773 3058 1787 3079 ‚
1843 3036 1975 3086 pour
2017 3018 2271 3081 confirmer
2314 3035 2388 3067 see

1360 3101 1512 3167 freres
1542 3102 1666 3150 dane
1692 3101 1740 3152 la
1758 3103 1865 3168 foi,·
1903 3101 2056 3150 c’etoic
2084 3099 2126 3148 le
2149 3118 2319 3166 moyen
2344 3100 2386 3148 le

1359 3184 1475 3251 plus
1513 3201 1691 3251 propre
1727 3201 1861 3250 pour
1896 3182 2067 3232 etablir
2107 3183 2273 3231 l’unite
2304 3183 2386 3231 dee

1369 3267 1662 3327 nemimem,
1706 3283 1796 3330 que
1822 3263 1881 3313 ¹Ie
1921 3263 2151 3314 Sauveur
2188 3266 2388 3314 desiroit

1359 3347 1476 3413 plus
1506 3365 1597 3413 que
1629 3357 1777 3394 tontes
1810 3346 2005 3406 chocem
2033 3354 2147 3396 cette
2181 3348 2389 3396 amorii&

1364 3433 1476 3479 etoit
1528 3430 1748 3476 d’autant
1788 3429 1906 3495 plus
1950 3432 2215 3479 necessaire
2285 3444 2386 3477 aux

245 3509 548 3573 nifastement
571 3511 603 3558 ὰ
627 3510 738 3559 celle
758 3514 820 3559 on
841 3513 883 3560 il
899 3516 1032 3561 avoit
1054 3513 1127 3561 dit
1142 3533 1159 3561 .-
1188 3515 1271 3563 Tn
1352 3529 1648 3561 successeurs
1692 3511 1772 3559 des
1802 3511 2016 3578 Apo'tres
2033 3550 2047 3574 ,
2071 3530 2161 3578 que
2182 3511 2286 3561 leur
2307 3510 2389 3577 foi

242 3606 292 3638 ec
320 3590 524 3655 Pierr03
548 3595 609 3660 je
629 3594 719 3641 t'ai
742 3593 928 3659 chanqe
958 3604 1040 3644 ton
1068 3612 1181 3644 nom
1214 3596 1272 3645 de

1360 3596 1474 3643 etoit
1493 3596 1652 3641 moins
1677 3595 1892 3659 affermie
1904 3613 2011 3660 gua
2040 3595 2150 3645 celle
2172 3594 2229 3643 de
2259 3594 2389 3644 leura

241 3669 416 3723 Simon
450 3692 511 3724 en
543 3674 674 3725 celui
712 3676 770 3725 de
803 3677 979 3725 Pierre
1000 3714 1016 3735 ,
1044 3694 1107 3727 en
1136 3681 1272 3744 siqne
1355 3686 1573 3726 auteurs.
