2514 4218
492 200 656 240 rAn‘r.
705 201 749 238 1.
796 198 947 239 sacr.
996 200 1059 237 11.
1108 197 1231 237 cn.
1281 196 1364 238 Ν.
1413 197 1480 234 ΒΕ
1523 196 1703 235 υοΤιΒ.
1749 195 1903 234 Pam.
2116 174 2231 233 521

124 363 407 403 consensu
458 338 882 401 irretractabile
932 340 1000 398 fit
1050 337 1414 422 pontificium
1472 336 1863 416 dogmaticum
1910 334 2268 395 decretum.'

123 438 191 496 20
219 439 338 497 Nec
367 434 531 494 obest
551 479 567 509 .,
593 433 909 493 tenendam
933 455 1056 493 esse
1087 432 1222 492 fidei
1258 435 1546 491 unitatem
1569 452 1702 490 cum
1738 452 1888 489 rom.
1921 430 2199 490 Pontifice
2219 475 2236 505 ,

125 519 598 614 quandoquidem
619 531 683 589 in
714 532 925 589 decisis
958 551 1024 589 ea
1060 530 1246 589 teneri
1283 527 1460 588 debet
1497 527 1851 601 necessariO,
1888 547 2009 584 non
2041 537 2239 586 autem

122 629 186 686 in
231 627 590 685 decidendis,
636 625 701 684 30
742 625 1012 707 Alioquin
1051 647 1174 683 non
1197 623 1579 703 intelligitur,
1605 620 1899 704 quomodo
1934 622 2155 680 censeri
2180 630 2241 680 et

122 720 328 780 haberi
363 742 483 779 non
520 719 775 780 debeant
813 731 879 778 ut
917 719 1173 780 haeretici
1196 763 1211 792 ,
1262 719 1441 777 etiam
1485 729 1623 777 ante
1669 737 2017 775 consensum
2063 717 2240 775 totius

124 815 423 891 Ecclesiae,
457 817 557 898 qui
593 816 956 897 refragantur
993 814 1328 893 dogmaticis
1367 813 1711 895 Pontificum
1751 810 2197 872 definitionibus
2222 856 2237 887 ,

125 912 173 969 si
209 911 301 969 hae
337 911 525 992 reipsa
563 910 892 971 infallibiles
932 918 1145 970 essent.
1179 909 1246 968 40
1281 909 1468 983 Satius
1509 908 1755 991 proinde
1796 910 1908 968 erit
1936 919 2243 968 externam

127 1004 520 1066 obedientiam
547 1011 879 1085 'provisoris
892 1049 914 1076 ,
947 1014 1014 1063 ut
1046 1005 1212 1064 aiunt
1232 1051 1248 1080 ,
1286 1004 1598 1081 exhibere,
1640 1026 1717 1064 ne
1747 1005 1939 1064 unitas
1974 1004 2243 1086 proscin-

128 1099 301 1160 datur
322 1145 338 1175 ,
381 1100 566 1160 donec
604 1100 821 1177 scilicet
859 1110 961 1160 aut
1001 1099 1245 1159 Ecclesia
1281 1122 1404 1159 non
1443 1098 1750 1176 reclamet,
1794 1110 1895 1158 aut
1942 1121 2243 1159 assensum

128 1196 298 1254 tacite
328 1194 423 1255 vel
454 1216 727 1277 expresse
759 1193 1016 1277 praebeat
1044 1195 1356 1276 pontificiis
1389 1193 1727 1277 dogmaticis
1766 1193 2240 1269 definitionibus3

131 1289 197 1347 50
219 1288 537 1349 absurdum
567 1291 781 1372 quippe
804 1298 892 1348 est
918 1289 1208 1348 affirmare
1229 1334 1245 1362 ,
1268 1290 1606 1371 quempiam
1626 1290 1816 1349 teneri
1843 1289 1918 1348 ad
1942 1310 2244 1349 assensum

128 1386 434 1445 internum
473 1383 866 1468 praestandum
911 1383 1240 1443 definitioni
1286 1384 1626 1463 dogmaticae
1648 1429 1665 1459 ,
1712 1398 1843 1466 quae
1894 1386 2246 1467 proponitur

131 1478 205 1539 ab
233 1501 298 1539 ea
331 1480 691 1553 auctoritate,
723 1484 881 1557 cujus
908 1477 1289 1538 infallibilitas
1314 1478 1388 1538 de
1412 1477 1527 1537 fide
1549 1500 1669 1536 non
1701 1489 1963 1553 constat,
2001 1481 2068 1538 60
2089 1502 2246 1562 prae-

130 1576 332 1634 sertim
344 1595 474 1633 cum
500 1574 743 1634 minime
771 1584 1145 1655 compertum.
1163 1575 1258 1650 sit,
1279 1585 1478 1632 utrum
1504 1573 1769 1633 Pontifex
1795 1573 1870 1632 ad
1893 1574 2246 1655 dogmaticas

130 1692 260 1728 suas
322 1668 578 1728 edendas
633 1670 1074 1729 constitutiones
1132 1668 1486 1728 consuluerit
1549 1668 1923 1729 traditionem
1982 1670 2244 1731 Ecclesiae

127 1783 418 1838 romanae,
466 1763 843 1839 CardinaleS,
890 1764 1144 1841 clerum,
1195 1775 1370 1845 atque
1418 1763 1528 1823 alia
1578 1763 1831 1823 subsidia
1873 1764 2243 1840 adhibuerit,

130 1879 260 1940 quae
293 1870 493 1918 tamen
526 1861 848 1918 necessario
875 1858 1209 1941 adhibenda
1239 1870 1406 1934 sunt,
1431 1870 1499 1918 ut
1525 1880 1595 1918 θα*
1615 1861 1898 1919 cathedra
1924 1859 2035 1920 dici
2060 1861 2248 1942 possit

130 1955 283 2014 edita
319 1954 604 2015 definitio,
641 1957 805 2035 Erg0.
1291 1949 1295 1953 ’

214 2049 359 2135 770.
407 2052 580 2132 Resp.
609 2049 697 2110 Ad
731 2051 836 2126 1¹¹²,
863 2053 1018 2111 Dist.
1042 2051 1189 2110 Cum
1214 2053 1386 2111 Petro
1411 2062 1470 2111 et
1495 2050 1793 2112 mediante
1815 2053 1989 2112 Petro
2010 2056 2247 2134 ejusque

128 2145 190 2204 in
221 2145 481 2227 primatu
516 2145 772 2226 legitimo
803 2167 1125 2207 successore
1161 2137 1311 2207 rom.
1351 2148 1663 2222 Pontifice,
1696 2168 1892 2216 conc.‚·
1919 2148 2044 2207 sine
2075 2150 2247 2208 Petro

131 2261 197 2299 ac
232 2240 568 2300 immediate
593 2286 609 2311 ,
647 2263 774 2320 περ.
821 2241 957 2302 Ideo
996 2243 1154 2301 enim
1197 2264 1270 2302 ex
1307 2241 1473 2301 dictis
1516 2254 1700 2323 portae
1736 2243 1907 2303 inferi
1947 2265 2071 2302 non
2109 2251 2250 2303 sunt

131 2335 513 2417 praevaliturae
559 2336 833 2396 adversus
883 2336 1227 2409 Ecclesiam,
1277 2339 1412 2419 quia
1459 2337 1583 2397 haec
1630 2337 1873 2397 fundata
1927 2349 2015 2397 est
2073 2361 2249 2420 supra

132 2431 364 2489 firmam
389 2419 646 2513 petram,
670 2453 798 2514 quae
821 2435 1024 2492 Petrus
1045 2444 1134 2493 est
1149 2478 1164 2507 ,
1193 2455 1299 2515 pro
1322 2455 1436 2515 quo
1458 2433 1718 2492 Christus
1741 2431 2051 2515 speeiatim*
2067 2434 2248 2493 etiam

134 2527 355 2600 oravit,
381 2538 448 2585 ut
471 2527 533 2585 in
560 2526 675 2586 fide
699 2529 1071 2588 confirmaret
1088 2530 1307 2608 jugiter
1328 2549 1393 2587 ac
1417 2550 1649 2609 semper
1682 2529 1992 2589 Ecclesiam
2014 2575 2030 2605 .,
2071 2551 2250 2612 quam

134 2626 254 2699 ejus
286 2642 436 2681 curae
474 2623 779 2682 commisit.
816 2625 950 2684 Haec
982 2635 1069 2684 est
1099 2624 1421 2684 oeconomia
1458 2624 1606 2683 circa
1644 2623 2124 2685 infallibilitatem
2152 2626 2252 2684 Ec·
2300 2630 2305 2634 ’

133 2715 338 2775 clesiae.
375 2719 692 2799 Nunquam
729 2718 990 2778 Christus
1015 2765 1030 2794 ,
1082 2731 1150 2778 ut
1187 2719 1326 2779 alias
1361 2719 1886 2781 animadvertimus
1909 2766 1925 2796 ,
1956 2715 2067 2779 'aut
2096 2719 2252 2779 hanc·

134 2823 235 2870 aut
276 2811 413 2870 alias
450 2815 855 2895 praerogativas
907 2814 1171 2876 Ecclesiae
1218 2836 1337 2875 suae
1379 2815 1489 2874 nisi
1529 2837 1662 2873 cum
1701 2818 1873 2876 Petro
1914 2836 1979 2875 ac
2022 2816 2253 2899 depen-

134 2906 345 2966 denter
381 2929 412 2965 a
451 2910 621 2966 Petro
657 2908 896 2989 largitus
931 2921 1036 2970 est.

214 3002 356 3062 771.
405 3003 494 3061 Ad
542 3003 652 3078 2¹¹¹,
704 3005 860 3063 Diae.
922 3006 987 3064 In
1039 3004 1241 3064 decisis
1291 3017 1350 3065 et
1398 3007 1461 3065 in
1512 3006 1845 3067 decidendis
1869 3053 1886 3083 ,
1935 3028 2137 3078 conc.‚·
2187 3008 2251 3066 in

135 3096 336 3156 decisis
382 3108 652 3173 tantum,
708 3121 838 3179 neq.
902 3098 1172 3182 Alioquin
1226 3101 1377 3160 nihil
1423 3101 1686 3161 Christus
1741 3102 1977 3184 speciali
2025 3104 2250 3163 ratione

134 3192 468 3252 contulisset
498 3196 668 3252 Petro
707 3199 943 3276 ejusque
986 3196 1404 3255 successoribus
1425 3242 1441 3271 ,
1486 3197 1643 3278 quod
1677 3198 1898 3257 caeteris
1934 3219 2248 3280 aequenon

135 3287 333 3345 fuisset
367 3308 697 3348 commune.
749 3291 931 3367 Major
975 3290 1284 3350 difficultas
1321 3314 1442 3350 non
1481 3293 1542 3349 in
1583 3291 1910 3352 adhaesione
1949 3293 2024 3351 ad
2061 3292 2251 3351 decisa

136 3403 236 3440 seu
263 3378 502 3441 definita
533 3384 824 3461 consistit,
861 3385 963 3444 sed
993 3388 1055 3443 in
1087 3385 1421 3445 adhaesione
1443 3385 1518 3444 ad
1548 3386 1867 3447 decidenda
1892 3434 1908 3463 ,
1946 3389 2092 3447 circa
2123 3406 2251 3468 quae

135 3476 401 3535 fidelibus
448 3476 622 3537 debet
653 3488 781 3538 tuto
823 3481 1220 3558 innotescere,
1268 3481 1359 3539 cui
1390 3482 1542 3563 parti
1583 3504 1654 3541 ex
1693 3481 1957 3563 pluribus
1988 3485 2145 3541 inter
2187 3503 2251 3541 se

139 3570 594 3652 disceptantibus
631 3573 1046 3634 adhaerend'um
1097 3576 1208 3650 sit,
1245 3596 1320 3634 ne
1358 3576 1746 3658 decipiantur.
1781 3579 1932 3637 Sane
1960 3578 2018 3636 S.
2042 3576 2249 3636 Hiero-

137 3687 348 3746 nymus
390 3669 737 3744 Damasum,
771 3670 830 3728 S.
854 3670 1203 3750 Augustinus
1236 3672 1678 3747 Innocentium,
1719 3674 1776 3732 S.
1806 3669 2051 3750 Cyrillus
2082 3670 2243 3732 Alex.
