2514 4218
95 3336 119 3364 θ

217 247 254 306 8
803 268 1000 304 macr.
1051 269 1117 303 nn
1165 265 1316 302 LOCIS
1360 266 1742 306 Tnssomemls.

306 412 398 471 18.
443 411 612 470 Nunc
633 410 868 470 demum
893 407 1146 488 idipsum
1171 404 1527 465 adstruimus
1549 428 1621 467 ex
1652 411 1826 468 sacris
1852 411 2080 470 Litteris
2097 455 2113 487 ,
2151 432 2291 492 quas
2313 456 2328 486 ,

222 519 287 566 ut
319 505 544 588 praefati
572 526 771 564 sumus
789 550 805 579 ‚
840 504 1139 581 adjicimus
1164 501 1327 560 velut
1351 501 1702 562 documenta
1721 505 1990 565 historica
2007 528 2333 567 coaevorum

223 602 599 683 scriptorum,
627 600 733 682 qui
765 598 932 658 nobis
958 598 1345 657 oeconomiam
1377 598 1681 678 aperiunt,
1716 620 1892 679 quam
1917 602 2179 660 Christus
2211 603 2338 661 Ser·

221 707 389 758 vator
426 706 622 755 noster
679 695 742 753 in
792 693 900 750 hac
950 691 1199 751 Ecclesia
1250 692 1611 751 instituenda
1662 703 1835 774 atque
1883 696 2182 756 fundanda
2241 718 2335 755 se-

226 802 441 873 quutus
478 802 581 852 est.
626 792 760 849 Jam
804 808 943 848 vero
989 788 1088 868 qui
1130 788 1547 847 commentaria
1594 789 1853 869 primum
1904 790 2214 850 ediderunt
2263 791 2336 850 de

228 886 440 946 Christi
471 886 640 965 gestis
681 894 740 942 et
775 881 975 956 dictis,
1026 904 1159 941 eum
1197 881 1366 941 nobis
1401 882 1684 942 exhibent
1719 883 2085 964 colligentem
2120 908 2191 945 ex
2222 885 2338 944 suis

229 979 518 1062 discipulis
539 979 699 1060 prius
725 978 879 1040 viros
908 976 1248 1052 duodecim,
1277 1000 1421 1059 quos
1449 989 1507 1037 et
1538 978 1840 1059 Apostolos
1875 982 2202 1041 nominavit
2224 979 2337 1060 (l).

230 1078 347 1135 Hos
380 1074 564 1134 voluit
599 1095 722 1134 esse
754 1084 1165 1155 propagatores
1198 1095 1316 1134 suae
1347 1073 1627 1132 doctrinae
1656 1075 1746 1152 (2)
1767 1119 1783 1148 ‚
1824 1086 1999 1156 atque
2040 1075 2185 1137 adeo
2213 1075 2342 1134 dili-

226 1171 451 1251 gentius
483 1169 768 1242 instituit,
820 1190 885 1227 ac
933 1189 1065 1227 suos
1110 1169 1301 1228 effecit
1338 1168 1669 1228 individuos
1710 1170 1947 1228 comites
1989 1170 2116 1251 (3),
2160 1172 2341 1231 immo

225 1267 501 1349 peculiari
527 1277 812 1349 potestate
839 1266 1122 1328 instruxit
1151 1265 1240 1344 (4)
1272 1277 1331 1325 et
1358 1266 1702 1326 auctoritate
1728 1266 1852 1346 (5),
1886 1265 2344 1347 amplissimum-

231 1387 345 1447 que
379 1364 490 1423 illis
527 1363 962 1424 commendavit
1004 1385 1220 1421 munus
1263 1362 1618 1444 praedicandi
1666 1363 1992 1423 doctrinam
2037 1387 2201 1422 suam
2241 1385 2347 1446 per

232 1459 523 1520 mundum
565 1459 904 1518 universum
942 1458 1032 1538 (6)
1055 1503 1070 1533 ,
1109 1458 1405 1540 spondens
1442 1479 1564 1518 sese
1601 1459 1680 1517 eis
1719 1471 1930 1540 praesto
1965 1458 2307 1518 adfuturum
2329 1504 2346 1533 ,

234 1569 294 1617 et
336 1543 622 1638 Spiritum
661 1554 921 1616 veritatis
959 1575 1143 1635 usque
1194 1552 1269 1612 ad
1307 1554 1875 1613 consummationem
1928 1554 2106 1614 seculi
2148 1553 2220 1613 ab
2270 1556 2349 1614 eis

235 1673 540 1733 nunquam
576 1672 937 1711 recessurum
972 1650 1189 1730 (7).1n
1235 1649 1323 1708 his
1364 1650 1603 1708 Petrum
1654 1649 1828 1728 elegit
1874 1661 1939 1708 ut
1982 1662 2210 1730 petram
2249 1672 2350 1709 seu

237 1768 445 1831 rupem
459 1747 534 1805 ad
547 1745 1024 1820 fundamentum,
1047 1766 1223 1824 super
1242 1766 1357 1826 quo
1377 1744 1690 1804 aedificaret
1705 1746 2043 1805 Ecclesiam
2067 1767 2242 1804 suam
2256 1744 2349 1825 (8)

237 1863 467 1924 semper
507 1840 923 1913 constituram3
967 1839 1240 1900 eumdem
1287 1839 1543 1921 praefecit
1575 1840 1795 1898 cunctis
1840 1841 2001 1920 agnis
2045 1851 2105 1900 et
2147 1839 2354 1900 ovibus

236 1938 352 1997 suis
380 1982 396 2012 .,
435 1938 603 2018 eique
641 1957 853 1995 munus
888 1957 982 1995 eas
1019 1933 1298 2017 pascendi
1333 1935 1623 1993 commisit
1665 1934 1755 2015 (9)
1781 1981 1796 2009 a
1846 1947 1905 1995 et
1933 1935 2215 2017 'peculiari
2255 1957 2354 1994 ra—

236 2035 431 2107 tione7
468 2054 728 2092 seorsum
761 2053 977 2112 nempe
1014 2054 1045 2089 a
1083 2030 1315 2106 ceteriS‚
1361 2029 1553 2090 claves
1585 2031 1639 2089 ei
1677 2031 1927 2090 contulit
1966 2031 2130 2111 regni
2166 2030 2354 2092 coelo·

238 2150 370 2188 rum
388 2127 538 2209 (10).
569 2130 704 2187 Post
727 2126 1020 2210 apostolos
1038 2138 1096 2186 et·
1120 2125 1259 2185 alios
1273 2127 1637 2208 septuaginta
1657 2125 1800 2185 duos
1826 2126 2137 2209 discipulos
2163 2126 2353 2207 elegit,

241 2234 307 2283 ut
345 2222 458 2282 illis
491 2234 686 2283 essent
719 2235 1006 2304 tanquam
1041 2221 1333 2300 adjutores
1365 2222 1429 2279 in
1466 2222 1791 2282 ministerio
1834 2223 1991 2305 quod
2030 2224 2171 2306 ipsis
2208 2244 2363 2281 com-

241 2319 478 2379 miserat
497 2319 648 2400 (11).
672 2321 918 2379 Parvam
941 2318 1094 2377 hanc
1117 2318 1475 2391 societatem,
1495 2318 1557 2376 in
1581 2317 1788 2377 iisdem
1811 2318 2173 2378 documentis
2190 2363 2206 2393 ,
2235 2329 2368 2399 post

242 2436 542 2475 ascensum
589 2414 806 2474 Christi
840 2415 903 2472 in
941 2413 1161 2474 coelum
1193 2413 1577 2494 conspicimus
1613 2433 2005 2490 succrescere,
2042 2435 2107 2472 ac
2147 2433 2270 2472 sese
2301 2413 2364 2471 in

241 2510 534 2593 proximas
572 2508 1175 2590 regionesfeffundere
1209 2507 1361 2589 (12),
1410 2506 1623 2568 deinde
1664 2530 1802 2570 vero
1837 2510 1899 2567 in
1939 2508 2275 2567 remotiores
2298 2529 2362 2567 ac

241 2606 413 2684 longe
437 2603 663 2663 dissitas
683 2649 699 2678 .‚
720 2605 799 2662 ita
814 2615 882 2662 ut
895 2603 1060 2663 brevi
1083 2604 1324 2682 occupet
1339 2603 1671 2661 universam
1687 2615 1903 2662 terram
1921 2608 2087 2679 juxta
2102 2607 2150 2681 ej
2158 2601 2361 2663 usdem

244 2699 457 2761 Christi
483 2698 964 2781 pollicitationem
997 2697 1130 2776 (13)
1152 2742 1167 2771 .,
1206 2718 1271 2755 ac
1305 2695 1557 2777 denique
1590 2717 1695 2778 per
1734 2698 2064 2757 seculorum
2090 2697 2319 2780 lapsum
2339 2745 2354 2773 ,

242 2819 314 2856 ex
361 2794 722 2855 documentis
769 2794 1165 2854 ecclesiasticis
1229 2812 1411 2875 prope
1455 2792 1813 2867 innumeriS‚
1874 2791 2080 2852 eodem
2131 2814 2361 2877 semper

243 2894 438 2972 vigore
458 2891 783 2974 pollentem
811 2891 887 2950 ad
914 2913 1019 2949 nos
1044 2911 1230 2971 usque
1256 2890 1584 2970 pervenire.

331 2988 427 3046 19.
476 2988 714 3047 Constat
736 2987 910 3066 igitur
930 3032 945 3061 7
970 2991 1138 3065 juxta
1162 2984 1456 3067 triplicem
1480 3007 1656 3067 quam
1680 2985 1955 3049 inivimus
1983 2987 2137 3048 viam
2157 3033 2173 3063 ,
2198 2989 2360 3047 omni

317 3194 381 3256 (1)
416 3191 583 3240 Matth.
602 3211 650 3254 x,
673 3210 691 3241 1
714 3203 759 3242 et
776 3209 907 3262 seqq.
925 3191 1065 3241 Marc.
1084 3202 1155 3252 111,
1180 3208 1264 3252 ιο;
1419 3192 1484 3255 (7)
1524 3191 1649 3239 Ibid.
1681 3200 1725 3239 et
1754 3191 1869 3240 Luc.
1906 3194 2016 3240 xxiv
2036 3230 2049 3253 ,
2091 3190 2188 3259 493
2218 3192 2338 3241 Joan
2356 3228 2367 3244 .

247 3274 361 3323 Luc.
395 3291 469 3333 vi,
510 3274 590 3322 13.
1240 3324 1250 3331 ⁴
1349 3291 1454 3332 xiv,
1495 3270 1572 3322 16.

315 3354 387 3418 (2)
423 3352 526 3403 Act.
549 3353 708 3419 Apost.
737 3373 784 3415 1,
806 3355 874 3419 83
905 3355 1075 3421 Ephes.
1105 3373 1158 3417 11,
1181 3372 1264 3417 203
1419 3356 1483 3419 (8)
1521 3355 1690 3403 Matth.
1720 3372 1795 3404 xvi
1818 3393 1831 3417 ,
1874 3354 1952 3405 18.

250 3437 399 3501 Apoc.
431 3455 509 3497 xx,
550 3434 627 3499 14.
1420 3436 1490 3500 (9)
1524 3437 1661 3486 Joan.
1693 3452 1765 3486 xxi
1790 3476 1803 3498 ‚
1841 3435 2006 3502 15·17.

319 3518 384 3582 (3)
422 3518 591 3567 Matth.
625 3518 770 3578 Marc,
807 3521 920 3568 Luc.
953 3522 1063 3569 locis
1096 3521 1259 3569 citatis.
1418 3520 1518 3584 (10)
1557 3520 1846 3581 Matth.xv1‚
1877 3538 1954 3588 ¹9·

322 3600 387 3664 (4)
426 3600 570 3649 Marc.
597 3617 676 3648 xvi
704 3639 717 3660 ‚
754 3599 811 3648 15
838 3612 884 3650 et
917 3619 1048 3669 seqq.
1414 3604 1516 3665 (ΙΙ)
1553 3604 1665 3652 Luc.
1689 3623 1748 3663 x,
1778 3622 1813 3652 1.

317 3682 381 3741 (ὅ)
420 3680 553 3730 Joan.
582 3700 636 3730 xx
656 3719 669 3742 ‚
703 3699 782 3731 21.
1417 3685 1515 3748 (12)
1554 3686 1657 3734 Act.
1688 3686 1844 3752 Apost.
1876 3702 1965 3734 11-x
1994 3698 2036 3735 et
2060 3706 2184 3754 seqq.

321 3761 386 3823 (6)
424 3762 586 3812 Mattlr.
608 3781 763 3825 xxvm,
793 3764 1162 3829 193Marc.xv1‚
1187 3765 1257 3814 15.
1413 3767 1512 3831 (13)
1548 3768 1684 3818 Rom.
1721 3787 1803 3824 xv,
1847 3769 2125 3835 193Coloss.
2157 3788 2202 3831 1,
2235 3766 2288 3817 6.
