2514 4218
327 170 441 229 146

927 185 1119 226 TRAc‘r.
1166 188 1234 223 DE
1278 186 1426 224 mols
1471 190 1848 231 THEOLOGIOES-

325 342 485 408 runt,
512 342 578 390 ut
599 330 872 390 sanctitas
895 328 1084 388 omnis
1107 326 1467 401 eliminetur3
1497 349 1590 390 ex.
1607 351 1693 412 gr.
1708 335 1896 394 Deum
1922 333 2449 416 plurescondidisse

326 428 597 488 homines
630 428 692 486 in
732 447 867 486 eum
886 434 1122 482 tantum
1151 423 1332 482 finem
1353 467 1368 497 ,
1394 431 1459 481 ut
1474 435 1760 507 perpetuo
1785 428 2208 489 damnarentur
2236 431 2365 510 (1);
2386 430 2449 487 in

327 523 599 584 omnibus
630 520 764 582 Adae
787 519 1038 600 posteris
1065 518 1391 577 extinctum
1416 519 1653 601 penitus
1678 541 1801 582 esse
1826 523 2077 584 liberum
2109 524 2415 584 arbitrium
2431 568 2448 599 ,

327 619 586 704 adeoque
620 617 807 677 ferrea
831 613 960 675 illos
987 614 1328 674 necessitate
1354 614 1477 674 sive
1513 615 1590 675 ad
1621 614 1778 676 bona
1811 618 1933 680 sive
1969 619 2046 679 ad
2065 641 2247 703 prava
2276 640 2452 702 opera

325 716 549 800 impelli
572 714 703 792 (2).·,
729 710 959 771 inutilia
979 732 1104 771 esse
1128 731 1303 792 opera
1325 709 1481 770 bona
1509 710 1588 771 ad
1610 711 1863 772 salutem
1881 757 1898 788 ,
1926 715 2047 774 imo
2070 737 2249 798 prava
2275 736 2453 798 opera

327 813 401 873 ad
426 810 797 870 sanctitatem
838 806 1101 878 conferre
1125 805 1216 886 (3)
1238 851 1253 880 ,
1289 805 1515 889 aliaque
1551 819 1824 878 sexcenta
1874 808 1935 868 id
1970 831 2152 890 genus
2187 832 2453 871 errorum

327 917 588 967 monstra
610 949 626 979 ,
667 923 795 986 quae
821 902 1332 986 protestantismus
1363 902 1559 962 docuit
1604 923 1668 962 ac
1714 902 1918 982 docet,
1953 926 2321 988 quorumque
2357 905 2454 966 vel

328 1003 482 1084 ipsos
511 997 774 1061 ethnicos
802 997 1183 1081 suppuderet.

329 1221 524 1286 quinta.
553 1218 604 1268 E
607 1235 641 1267 x
664 1219 776 1267 vitae
789 1223 835 1268 et
851 1231 1039 1265 ,norum
1058 1215 1350 1267 conditione.

331 1303 447 1352 Item
475 1305 527 1351 in
560 1300 714 1367 ejusd.
732 1300 1021 1366 appendice:
1051 1299 1230 1350 Utrum
1245 1298 1357 1348 Cal-

331 1387 479 1434 vinus
506 1385 751 1433 convictas
776 1384 932 1447 fuerit
969 1381 1196 1431 sodomiae
1226 1391 1271 1430 et
1300 1381 1356 1431 oh

331 1485 437 1518 eam
490 1483 689 1515 causam
732 1467 952 1529 stiqmate
994 1465 1206 1512 inustus.
1257 1463 1355 1513 cfr.

336 1552 475 1600 etiam
500 1546 568 1597 Le
598 1549 820 1596 ministre
837 1553 1106 1612 protestavit
1134 1538 1356 1611 auxpri-

334 1648 409 1681 ses
426 1648 541 1680 avec
555 1629 806 1678 lai-meme
825 1666 839 1688 ‚
869 1643 956 1693 par
972 1627 1042 1676 M.
1057 1627 1116 1676 A.
1148 1627 1203 1675 F.
1222 1626 1360 1692 Lyon

344 1712 501 1774 1836,
539 1716 591 1761 in
622 1729 732 1777 app.
764 1728 869 1775 pag.
904 1706 995 1775 167
1029 1719 1074 1758 et
1096 1726 1233 1775 seqq.
1265 1708 1362 1756 Les

334 1797 520 1863 apbtres
563 1794 631 1841 du
677 1793 1067 1860 protestantisme
1089 1792 1255 1857 peints
1297 1790 1363 1840 les

340 1895 542 1945 ampar
554 1876 622 1925 les
636 1884 816 1926 autres.
837 1875 975 1925 Plura
994 1867 1166 1940 pariter
1179 1876 1229 1923 in
1242 1875 1363 1923 hanc

337 1979 438 2010 rem
465 1959 728 2026 suppeditat
745 1959 1028 2007 documenta
1049 1956 1137 2005 Dr.
1160 1958 1360 2021 August.

339 2043 540 2091 Theiuer
560 2078 574 2101 ‚
608 2043 660 2088 in
696 2057 776 2105 op.
810 2038 887 2088 La
916 2037 1093 2087 Svezia
1122 2055 1147 2085 e
1172 2037 1217 2085 le
1238 2037 1363 2086 rela-

340 2125 476 2173 zioni
503 2123 556 2172 di
598 2139 705 2170 essa
744 2120 864 2169 colla
895 2128 1046 2169 santa
1088 2119 1239 2181 Sede,
1276 2130 1362 2170 etc.

339 2206 489 2255 Roma
519 2201 649 2254 1838
668 2241 681 2265 ‚
713 2213 830 2269 part.
852 2220 867 2250 1
883 2237 900 2265 ,
921 2220 1027 2268 cap.
1048 2201 1078 2251 5
1096 2239 1110 2260 ,
1138 2220 1244 2268 pag.
1274 2199 1366 2250 186

344 2296 391 2339 et
421 2306 517 2354 seq.

414 2371 480 2436 (1)
516 2369 615 2418 Csr.
650 2362 901 2416 Lessius'in
922 2369 1000 2415 cit.
1031 2366 1300 2416 Consultat.
1324 2377 1368 2416 et

346 2458 396 2503 in
426 2455 506 2503 cit.
542 2451 747 2518 append.
786 2468 891 2516 cap.
924 2450 953 2499 3
975 2487 989 2511 ‚
1034 2448 1214 2499 Utrum
1257 2449 1370 2499 Cal-

345 2537 492 2585 vinus
519 2533 734 2583 docuerit
776 2531 943 2586 Deum
980 2548 1079 2581 esse
1125 2540 1368 2581 auctorem

346 2619 564 2667 omnium
605 2613 854 2664 scelerum.
902 2612 994 2663 Sed
1031 2606 1218 2679 praestat
1248 2618 1371 2681 ejus-

349 2702 457 2751 dem
485 2698 666 2748 Calvini
681 2695 821 2745 verba
837 2695 1099 2744 describere
1117 2714 1132 2756 ;
1150 2698 1216 2745 sic
1234 2713 1370 2762 porro

350 2784 575 2850 loquitur,
599 2778 774 2828 Instit.
796 2777 880 2826 lib.
900 2794 951 2826 m
966 2813 980 2833 ,
1001 2794 1104 2843 cap.
1143 2794 1204 2844 27
1223 2813 1240 2839 ,
1257 2775 1286 2844 ᾗ
1303 2794 1329 2844 7
1354 2795 1369 2827 ε

354 2867 543 2916 Iterum
567 2877 727 2930 qaoero
755 2878 769 2910 z
798 2860 929 2909 unde
949 2860 1142 2925 factam
1171 2869 1241 2909 est
1263 2896 1279 2922 ,
1320 2869 1375 2909 at

356 2959 423 2998 tot
436 2956 596 3016 qentes
621 2961 724 2994 una
751 2960 865 2993 cum
900 2942 1067 2992 liberis
1092 2960 1254 2992 eorum
1287 2945 1370 2992 in-

351 3031 572 3098 fantibus
599 3037 790 3078 aeternoe
819 3027 965 3074 morti
993 3025 1251 3075 involveret
1273 3025 1376 3092 lap-

360 3132 443 3163 sus
472 3112 598 3162 Adoe
635 3110 812 3175 absque
843 3108 1050 3158 remedio
1070 3146 1084 3168 ‚
1122 3109 1228 3159 uisi
1257 3111 1376 3174 quia

364 3196 463 3247 Deo
495 3197 566 3243 ita
600 3195 760 3242 visum
791 3195 897 3240 est?
931 3190 1034 3240 Hic
1063 3191 1378 3241 obmutescere

363 3288 540 3348 oportet
571 3283 671 3325 tam
718 3276 906 3326 dicaces
948 3275 1134 3341 alioqui
1160 3274 1375 3340 linquas.

366 3367 625 3415 Decretum
654 3359 849 3423 quidem
889 3358 1114 3408 horribile
1133 3395 1146 3419 ‚
1181 3359 1340 3423 fateor
1360 3381 1379 3418 ,-

368 3443 588 3512 inficiari
602 3450 762 3490 tamen
777 3458 916 3491 nemo
919 3443 1108 3509 poterit,
1121 3443 1245 3506 quin
1251 3459 1380 3507 prae-

368 3528 562 3578 sciverit
575 3523 732 3583 Deus,
757 3540 895 3595 quem
907 3525 1088 3573 exitum
1104 3532 1221 3572 esset
1235 3523 1379 3573 habi-

367 3620 510 3674 turas
522 3607 673 3666 homa,
691 3613 946 3670 antequam
965 3608 1124 3673 ipsum
1140 3606 1375 3667 conderet,

372 3702 419 3741 et
455 3691 561 3741 ideo
584 3689 885 3756 proesciverit
900 3726 913 3749 ‚
944 3690 1061 3753 quia
1083 3688 1263 3738 decreto
1292 3706 1379 3739 suo

1438 1220 1510 1271 sic
1537 1219 1805 1268 ordinarat.
1842 1220 1965 1271 Edit.
1995 1220 2251 1271 Amstelod.
2281 1218 2424 1289 1667.

1508 1302 1572 1367 (2)
1622 1302 1694 1350 Eu
1723 1312 1897 1352 textum
1927 1304 2116 1353 Lutheri
2135 1340 2149 1366 ‚
2198 1321 2341 1370 quem
2387 1321 2464 1353 ex-

1440 1388 1587 1449 cerpsi
1608 1403 1662 1434 ex
1682 1388 1784 1452 ejus
1816 1386 1938 1435 libro
1972 1385 2041 1435 De
2065 1403 2198 1435 servo
2229 1387 2462 1437 arbitrio.-

1438 1465 1526 1517 Sic
1549 1468 1768 1517 humana
1794 1468 2019 1517 voluntas
2041 1472 2103 1518 in
2122 1469 2278 1518 medio
2298 1471 2460 1536 posita

1440 1556 1510 1596 est
1533 1551 1941 1615 ceujumentum;
1963 1554 2011 1599 si
2032 1552 2264 1600 insiderit
2292 1551 2451 1611 Deus,

1441 1630 1546 1679 vult
1567 1639 1611 1677 et
1634 1631 1770 1678 vadit
1785 1669 1798 1691 ‚
1818 1648 1914 1695 quo
1935 1631 2038 1680 vult
2062 1630 2253 1683 Deus...
2267 1635 2314 1681 si
2339 1635 2463 1680 insi-

1443 1710 1568 1759 derit
1583 1710 1755 1774 Satan,
1782 1712 1886 1761 vult
1907 1723 1951 1761 et
1966 1714 2116 1777 vadit,
2136 1731 2229 1779 quo
2257 1714 2359 1763 vult
2373 1714 2465 1764 Sa-

1443 1801 1528 1840 tan
1544 1813 1563 1851 ;
1586 1809 1674 1841 nec
1699 1796 1840 1842 estin
1865 1792 1969 1860 ejas
1987 1796 2190 1844 arbitrio
2205 1796 2274 1844 ad
2298 1805 2464 1844 utrum

1444 1887 1670 1922 sessorem
1699 1891 1894 1924 currere
1911 1913 1924 1936 ,
1961 1886 2049 1925 aue
2080 1895 2190 1926 eum
2219 1894 2465 1943 quoerere3

1444 1958 1526 2006 sed
1544 1959 1643 2024 ipsi
1665 1975 1865 2007 sessores
1889 1968 2078 2008 certant
2107 1961 2164 2008 ob
2191 1964 2357 2026 ipsum
2391 1960 2469 2009 oh-

1444 2039 1698 2088 tinendum
1717 2050 1761 2089 et
1776 2042 2142 2106 possidendam.
2171 2041 2294 2108 Opp.
2323 2042 2465 2091 Lutb.

1446 2122 1558 2172 edit.
1592 2121 1718 2171 Jenae
1761 2119 1917 2188 1557,
1950 2133 2063 2172 tom.
2098 2140 2182 2185 111,
2221 2123 2307 2173 fol.
2342 2140 2464 2192 177,

1447 2220 1598 2253 verso.
1618 2204 1686 2253 Ne
1704 2205 1832 2270 plura
1850 2206 1938 2254 alia
1959 2208 2223 2256 testimonia
2247 2207 2466 2268 referam,

1448 2305 1498 2336 ea
1512 2287 1597 2337 cfr.
1614 2289 1738 2352 apud
1754 2286 1994 2349 Coccium,
2006 2306 2083 2355 op.
2099 2292 2180 2340 cit.
2195 2307 2298 2356 pag.
2321 2307 2338 2338 1
2349 2287 2464 2350 038,

1449 2371 1532 2435 qui
1567 2372 1798 2435 congessit
1840 2388 1957 2436 pene
1994 2375 2243 2422 innumera
2281 2390 2334 2422 ex
2369 2372 2466 2421 Lu-

1452 2451 1581 2500 thero
1602 2488 1615 2512 ,
1636 2452 1831 2501 Calvino
1851 2490 1864 2513 ‚
1896 2453 2188 2503 Melanctone
2206 2491 2221 2512 ‚
2249 2466 2336 2503 etc.
2364 2453 2463 2503 cfr.

1451 2537 1588 2583 etiam
1602 2534 1811 2593 Bossuet,
1831 2532 2094 2584 Deumieme
2114 2537 2469 2585 avertissement

1450 2619 2034 2683 auoeprotestam‚edit.de
2054 2617 2296 2669 Versailles
2319 2619 2466 2682 1816,

1454 2709 1564 2747 tom.
1594 2715 1700 2761 ιιι,
1729 2699 1755 2767 §
1793 2717 1877 2768 19,
1911 2717 2020 2768 pag.
2050 2718 2138 2769 117
2159 2712 2206 2751 et
2225 2720 2355 2770 seqq.
2378 2720 2469 2753 nec

1453 2797 1550 2829 non
1571 2780 1661 2831 Th.
1693 2781 1881 2842 Moore‚
1923 2782 1980 2828 V
1976 2783 2146 2848 oyayes
2175 2783 2293 2832 d'un
2311 2786 2470 2851 jeune

1452 2863 1693 2913 irlandais
1705 2865 1736 2914 ὰ
1751 2864 1799 2913 la
1817 2865 2061 2915 recherche
2082 2867 2225 2915 d’une
2240 2867 2442 2934 reliqion
2454 2907 2467 2934 ,

1456 2948 1578 2996 trad.
1612 2948 1670 2997 de
1694 2947 1852 3015 l'angl.
1884 2948 2010 2998 Paris
2041 2946 2168 2998 1836
2187 2986 2200 3010 ,
2228 2950 2361 3016 chap.
2380 2968 2433 3000 xl.
2456 2989 2470 3012 ‚

1458 3028 1698 3078 Doctrine
1732 3031 1790 3079 de
1815 3029 2024 3088 Luther,
2055 3030 2295 3096 esclavaqe
2323 3032 2380 3080 de
2421 3032 2468 3081 la

1456 3112 1637 3162 volante
1654 3151 1668 3173 ‚
1709 3131 1818 3181 pag.
1857 3112 1958 3178 244
1981 3125 2026 3163 et
2050 3131 2182 3181 seqq.

1529 3195 1599 3261 (3)
1635 3197 1759 3246 Alias
1783 3197 1924 3264 hujus
1942 3199 2206 3245 assertionis
2233 3198 2471 3247 attulimus

1460 3279 1760 3329 documenta.
1779 3279 1877 3331 Cfr.
1907 3290 2123 3345 praeterea
2159 3279 2343 3343 Moore‚
2388 3299 2469 3346 op.

1462 3364 1539 3411 cit.
1582 3363 1716 3427 chap.
1745 3379 1831 3421 ιν,
1872 3379 1974 3426 pag.
2013 3360 2112 3411 335
2139 3374 2182 3411 et
2214 3380 2347 3430 seqq.
2391 3363 2475 3412 ubi

1462 3445 1675 3503 ostendit,
1694 3444 2005 3493 Amsdorfium
2030 3456 2075 3495 et
2097 3448 2359 3511 Agrippam,
2384 3444 2472 3493 Lu·

1461 3527 1579 3575 theri
1601 3526 1849 3591 discipulos
1869 3563 1883 3587 ‚
1908 3527 2115 3593 rejecisse
2142 3527 2470 3593 obligationem

1460 3608 1568 3672 legis
1595 3607 1682 3657 Dei
1710 3618 1869 3674 utpote
1894 3610 2128 3675 judaicam
2171 3620 2216 3658 et
2251 3609 2470 3658 antichri-

1461 3692 1653 3741 stianam
1675 3706 1690 3754 3
1709 3690 1860 3756 plures
1883 3693 1994 3743 item
2014 3703 2161 3744 sectas
2185 3692 2335 3742 adhuc
2349 3689 2470 3755 idip-
