2514 4218
288 177 402 237 186

899 195 1103 234 ’rRAC’r-
1148 194 1218 232 DE
1260 195 1410 236 mels
1452 200 1828 239 Tnnotofflcls.

282 342 539 401 humana
575 340 890 424 prudentia
917 350 977 399 et
1012 336 1302 396 industria
1323 381 1339 412 ,
1377 338 1484 397 sed
1514 339 1712 403 divina
1735 366 1970 427 prorsus
2006 344 2264 427 potentia
2291 349 2408 426 regi

280 435 442 496 illam
487 459 554 498 ac
583 435 895 499 sustentari
921 434 1033 515 (1).

1799 571 1812 595 Ο

1111 598 1586 642 DxFFICULTATES

1067 740 1171 801 Ex
1198 743 1392 800 variis
1424 743 1614 800 sectis.
1649 736 1653 738 ’

354 918 495 979 297.
546 916 679 997 Ohj.
741 918 953 1002 prima.
1005 917 1179 1000 Apud
1228 930 1618 1002 protestantes
1674 920 1868 981 unitas
1924 919 2060 981 fidei
2132 921 2286 1002 viget
2349 936 2409 985 et

270 1014 567 1073 charitatis
588 1059 605 1091 ‚
640 1014 797 1095 viget
833 1025 1114 1098 praeterea
1150 1015 1413 1076 medium
1451 1016 1754 1098 utriusque
1788 1017 2226 1080 conservandae.
2255 1003 2409 1080 'Ete-

270 1111 483 1187 nim‚1⁰
500 1111 565 1170 in
588 1110 702 1171 fide
726 1112 1059 1195 profitenda
1077 1113 1461 1190 conveniunt,
1486 1134 1616 1195 quae
1644 1113 2058 1196 complectitur
2083 1116 2403 1198 praecipuos

270 1206 567 1267 articuIOS.
634 1208 697 1268 Si
743 1230 858 1291 qua
899 1207 1057 1290 apud
1099 1229 1196 1270 eos
1238 1209 1531 1292 reperitur
1568 1209 1844 1285 libertem,
1899 1209 2025 1271 haec
2062 1233 2184 1271 non
2227 1211 2410 1272 afficit

268 1303 404 1364 fidei
431 1303 743 1384 dogmata,
786 1302 892 1365 sed
932 1305 1283 1387 quaestiones
1314 1304 1695 1388 adiaplioraS‚
1743 1318 1919 1388 prout
1954 1308 2079 1367 fieri
2104 1307 2407 1370 consuevit

266 1402 428 1460 inter
460 1399 757 1481 theologos
786 1400 1120 1463 catholicos,
1161 1403 1229 1461 2⁰
1267 1401 1529 1462 Charitas
1568 1423 1709 1465 vero
1757 1403 1916 1463 inter
1956 1425 2052 1463 eos
2090 1403 2301 1474 efficit,
2339 1415 2404 1463 ut

342 1634 407 1698 (1)
446 1634 598 1701 Quam
643 1635 875 1686 diversam
918 1639 1188 1703 opinionem
1238 1636 1296 1686 de

268 1720 465 1766 summis
502 1719 840 1780 Pontificibus,
872 1722 954 1787 qui
991 1736 1038 1768 xl
1065 1718 1296 1786 prioribus

268 1800 438 1850 seculis
486 1802 742 1852 Ecclesiam
780 1814 1003 1853 rexerunt
1022 1842 1036 1865 ,
1081 1804 1296 1855 habuerit

267 1886 459 1951 Hortor,
477 1897 604 1953 patet
623 1890 771 1949 exiis,
793 1905 900 1955 quae
915 1889 1073 1938 scribit
1097 1890 1147 1937 in
1169 1887 1295 1938 Vita

267 1971 551 2019 Innocentii
562 1988 632 2032 111,
653 1970 850 2031 libam,
865 1971 980 2021 edit.
998 1971 1083 2021 cit.
1099 1982 1217 2022 tom.
1233 1989 1290 2036 n,

265 2070 371 2118 pag.
415 2050 547 2116 346,
614 2052 696 2101 ubi
750 2053 1013 2103 describens
1051 2058 1326 2122 antiquam*

261 2133 315 2183 S.
336 2133 453 2182 Petri
475 2135 734 2199 basilicam,
766 2139 890 2187 inter
915 2149 1065 2188 cetera
1082 2139 1182 2188 haec
1205 2140 1291 2188 ha-

263 2217 342 2266 het
381 2229 395 2261 ε
435 2212 548 2280 Ici,
583 2217 651 2267 les
693 2219 952 2269 mausolees
987 2221 1044 2270 de
1088 2239 1294 2290 presque

262 2310 366 2351 tous
393 2299 457 2349 les
475 2300 667 2372 Papes‚
693 2304 864 2370 depuis
890 2305 1022 2353 saint
1043 2305 1255 2354 Clement
1282 2344 1295 2365 ‚

256 2386 553 2454 publiaient‚
582 2405 682 2454 par
721 2386 850 2435 leurs
886 2386 1201 2454 inscriptions
1231 2405 1294 2436 ou

255 2487 355 2536 par
380 2471 462 2520 des
488 2469 719 2538 symboles
742 2509 754 2531 ‚
777 2470 906 2520 leurs
931 2464 1142 2535 actions,
1166 2470 1293 2522 leurs

260 2552 495 2618 qualitas,
535 2554 639 2603 leur
662 2556 795 2620 piet&
812 2571 834 2615 ,-
882 2552 1022 2602 l‘dme
1041 2554 1110 2603 du
1149 2553 1292 2603 chre-

259 2638 360 2685 tien
418 2639 538 2685 e'tait
581 2636 1100 2686 extraordinairement
1155 2641 1291 2685 emue

257 2719 318 2768 de
347 2722 456 2768 voir
479 2721 647 2769 reunie
676 2719 800 2767 dans
829 2735 881 2766 ce
910 2719 1190 2767 sanctuaire
1208 2718 1290 2767 des

255 2802 371 2869 plus
422 2802 662 2869 profonds
722 2801 951 2866 mysteres
1001 2799 1290 2867 l’enveloppe

260 2893 476 2934 terrestre
498 2885 555 2934 de
579 2892 694 2934 tant
717 2884 776 2932 de
790 2882 975 2949 qrands
992 2883 1184 2948 esprits,
1202 2885 1291 2949 qui

260 2970 459 3016 avaient
482 2967 609 3034 reqle
627 3005 641 3028 ‚
667 2967 824 3031 dir-iq&
848 2973 892 3015 et
918 2969 1181 3031 represeme
1207 2965 1288 3015 de-

253 3051 375 3114 puis
408 3051 495 3098 dix
530 3050 696 3111 αἰὲς-[οε
731 3048 964 3099 l'element
988 3049 1210 3116 supreme
1229 3049 1287 3098 de

261 3132 310 3179 la
332 3134 411 3180 vie
438 3133 520 3182 des
547 3136 853 3200 qenerations
865 3136 1062 3200 passees
1084 3170 1098 3192 ‚
1129 3142 1175 3181 et
1200 3134 1287 3198 qui

260 3213 473 3263 s’etaient
523 3217 844 3283 distinquees‚
888 3232 1067 3264 comme
1114 3224 1284 3263 autaut

262 3296 321 3344 de
351 3296 570 3346 colonnes
618 3300 676 3348 de
721 3299 768 3348 la
804 3299 953 3348 verite
977 3335 991 3358 ‚
1019 3313 1120 3363 par
1155 3295 1284 3344 leurs

261 3381 525 3427 sentimens
551 3390 597 3429 et
641 3381 766 3430 leurs
800 3383 988 3431 actions
1007 3416 1022 3440 ‚
1045 3396 1143 3446 par
1178 3378 1283 3428 leur

1372 1643 1511 1703 ptam
1525 1644 1571 1684 et
1588 1651 1740 1685 mores
1758 1638 2093 1703 inteqerrimos
2106 1655 2404 1688 semimorum

1381 1718 1685 1784 Pontificum
1729 1715 1919 1769 tamdiu
1951 1727 2133 1771 stetisse
2168 1723 2294 1772 hanc
2332 1740 2405 1772 se-

1378 1800 1486 1850 dem
1502 1839 1537 1867 „
1554 1804 1781 1869 permisit
1813 1803 1880 1852 ad
1926 1812 2190 1853 extremum
2230 1803 2362 1854 Deus
2384 1843 2399 1867 ,

1379 1893 1433 1933 ut
1462 1887 1610 1933 etiam
1637 1884 1840 1950 quidam
1871 1903 2055 1953 parum
2084 1887 2234 1954 probi
2266 1888 2401 1936 Pon-

1377 1970 1528 2036 tifices
1557 1968 1823 2035 aliquando
1843 1970 1969 2020 hanc
2003 1971 2159 2019 sedem
2187 1979 2403 2020 tenerent

1376 2059 1422 2099 et
1447 2060 1719 2118 reqerent...
1753 2056 1927 2118 Itaque
1964 2053 2098 2102 nihil
2135 2063 2233 2113 est,
2267 2055 2405 2120 'quod

1376 2133 1595 2184 haeretici
1620 2144 1813 2183 tantum
1844 2135 2059 2205 laborent
2085 2138 2142 2184 in
2173 2154 2400 2202 quorum-

1377 2218 1491 2269 dam
1530 2219 1825 2284 Pontificum
1861 2220 1998 2268 vitiis
2032 2220 2395 2286 conquirendis,

1379 2299 1480 2352 Nos
1507 2305 1641 2352 enim
1671 2305 1981 2368 aqnoscimus
2009 2312 2055 2352 et
2079 2305 2314 2370 fatemur,
2341 2321 2398 2352 ea

1369 2386 1528 2452 fuisse
1549 2404 1648 2435 non
1670 2403 1834 2453 pauca
1854 2405 1875 2449 ‚-
1910 2386 1993 2435 sed
2012 2397 2201 2436 tantum
2228 2387 2382 2450 abest,

1375 2477 1433 2518 ut
1470 2471 1540 2518 iis.
1575 2469 1734 2535 qloria
1772 2470 1921 2537 hujus
1950 2471 2078 2519 sedis
2122 2471 2397 2519 obscuretur

1375 2551 1450 2601 vel
1484 2555 1776 2612 minuatum
1810 2562 1865 2602 ut
1894 2552 2074 2601 iisdem
2114 2554 2280 2619 potius
2315 2570 2393 2602 ve-

1373 2635 1615 2683 hementer
1633 2645 1818 2684 crescat
1831 2644 1875 2683 et
1887 2634 2225 2701 amplificetur.
2246 2638 2309 2684 H
2310 2637 2394 2683 inc

1371 2718 1505 2767 enim
1535 2716 1854 2782 intelliqimus
1872 2756 1886 2778 ‚
1916 2735 2016 2767 non
2039 2717 2255 2767 humano
2279 2735 2392 2767 con-

1371 2799 1481 2848 silio
1498 2837 1511 2860 ‚
1531 2799 1798 2867 prudent-ia
1817 2838 1832 2860 .,
1883 2801 2074 2850 viribus
2091 2835 2107 2862 ,
2138 2817 2393 2850 romanum

1371 2882 1724 2947 Pontificatum
1765 2883 1954 2932 tamdiu
2002 2885 2285 2942 consistere,
2311 2884 2394 2930 sed

1368 2968 1487 3031 quia
1523 2967 1626 3015 Izaec
1664 2975 1805 3034 petra
1842 2967 1912 3015 ita
1938 2984 1969 3015 a
2011 2966 2229 3015 Domino
2258 2965 2392 3013 robo-

1368 3058 1510 3110 rata,
1554 3050 1794 3098 divinitus
1822 3049 2074 3122 funda!a‚
2111 3047 2390 3112 anqelorum

1367 3133 1603 3182 custodiis
1633 3141 1767 3200 septa
1799 3170 1814 3193 ‚
1857 3130 2105 3197 sinqulari
2151 3130 2255 3179 Dei
2271 3148 2391 3197 pro-

1367 3216 1588 3266 videntia
1617 3224 1661 3264 et
1681 3214 1978 3281 protectione
1995 3215 2186 3261 munita
2216 3223 2284 3262 ese
2301 3250 2316 3274 ‚
2339 3223 2394 3261 ut

1368 3299 1599 3347 adversus
1627 3315 1734 3346 eam
1758 3305 1912 3363 portae
1955 3296 2223 3361 inferorum
2260 3295 2392 3345 ’tullo

1368 3381 1505 3430 modo
1549 3378 1815 3447 praevalere
1856 3379 2049 3444 possint
2076 3416 2089 3438 ,
2151 3379 2250 3426 sive
2294 3376 2391 3425 illis

260 3464 424 3511 saveir
454 3470 500 3511 et
524 3462 652 3511 leurs
673 3482 867 3516 moeurs.
897 3463 1115 3530 Apposite
1139 3465 1278 3512 etiam
1356 3464 1513 3532 portis
1563 3463 1835 3530 persecutio
1874 3469 2194 3528 tyrannorum
2234 3498 2250 3520 ,
2291 3462 2391 3510 sive

263 3545 571 3595 Bellarminus
591 3585 603 3604 ,
629 3548 758 3611 praef.
787 3551 838 3596 in
854 3547 993 3596 libros
1023 3546 1277 3595 desummo

264 3627 517 3689 Pontifice,
557 3647 606 3677 n.
632 3644 660 3695 7
692 3639 736 3678 et
756 3626 789 3677 8
811 3667 824 3689 ,
856 3630 1072 3696 scripsit:
1109 3625 1190 3675 Ac
1213 3644 1274 3675 ne

252 3710 375 3773 forte
407 3721 689 3779 putaremus
740 3713 795 3762 ob
843 3715 989 3763 vitam
1045 3713 1267 3761 incorru-

1365 3546 1525 3595 rabies
1568 3545 1899 3595 baeretieorum
1926 3582 1939 3606 ‚
1982 3545 2080 3593 sive
2123 3544 2393 3598 schismati-

1369 3645 1536 3678 corum
1564 3628 1738 3693 furor,
1778 3629 1879 3677 sive
1922 3626 2099 3677 scelera
2127 3636 2172 3676 et
2191 3626 2392 3692 llaqitia

1360 3711 1685 3777 desiqnentur.
