2514 4218
429 181 591 219 PART.
637 182 679 217 1.
729 178 883 218 SECT'.
930 181 995 218 11.
1045 181 1174 218 CAP.
1220 183 1262 219 1.
1311 182 1378 218 DE
1424 182 1586 219 PETRI
1627 180 1903 218 PRIMATU.

2092 159 2208 219 327

167 326 304 388 485.
353 324 445 384 Ad·
475 322 592 397 5¹¹¹,
621 325 793 405 Resp.
821 323 984 383 Falso
1012 346 1078 384 ac
1107 334 1330 384 temere
1352 323 1675 405 Dupinium
1704 323 1786 381 ita
1822 322 2172 385 concludere
2193 371 2208 399 2

86 437 152 484 ut
192 431 354 505 patet
392 439 464 478 ex
500 419 891 491 discussione,
935 439 1113 500 quam
1149 419 1391 478 fecimus
1414 464 1430 493 ,
1470 422 1591 496 ejus
1637 418 2070 499 praemissarum
2097 420 2211 501 (1).

89 516 254 592 Quod
295 534 434 575 vero
483 515 695 572 attinet
738 512 812 572 ad
858 514 1442 594 repraesentationem
1474 533 1576 572 seu
1628 513 1874 592 figuram
1917 514 2214 590 Ecclesiae,

88 631 264 693 quam
283 610 487 667 Petrus
513 607 750 688 gerebat
765 652 782 682 ,
809 629 942 667 cum
964 606 1231 666 Christus
1260 629 1398 667 eum
1421 607 1710 671 allocutus
1731 617 1820 668 est
1839 653 1855 683 ‚
1885 608 2063 690 paulo
2087 622 2219 691 post

88 725 449 787 exponemus
471 749 486 777 .‚
528 725 644 784 quo
680 724 852 762 sensu
880 700 1127 781 intelligi
1154 701 1386 761 debeat.

172 800 312 858 486.
344 798 475 875 Obj.
507 799 680 857 tertia
706 809 766 856 et
787 797 927 856 inst.
963 797 1028 854 1⁰
1055 796 1114 854 Si
1148 797 1336 876 reipsa
1375 819 1482 878 per
1509 797 1792 858 adductos
1825 810 2019 858 textus
2048 821 2219 879 evan·

89 893 298 975 gelicos
318 939 334 968 a
375 890 695 974 praesertim
739 913 876 953 vero
901 880 1109 951 Matth.
1151 892 1283 950 XVI
1304 937 1319 966 ,
1356 894 1719 974 promisisset
1744 893 2011 953 Christus
2043 897 2218 955 Petro

94 990 454 1069 primatum,
494 985 652 1047 haud
688 993 815 1047 orta
864 983 1114 1044 subinde
1150 998 1302 1045 esset
1328 989 1488 1046 inter
1515 988 1820 1070 Apostolos
1869 992 2172 1051 contentio
2202 1037 2220 1067 .,

44 1123 46 1126 —
95 1089 232 1163 quis
260 1105 467 1142 eorum
495 1084 802 1142 videretur
819 1101 933 1139 esse
969 1085 1198 1158 major,
1222 1093 1288 1140 ut
1308 1081 1520 1161 legitur
1539 1081 1686 1143 ibid.
1717 1084 1927 1145 XVIII.
1959 1085 2223 1146 Christus

98 1180 259 1239 enim
321 1179 393 1239 ad
450 1174 932 1260 compescendam
969 1176 1254 1253 ejusmodi
1305 1179 1746 1239 contentionem
1790 1181 2224 1262 respondisset,

174 1454 238 1518 (l)
274 1452 501 1518 Quoniam
518 1449 696 1498 Palmer
713 1449 907 1515 Dupinii
921 1466 976 1498 ac
993 1450 1120 1498 Lau-

105 1539 202 1602 noji
231 1535 494 1583 auctoritate
515 1536 660 1579 utitur
677 1569 691 1591 ‚
715 1531 909 1596 perinde
933 1548 986 1579 ac
1012 1534 1121 1580 sica

106 1617 345 1683 quidpiam
360 1614 531 1662 valeret
546 1613 670 1677 apud
685 1612 966 1672 Catholicos,
987 1615 1118 1672 sciat,
1155 1613 1163 1615 ζ

54 1689 58 1694 ’
105 1700 343 1762 scriptores
384 1697 525 1744 hosce
564 1695 623 1743 ab
671 1695 892 1743 omnibus
929 1697 1122 1743 sinceris

101 1777 346 1827 Catholicis
374 1777 557 1841 respui,
593 1786 731 1842 atque
759 1787 918 1841 utpote
949 1760 1122 1841 prima·

102 1870 173 1908 tus
185 1860 320 1907 Rom.
342 1859 577 1907 Pontificis
593 1876 744 1907 osores
762 1867 808 1907 et
822 1859 973 1907 hostes
999 1875 1122 1908 acer-

40 1955 51 1964 *
104 1945 244 1990 rimos
280 1942 490 1991 refutari.
535 1941 594 1989 Et
627 1957 928 2007 quanquam,
970 1932 1125 1988 utvi-

104 2026 258 2074 dimus
278 2063 292 2085 ‚
325 2026 560 2074 interdum
593 2026 653 2073 ad
674 2026 835 2073 fucum
855 2024 1124 2074 faciendum

109 2107 335 2154 nonnulla
364 2109 711 2156 intermisceant
729 2143 743 2166 ‚
770 2107 941 2172 quibus
965 2107 1125 2156 viden-

110 2198 187 2236 tur
222 2188 375 2236 adhuc
419 2190 468 2234 in
507 2188 639 2236 Petro
681 2176 735 2236 ai:
788 2198 1033 2254 propterea
1074 2192 1126 2237 in

114 2269 251 2317 Rom.
286 2268 510 2317 Pontifice
551 2269 754 2334 aliquem
794 2272 1045 2334 primatum
1079 2276 1128 2319 et

110 2353 301 2418 quidem
345 2352 677 2418 jurisdictionis
731 2353 971 2401 admittere
1012 2390 1026 2413 ,
1080 2370 1129 2402 re

110 2444 263 2481 tamen
303 2436 457 2498 ipsum
498 2444 727 2483 evertunt.
779 2434 878 2484 Cfr.
917 2451 1026 2500 quoe
1071 2434 1129 2484 de

108 2514 314 2580 Dupinio
347 2516 488 2563 habet
518 2515 707 2582 Chai-las
729 2553 742 2577 ‚
775 2520 826 2564 in
867 2517 1124 2581 appendice

113 2597 172 2644 ad
204 2596 490 2645 Tractatum
514 2597 570 2644 de
585 2596 886 2647 libertatibus
900 2597 1131 2649 Ecclesiae

113 2677 371 2743 yallicanoe
389 2716 403 2739 ‚
429 2690 546 2727 tom.
576 2695 660 2738 111,
688 2681 866 2745 praefat.
907 2699 1010 2747 pag.
1036 2680 1064 2729 5
1086 2691 1132 2729 et

115 2778 247 2826 seqq.
280 2760 439 2808 Romae
473 2777 613 2828 1720.
647 2762 762 2832 Legi
786 2773 1000 2828 praeterea
1032 2781 1132 2813 me-

119 2852 299 2905 rentur,
336 2858 441 2907 quae
463 2843 519 2891 de
543 2846 845 2910 janseniano,
873 2863 953 2894 seu
980 2847 1132 2911 potius

118 2925 356 2973 incredulo
387 2925 583 2973 homine
609 2926 872 2974 referuntur
890 2929 939 2975 in
960 2927 1132 2977 celebri

119 3023 254 3071 opere
296 3023 352 3055 ex
402 3008 562 3071 gallico
595 3009 645 3054 in
684 3007 890 3073 linguam
931 3010 1132 3057 italicam

123 3103 358 3147 converso,
382 3088 548 3136 Realta
562 3088 862 3155 delproqetto
881 3090 936 3137 di
950 3092 1133 3154 Borqo-

126 3160 368 3230 Fontana,
397 3180 511 3219 tom.
539 3185 556 3218 1
576 3209 588 3231 ‚
619 3183 738 3237 part.
766 3189 838 3232 ιιι,
870 3171 896 3239 §
930 3170 960 3221 5
980 3210 992 3233 ‚
1022 3191 1130 3238 pag.

127 3262 244 3312 227,
291 3252 429 3300 Assisi
464 3250 607 3320 1787.
651 3253 868 3303 Clemens
915 3269 963 3302 ιιι
1001 3254 1135 3304 Brevi

129 3328 232 3376 dato
281 3346 334 3380 ιο
364 3331 477 3398 Apr.
523 3351 640 3403 1701
694 3336 949 3385 Galliarum
979 3326 1095 3400 'regi
1118 3375 1132 3397 ‚

129 3412 290 3474 gratias
324 3415 368 3461 ei
393 3431 552 3481 agens,
581 3435 635 3466 eo
679 3418 805 3485 quod
828 3419 1086 3484 Dupinium
1119 3459 1132 3480 ‚

129 3494 299 3556 quippe
340 3497 420 3559 qui
456 3497 781 3564 subscripserat
816 3501 985 3550 celebri
1024 3520 1137 3551 con-

130 3574 326 3622 scientiae
353 3579 505 3635 casui,
536 3579 587 3626 in
620 3581 815 3631 exilium
856 3585 1134 3649 pepulisset,

131 3672 237 3704 eum
270 3668 399 3705 vocat
436 3660 679 3723 nequioris
715 3663 945 3714 doctrinm
987 3666 1139 3715 homi-

1203 1466 1313 1497 nem
1331 1486 1348 1511 ‚
1386 1459 1715 1516 temeratoeque
1755 1453 1934 1521 aaepius
1960 1455 2230 1520 apostolicae

1203 1531 1343 1579 Sedis
1377 1549 1531 1581 reum.
1572 1533 1838 1582 Protestans
1883 1546 2039 1584 autem
2087 1536 2229 1586 Joan.

1204 1613 1410 1662 Frickius
1428 1651 1441 1673 ‚
1470 1617 1521 1662 in
1546 1615 1853 1680 compendio,
1894 1616 2019 1682 quod
2056 1617 2228 1680 edidit,

1204 1695 1520 1745 Bibliotheca»
1541 1695 1874 1746 ecclesiasticae
1888 1734 1906 1759 ,
1939 1699 2140 1765 loquens
2172 1699 2230 1748 de

1204 1777 1411 1842 Dupinio
1436 1777 1647 1843 ejusdem
1671 1778 1986 1827 Bibliothecoe
2007 1784 2195 1828 auctore
2215 1798 2229 1829 ε

1208 1861 1370 1923 Quam
1390 1859 1539 1925 probe
1555 1897 1568 1920 ‚
1588 1863 1742 1926 inquit
1763 1898 1776 1920 ‚
1798 1860 1944 1909 semel
1965 1863 2232 1926 iterumque

1205 1946 1286 1989 vir
1326 1940 1490 1989 doetus
1520 1943 1790 2008 principiis
1827 1946 2230 2008 protestantium,

1206 2023 1293 2071 hoc
1323 2032 1420 2084 est,
1452 2025 1647 2071 veritati
1692 2025 1916 2072 aceedit!
1954 2025 2013 2073 Et
2042 2025 2141 2073 haec
2173 2026 2232 2074 de

1207 2105 1435 2171 Dupinio,
1454 2105 1595 2165 Quod
1616 2123 1723 2153 vero
1754 2117 1929 2171 spectat
1958 2106 2016 2154 ad
2044 2107 2235 2155 Launo-

1205 2191 1307 2253 jum
1340 2188 1536 2235 alterum
1577 2187 1767 2236 beroem
1804 2187 2034 2249 Palmeri,
2065 2199 2236 2253 protes-

1208 2279 1311 2316 tans
1341 2267 1449 2317 Ant.
1476 2264 1691 2317 Reiserus
1717 2270 1767 2315 in
1797 2286 1875 2333 op.
1905 2269 2029 2318 edito
2049 2254 2237 2319 Amste-

1209 2350 1378 2398 ledami
1424 2367 1548 2398 anno
1592 2347 1720 2398 1685
1739 2386 1754 2410 ,
1797 2354 1873 2398 cui
1918 2353 1989 2399 tit.
2021 2351 2239 2400 Joannes

1210 2415 1465 2494 Launojiie
1507 2433 1639 2479 testie
1668 2440 1712 2479 et
1752 2431 1991 2496 confessor
2018 2434 2237 2481 veritatis

1210 2513 1561 2578 evanqelieo-ca
1567 2512 1754 2564 tholicae
1768 2515 1828 2578 (id
1840 2525 1924 2570 est,
1934 2515 2238 2576 Eutheranoe)

1210 2598 1268 2643 in
1276 2596 1548 2662 potioribus
1570 2596 1691 2660 fidei
1705 2597 1950 2663 capitibus
1972 2607 2239 2647 controver-

1210 2681 1279 2725 sis
1303 2716 1316 2741 ‚
1363 2679 1595 2727 adversus
1658 2680 1926 2728 Robertum
1977 2679 2239 2728 Bellarmi-

1212 2777 1333 2808 num
1353 2798 1366 2821 ‚
1387 2771 1475 2810 etc.
1493 2764 1543 2809 in
1563 2764 1737 2826 praefat,
1759 2780 1868 2810 eum
1885 2773 2048 2811 vocat:
2077 2762 2236 2811 Theo-

1211 2841 1370 2907 loqum
1395 2843 1718 2909 parisiensem
1748 2854 1793 2891 et
1814 2843 2143 2892 Sorbonistam
2159 2845 2242 2892 in-

1213 2934 1286 2973 ter
1308 2928 1544 2992 euoejure
1572 2942 1630 2973 ae
1661 2928 1827 2974 viterito
1851 2925 2235 2987 celeberrimum,

1214 3008 1365 3055 curioe
1393 3013 1695 3055 romanensis
1710 3044 1724 3063 ,
1758 3016 1802 3054 et
1827 3024 1990 3055 eorum
2009 3046 2023 3067 ‚
2042 3025 2149 3073 quoe
2165 3010 2239 3057 ibi

1215 3089 1443 3138 adversus
1482 3087 1790 3155 Scripturam
1833 3099 1877 3137 et
1898 3093 2237 3156 antiquitatem

1214 3173 1520 3222 orthodoxam
1549 3171 1743 3238 publice
1769 3172 2033 3235 docentur,
2054 3183 2097 3222 et
2126 3173 2236 3222 abs-

1214 3272 1303 3320 que
1322 3255 1419 3305 ullo
1441 3255 1610 3303 rubore
1623 3264 1837 3320 aquantur
1854 3292 1869 3315 ‚
1904 3255 2081 3305 hostem
2105 3272 2237 3304 acer-

1215 3339 1393 3386 rimum
1437 3348 1481 3385 et
1524 3337 1996 3388 irreconciliabilem.
2024 3338 2084 3386 Et
2111 3339 2241 3402 ejus-

1220 3421 1344 3469 modi
1377 3431 1582 3469 auctores
1632 3421 1771 3470 veluti
1818 3421 2067 3470 catholicos
2103 3418 2241 3467 nobis

1217 3506 1408 3570 opponit
1446 3502 1656 3553 Palmer!
1692 3504 1789 3554 Csr.
1833 3505 2063 3558 zaccaria,
2089 3501 2241 3550 Anti-

1220 3586 1493 3634 Febbronio
1510 3623 1524 3645 ‚
1561 3583 1911 3637 Introduzione
1928 3623 1942 3647 ‚
1973 3602 2016 3635 c.
2037 3581 2089 3647 6,
2109 3582 2136 3650 §
2159 3599 2237 3645 ιο,

1221 3669 1394 3718 Cesena
1436 3681 1578 3734 1770.
