2514 4218
308 153 429 215 276
786 199 800 232 ι
902 167 1102 206 111161.
1153 166 1419 203 11310613
1460 164 1847 207 131161061613.

308 326 541 375 ternam
572 309 914 381 constituit,
972 310 1034 366 in
1086 328 1201 388 qua
1244 306 1340 365 alii
1383 318 1732 387 praeessent,
1769 309 2077 370 subessent
2109 310 2242 385 alii3
2292 312 2444 375 hanc

305 431 473 469 suam
509 408 847 467 societatem
885 410 1065 483 reqm‘
1090 402 1341 461 vnomine
1380 402 1598 484 passim
1631 403 1969 483 insignivit3
2013 407 2293 468 instruxit
2339 409 2445 471 de-

303 527 470 565 mum
496 525 595 564 eos
620 549 635 573 ,
678 522 821 584 quos
857 499 992 558 huic
1017 519 1134 558 suae
1174 498 1438 558 societati
1472 519 1573 556 seu
1610 519 1792 579 regno
1823 502 2079 581 praefecit
2100 549 2116 578 ,
2154 503 2253 564 illa
2283 506 2446 565 omni

303 601 647 662 auctoritate
668 643 683 672 ,
708 616 838 677 quae
873 594 948 652 ad
985 616 1116 655 eam
1141 606 1298 654 recte
1324 593 1648 675 regendam
1672 606 1732 654 et
1757 594 2204 675 gubernandam
2241 623 2447 662 neces-

302 699 454 758 sario
492 692 842 775 requiritur,
891 690 1140 750 subditis
1198 713 1337 752 vero
1387 712 1488 750 seu
1543 689 1826 750 membris
1861 690 2125 770 ejusdem
2158 696 2445 757 societatis

305 792 651 853 mandatum
678 786 841 870 dedit
882 809 943 846 se
977 786 1331 866 subjiciendi
1368 786 1777 870 Superioribus
1817 808 1883 846 36
1921 789 2246 870 Praepositis
2278 793 2396 852 suis
2427 839 2442 868 ,

302 907 516 967 eosque
540 882 856 958 audiendi,
896 883 1144 966 perinde
1181 904 1247 943 36
1283 884 1331 942 si
1372 883 1759 965 semetipsum
1786 881 2081 945 audirent.
2126 886 2262 944 Jam
2304 909 2444 949 vero

297 983 570 1066 perfectae
602 1001 666 1039 36
694 978 936 1039 visibilis
964 980 1254 1039 societatis
1282 990 1494 1039 natura
1534 978 1827 1061 postulat,
1865 991 1932 1038 ut
1960 981 2060 1062 qui
2091 993 2357 1063 praesunt
2379 1005 2445 1045 ea

304 1078 630 1138 decernant
649 1121 665 1153 ‚
704 1097 837 1158 quae
870 1075 946 1135 ad
971 1074 1200 1135 bonum
1231 1074 1494 1154 ejusdem
1522 1077 1786 1156 regimen
1821 1078 2142 1138 necessaria
2172 1091 2312 1139 sunt
2338 1101 2446 1163 pro

296 1175 472 1236 variis
518 1185 891 1255 temporum,
924 1171 1187 1231 locorum
1215 1193 1534 1256 rerumque
1568 1172 1892 1251 adjunctis3
1927 1195 2173 1257 quaeque
2198 1197 2316 1257 pro
2347 1176 2446 1237 ad-

284 1277 629 1351 junctorum
661 1271 943 1331 varietate
974 1270 1203 1350 augeri,
1242 1269 1458 1329 mutari
1483 1280 1662 1352 atque
1691 1270 1870 1329 etiam
1892 1269 2160 1351 abrogari
2185 1270 2406 1333 debent
2426 1318 2443 1348 ,

293 1372 363 1427 ut
397 1366 718 1428 faciliorem
744 1365 1001 1426 efficiant
1029 1366 1457 1448 principiorum
1486 1365 1887 1426 essentialium
1926 1368 2110 1450 ipsius
2155 1354 2444 1429 societatis

298 1463 776 1524 observationem
797 1508 812 1536 ,
842 1483 1162 1544 eorumque
1186 1460 1371 1523 veluti
1392 1483 1628 1544 sepem,
1663 1462 1988 1523 custodiam
2012 1485 2079 1524 36
2109 1465 2447 1525 munimen·

296 1572 426 1620 tum
447 1606 462 1634 ,
493 1571 561 1619 ut
598 1561 678 1618 ita
710 1559 955 1641 loquar,
992 1559 1382 1618 constituunt.
1418 1560 1541 1618 Hoc
1565 1580 1704 1618 sane
1730 1561 2023 1619 cernimus
2053 1560 2113 1618 in
2142 1561 2310 1622 omni
2332 1562 2444 1621 rite

294 1657 566 1715 instituta
609 1654 766 1716 civili
803 1655 1116 1725 societate,
1176 1655 1241 1714 in
1287 1676 1402 1738 qua
1450 1654 1672 1736 legibus
1708 1656 1872 1735 regni
1920 1667 2022 1715 aut
2068 1668 2254 1717 status
2304 1657 2442 1716 fun-

295 1750 731 1813 damentalibus
771 1750 899 1811 'aliae
922 1750 1120 1833 plures
1145 1751 1530 1831 adjiciuntur,
1563 1773 1709 1835 quas
1742 1773 1998 1834 praesens
2030 1754 2443 1835 opportunitas

291 1849 495 1929 exigit.
547 1849 727 1907 Porro
763 1848 892 1908 sine
920 1859 1212 1931 potestate
1260 1847 1583 1929 legislativa
1627 1870 1811 1931 eaque
1845 1847 2185 1930 obligatoria
2220 1860 2280 1909 et
2317 1871 2442 1909 coa-

297 1946 449 2005 ctiva
476 1991 491 2017 .‚
535 1965 664 2027 quae
698 1944 939 2028 propria
981 1945 1056 2003 sit
1085 1945 1402 2026 praesidum
1438 1945 1619 2027 ipsius
1659 1945 1982 2020 societatiS,
2013 1945 2137 2004 haec
2170 1965 2281 2005 nec
2316 1966 2443 2005 esse

295 2062 405 2103 1166
427 2040 675 2120 intelligi
701 2051 972 2122 possunt.
1004 2041 1332 2100 Auctoritas
1364 2042 1524 2102 enim
1555 2053 1615 2101 et
1640 2040 1924 2120 subJectio
1963 2040 2093 2100 duae
2129 2052 2272 2100 sunt
2298 2041 2441 2102 ideae

291 2137 587 2213 relativae,
636 2137 724 2195 uti
775 2136 996 2219 pariter
1050 2136 1314 2198 relativae
1360 2149 1500 2197 sunt
1539 2137 1635 2197 lex
1680 2147 1739 2196 et
1774 2137 2023 2207 sanctio,
2070 2135 2331 2219 adeoque
2381 2148 2440 2198 et

294 2234 533 2295 coactio,
577 2234 695 2292 Lex
738 2232 1036 2314 siquidem
1078 2235 1204 2293 sine
1251 2235 1592 2307 sanctione,
1646 2233 1873 2292 sanctio
1916 2234 2044 2294 sine
2087 2234 2148 2295 vi
2180 2233 2439 2294 coactiva

291 2329 610 2390 subsistere
660 2340 972 2410 nequeunt
1007 2330 1073 2387 in
1109 2331 1391 2411 praesenti
1437 2351 1638 2390 rerum
1691 2328 1916 2391 ordine.
1969 2331 2262 2408 Quorsum
2299 2351 2439 2390 vero

292 2426 583 2499 ChristuS,
610 2424 786 2503 hujus
811 2424 1108 2485 societatis
1124 2426 1432 2486 institutor
1457 2437 1518 2487 et
1541 2437 1743 2486 auctor
1759 2471 1776 2504 ‚
1801 2425 1994 2486 eidem
2020 2428 2356 2509 Superiores
2381 2436 2439 2485 et

289 2519 574 2582 Praesides
601 2521 727 2580 sine
748 2522 1095 2581 auctoritate
1126 2521 1523 2604 praefecisset?
1556 2524 1850 2596 Quorsum
1879 2521 2129 2580 subditis
2156 2520 2435 2581 obedien-

288 2619 435 2678 tiam
491 2627 551 2678 et
591 2616 1020 2697 subJectionem
1070 2639 1205 2698 erga
1249 2620 1592 2700 Superiores
1658 2639 1792 2675 suos
1846 2616 2318 2677 commendasset
2374 2639 2438 2677 36

221 2722 224 2726 ’
286 2716 690 2800 praecepisset,
725 2714 772 2773 si
807 2714 1106 2796 Praepositi
1146 2713 1293 2773 nihil
1331 2713 1408 2774 ad
1437 2711 1811 2772 subditorum
1840 2758 1855 2786 ,
1897 2713 2016 2771 imo
2049 2725 2109 2772 et
2137 2712 2213 2772 ad
2250 2713 2431 2796 ipsius

294 2807 584 2873 societatis
615 2811 845 2870 bonum
879 2810 1234 2870 constituere
1262 2820 1505 2892 possent
1524 2855 1540 2884 ,
1579 2829 1688 2867 nec
1715 2806 1843 2866 illos
1872 2829 2073 2889 cogere
2109 2809 2185 2870 ad
2212 2829 2279 2868 ea
2305 2830 2436 2891 quae

292 2911 511 2968 sancita
541 2919 682 2968 sunt
721 2905 1139 2975 custodienda,
1179 2917 1281 2966 aut
1315 2905 1446 2965 illos
1487 2901 1840 2964 salutaribus
1886 2906 2079 2986 poenis
2119 2903 2434 2981 mulctare,

297 3005 400 3085 qui
434 3027 558 3065 sese
592 3016 969 3065 contumaces
1004 3000 1428 3063 exhibuerint?
1464 3003 1603 3062 Haec
1646 2999 1844 3059 omnia
1879 2999 2104 3083 abipsa
2144 2999 2433 3059 societatis

294 3101 534 3159 notione
555 3147 570 3176 ,
615 3123 680 3160 ac
706 3099 897 3160 multo
929 3099 1113 3178 magis
1141 3097 1215 3157 ab
1255 3098 1386 3160 idea
1422 3096 1711 3158 societatis
1739 3095 1997 3177 perfecte
2027 3095 2172 3156 adeo
2214 3094 2434 3156 constio

294 3207 435 3257 tutte
455 3243 471 3271 ,
502 3198 828 3276 cujusmodi
866 3208 956 3259 est
985 3195 1206 3256 Christi
1242 3194 1491 3256 Ecclesia
1526 3194 1617 3274 (l)
1639 3238 1654 3268 ,
1697 3212 1932 3274 prorsus
1963 3190 2305 3253 abhorrent.

364 3423 432 3485 (1)
469 3419 590 3470 Cum
622 3431 858 3485 propterea
884 3420 954 3470 M.
994 3417 1110 3470 Ant.
1137 3417 1207 3467 De
1228 3418 1322 3467 Do·
1404 3417 1532 3468 mibi
1561 3415 1787 3465 videntur
1817 3433 1914 3465 non
1932 3434 2114 3484 parum
2135 3434 2168 3466 a
2191 3426 2313 3466 recto
2329 3425 2426 3465 tra-

292 3509 435 3556 minis
471 3504 595 3553 hanc
628 3507 994 3568 propositionem
1043 3503 1271 3552 emisisset
1303 3520 1318 3551 ε
1402 3503 1517 3549 mite
1544 3500 1796 3559 aberrare;
1827 3517 1928 3549 non
1954 3500 2092 3550 modo
2119 3503 2239 3567 quia
2283 3502 2338 3548 in
2367 3515 2424 3548 ea

299 3590 406 3655 Qui
453 3587 511 3635 de
547 3584 794 3653 republica
831 3585 1148 3634 echesiastica
1194 3585 1322 3634 sicut
1403 3586 1662 3649 requirunt
1687 3600 1849 3632 veram
1852 3584 2254 3651 jurisdictionem
2268 3590 2424 3632 exter-

292 3672 350 3720 de
393 3673 539 3737 puris
579 3669 810 3718 humaunis
855 3666 1265 3735 philosophamur
1301 3705 1315 3732 ‚
1398 3683 1517 3718 nam
1537 3704 1551 3729 ‚
1585 3666 1675 3717 ubi
1701 3675 1863 3716 tamen
1880 3668 2036 3717 omnis
2060 3665 2217 3732 gloria
2235 3665 2340 3731 ejus
2364 3663 2423 3711 ab
