2514 4218
428 257 591 294 Mirr.
641 257 683 291 1.
731 251 854 291 car.
905 255 971 290 11.
1023 255 1089 289 na
1132 251 1346 290 cumsri
1389 250 1540 288 acci.
1590 249 1844 289 consrrr.
2109 229 2189 289 43

168 400 265 459 71.
311 395 507 456 Talem
542 395 793 476 denique
828 405 1114 476 perpetuo
1154 393 1410 453 extitisse
1441 411 1680 451 sensum
1720 389 2189 467 traditionalem‚

85 501 310 554 constat
330 512 402 549 ex
429 490 496 548 iis
514 534 530 566 ‚
562 510 689 571 quae
719 491 919 548 Patres
953 488 1231 549 adversus
1246 486 1608 549 Novatianos
1628 493 1687 545 et
1707 484 2039 545 Donatistas
2071 485 2192 545 dis-

84 597 367 670 putarunt
385 630 403 660 7
439 584 599 647 velut
626 596 849 644 certum
878 582 1085 660 dogma
1125 592 1561 664 propugnantes
1583 627 1598 656 .,
1641 590 1975 662 peccatores
1998 581 2060 640 in
2085 583 2194 665 ch

85 682 254 744 clesia
277 701 420 742 esse.
450 683 536 740 Ne
563 680 900 762 prolixiores
920 677 1097 735 simus
1118 719 1136 738 .
1162 697 1348 734 unum
1372 687 1474 735 aut
1501 675 1750 735 alterum
1774 685 2004 735 textum
2026 689 2098 735 ex
2124 676 2194 735 iis

85 778 409 838 afferemus,
457 778 515 835 S.
558 774 906 855 Augustinus
932 814 948 845 7
1003 770 1225 830 Contra
1271 772 1500 830 litteras
1547 773 1842 830 Petiliam
1850 817 1869 841 ,
1917 769 2020 830 lib.
2074 770 2155 829 111
2173 814 2190 847 ‚

84 894 211 954 cap.
256 873 331 930 12
365 893 380 930 ε
410 872 606 930 Homo
631 889 767 929 sum
779 910 802 938 ,
831 859 1053 946 inquit,
1087 867 1155 922 in
1191 885 1340 923 arca
1373 864 1604 924 Christi
1628 887 1648 924 .·
1668 867 1851 946 palea
1878 868 1934 925 si
1959 867 2194 933 malu3;

77 988 383 1048 ymnum,
413 971 472 1025 si
500 967 706 1025 honus.
734 962 806 1020 Et
838 961 1054 1018 iterum
1095 963 1180 1018 De
1216 960 1530 1038 Baptismo
1548 1001 1574 1030 ,
1598 959 1701 1017 lib.
1733 961 1834 1020 vu
1859 1004 1876 1035 .,
1913 980 2035 1041 cap.
2068 959 2141 1018 51
2173 982 2187 1018 ε

84 1063 254 1124 Nam
284 1072 338 1120 et
369 1064 506 1120 istos
538 1060 775 1138 (graves
814 1052 1190 1136 peccatores)
1218 1075 1334 1113 esse
1370 1057 1442 1112 in
1480 1054 1649 1111 domo
1695 1054 1954 1137 (nempe
1988 1057 2051 1113 in
2087 1056 2195 1114 Ec·-

84 1156 289 1238 clesia)
315 1202 330 1231 .,
366 1175 578 1236 neyare
612 1172 733 1210 non
762 1171 1108 1229 pos-summ,
1133 1150 1360 1208 dicente
1389 1149 1662 1228 Apo-stolo
1677 1191 1698 1221 ,
1730 1152 1801 1207 in
1833 1170 2058 1229 magna
2087 1171 2195 1209 au-

86 1264 200 1311 tem
235 1254 402 1311 domo
435 1270 550 1308 non
575 1247 765 1306 solum
788 1267 980 1305 aurea
1008 1267 1152 1304 vasa
1180 1255 1320 1304 sunt
1348 1246 1439 1304 vel
1456 1255 1738 1324 arqentea
1752 1287 1773 1316 ,
1802 1245 1904 1303 sed
1922 1255 1976 1304 et
1996 1246 2194 1325 liqnea

85 1359 142 1405 ec
163 1348 408 1425 fictilia,
434 1353 543 1403 eto.
574 1341 662 1400 Sic
694 1341 872 1400 etiam
894 1343 949 1400 S.
974 1342 1394 1421 HieronymuS,
1428 1341 1607 1410 ¹Dial.
1642 1350 1849 1398 contra
1887 1339 2155 1418 Lucifer.
2174 1365 2193 1401 .·

87 1444 253 1502 Arca
274 1440 430 1511 Noe,
464 1428 687 1518 inquit,
722 1438 1003 1496 Ecclesiae
1029 1447 1204 1516 typus
1228 1438 1424 1515 fuit...
1451 1445 1522 1493 ut
1540 1435 1635 1493 ihi
1649 1435 1890 1514 pardus
1911 1444 1969 1492 et
1996 1435 2159 1495 hoedi
2171 1478 2195 1508 ,

86 1548 140 1595 et
172 1538 351 1615 lupus
376 1543 432 1591 et
463 1537 615 1613 aym‘
630 1553 650 1601 ;
682 1535 771 1590 ita
799 1543 855 1592 et
886 1532 984 1591 hio
1012 1533 1121 1612 (in
1152 1529 1397 1590 Ecclesia
1420 1529 1443 1610 )
1453 1534 1625 1608 justi
1659 1540 1714 1588 et
1736 1541 2103 1609 peccatores’,
2131 1531 2203 1590 id

83 1642 196 1703 est,
242 1650 386 1688 vasa
424 1649 616 1687 aurea
656 1639 710 1686 et
752 1637 1033 1708 arqentea
1066 1649 1204 1687 cum
1247 1629 1456 1706 laeyneis
1499 1635 1554 1684 et
1586 1626 1878 1704 fictilibus
1931 1646 2197 1684 commo-

82 1735 307 1804 rantur
335 1723 466 1803 (l),⁴
519 1734 588 1781 ut
625 1722 769 1782 alios
814 1723 1099 1782 omittam.
1150 1724 1329 1781 Porro
1362 1731 1689 1803 peccatores
1737 1741 1809 1781 ex
1862 1719 2029 1780 dictis
2073 1742 2194 1780 non

81 1819 378 1901 pertinent
420 1818 496 1878 ad
534 1817 799 1879 Ecclesiae
839 1818 1131 1892 animam3
1167 1839 1302 1897 ergo
1338 1827 1599 1899 spectare
1635 1814 1844 1876 saltem
1875 1815 2096 1877 debent
2123 1816 2199 1876 ad
2290 1870 2293 1877 ,

80 1914 339 1993 ejusdem
378 1935 604 1996 corpus·
1846 1998 1848 2001 f

160 2010 197 2068 7
203 2010 259 2067 2.
305 2011 453 2068 Tum
485 2010 661 2089 igitur
697 2008 916 2068 Christi
941 2008 1130 2085 dicta,
1171 2019 1301 2066 tum
1330 2012 1452 2086 ejus
1490 2028 1698 2090 scopus
1734 2008 1796 2066 in
1829 2003 2074 2067 Ecclesia
2102 2007 2198 2066 in-

82 2103 412 2179 stituenda,
466 2117 594 2164 tum
640 2104 893 2187 denique
934 2125 1138 2164 sensus
1175 2103 1562 2163 traditionalis
1609 2104 1789 2163 totius
1836 2103 2199 2185 antiquitatis

82 2198 539 2260 luculentissime
588 2211 943 2259 concurrunt
979 2199 1055 2258 ad
1086 2199 1476 2261 evincendum
1498 2246 1514 2275 ,
1569 2200 1727 2282 quod
1752 2201 2161 2282 proposuimus
2181 2245 2197 2275 .,

86 2293 364 2352 nimirum
386 2295 458 2352 ad
486 2295 749 2354 Ecclesiae
778 2317 985 2376 corpus
1012 2318 1114 2355 seu
1137 2295 1212 2355 ad
1241 2295 1530 2357 visibilem
1562 2296 1870 2356 Ecclesiam
1902 2297 2200 2378 pertinere

89 2409 290 2447 omnes
316 2388 526 2447 Christi
551 2388 752 2448 fideles
774 2435 789 2464 ‚
828 2392 950 2450 sive
972 2391 1115 2467 justi
1144 2391 1360 2449 fuerint
1390 2392 1512 2451 sive
1541 2403 1873 2471 peccatores
1891 2435 1908 2465 ‚
1941 2413 2056 2472 quo
2089 2414 2201 2450 no—

85 2483 245 2542 mine
280 2505 481 2543 omnes
517 2507 751 2566 prorsus
775 2485 1159 2565 significamus
1188 2485 1370 2544 malos
1405 2496 1465 2545 et
1499 2487 1774 2568 pessimos
1802 2487 2160 2547 Christianos
2181 2533 2198 2562 a

86 2577 204 2637 imo
223 2589 282 2637 et
302 2578 627 2640 incredulos
650 2591 709 2639 et
733 2580 1030 2639 haereticos
1058 2580 1342 2656 occultoS.,
1383 2581 1664 2662 quamdiu
1684 2582 1757 2641 ab
1781 2586 1903 2665 ipsa
1932 2584 2200 2643 societate

88 2684 188 2732 aut
226 2675 391 2752 ejecti
425 2697 545 2734 non
582 2676 700 2734 sint
735 2687 837 2734 aut
872 2676 1142 2758 separati.

910 2852 1396 2896 DIFFICULTATES.

167 2987 263 3048 73.
307 2987 441 3068 Obj.
484 2990 694 3071 prima.
753 2992 813 3049 1ο
850 2990 1095 3051 Ecclesia
1144 3012 1242 3051 seu
1286 2991 1524 3051 societas
1570 3013 1602 3051 a
1651 2990 1878 3051 Christo
1927 2992 2195 3052 instituta

88 3079 261 3142 debet
290 3105 411 3143 esse
450 3096 646 3145 sancta
669 3131 684 3160 ,
725 3086 811 3145 uti
848 3086 1023 3145 etiam
1058 3088 1403 3168 profitemur
1439 3087 1503 3146 in
1537 3085 1801 3168 symbolo
1837 3087 2148 3169 apostolico
2178 3114 2194 3164 ς

90 3175 217 3235 talis
250 3199 423 3259 porro
449 3201 570 3238 non
601 3192 752 3240 esset
772 3225 788 3255 ,
822 3180 942 3239 imo
979 3181 1170 3262 potius
1202 3193 1353 3241 esset
1383 3203 1656 3265 perversa
1687 3193 1747 3241 et
1784 3181 2061 3242 scelerata
2085 3229 2101 3259 ,
2151 3185 2199 3242 si

92 3282 296 3348 praeter
317 3277 533 3351 justos„
577 3287 940 3358 peccatores7
977 3276 1359 3353 facinorosos.)
1403 3289 1462 3337 et
1506 3277 1771 3337 infideles
1813 3289 2095 3361 praeterea
2138 3289 2196 3338 et

93 3362 386 3427 haereticos
416 3370 665 3430 occultos
700 3371 761 3430 in
793 3372 925 3430 sinu
949 3392 1052 3430 suo
1086 3371 1602 3454 complecteretur3
1642 3373 1713 3431 20
1744 3372 2007 3454 Christus
2044 3385 2196 3433 esset

91 3457 349 3538 ipsorum
376 3476 582 3546 caput,
619 3487 684 3525 ac
722 3488 966 3547 regnum
1009 3465 1218 3526 Christi
1257 3469 1706 3527 constitueretur
1738 3491 1948 3549 magna
1986 3467 2195 3526 saltem

92 3573 161 3611 ex
196 3567 360 3634 parte
397 3579 466 3618 ex
503 3561 716 3622 diaboli
754 3584 968 3645 regim,
1009 3585 1138 3645 quae
1178 3563 1414 3645 quidem
1460 3574 1853 3646 praeterquam
1898 3563 2057 3648 quod
2083 3561 2192 3621 ab·

159 3743 228 3805 (1)
262 3763 312 3792 n.
352 3760 433 3791 22.
