2514 4218
195 216 312 276 172

806 242 1002 279 ΤΒΔΟΤ-
1051 240 1120 276 DE
1163 238 1316 278 Locis
1358 241 1741 284 THEOLOGIGIS.

194 381 341 442 Cum
362 379 519 440 falsae
547 404 721 464 porro
746 383 865 442 sint
886 380 1203 442 adversarii
1225 380 1572 461 praemissae,
1595 397 1759 466 patet
1778 433 1794 462 a
1826 406 2171 450 evanescere
2195 389 2316 464 ejus

192 475 623 537 conclusionem
643 523 659 552 ,
706 478 849 559 quin
885 475 1104 534 diutius
1129 475 1192 534 in
1219 474 1377 536 hisce
1403 476 1808 541 immoremur.

273 572 417 633 272.
469 572 558 633 Ad
577 574 683 649 6ουθ
711 575 870 632 Dist.
902 570 1178 630 Miracula
1195 571 1315 631 sola
1335 617 1351 647 ,
1382 584 1603 642 travam
1632 572 1927 655 miracula,
1952 600 2079 661 quae
2108 579 2172 637 in
2196 590 2319 638 tes-
2367 584 2369 586 ’

192 667 511 737 timonium
533 666 853 727 sanctitatis
884 677 1196 748 patrantur
1217 713 1233 743 ,
1259 690 1387 749 neq.
1414 670 1450 728 J
1454 690 1549 728 am
1574 690 1715 756 vero
1739 670 2101 734 Christianus
2123 676 2319 756 Lupus

193 763 280 823 nil
308 764 466 823 aliud
490 763 811 843 significare
848 762 1141 840 intendit,
1189 785 1369 846 quam
1403 763 1562 847 quod
1594 765 1658 824 in
1694 767 1862 849 praxi
1887 767 1956 826 fit
1990 768 2054 826 in
2078 768 2322 829 Ecclesia

194 880 475 933 romana3
512 858 731 941 quippe
770 879 897 941 quae
935 881 1058 920 non
1099 871 1374 922 movetur
1399 861 1476 921 ad
1511 861 1914 923 decernendos
1942 862 2110 923 alicui
2134 885 2323 925 sacros

193 955 477 1028 honores⁷
508 954 651 1036 quin
674 954 837 1037 prius
867 977 974 1038 per
999 955 1414 1037 rigidissimum
1447 979 1696 1018 examen
1728 970 1856 1018 tum
1887 959 1964 1019 de
2000 958 2324 1019 orthodoxa

195 1055 315 1128 ejus
335 1048 598 1110 doctrina
616 1096 634 1127 .,
656 1061 786 1111 tum
813 1052 887 1112 de
917 1051 1137 1114 virtute
1163 1052 1227 1111 in
1245 1052 1431 1135 gradu
1458 1054 1745 1114 eminenti
1773 1053 1951 1139 plane
1973 1055 2322 1117 constiterit.

193 1145 415 1228 Siquid
436 1156 747 1230 propterea
772 1149 1166 1222 obstativum,
1189 1160 1257 1208 ut
1281 1160 1493 1210 vocant
1513 1194 1530 1224 ‚
1554 1150 1616 1208 in
1640 1149 1921 1211 doctrinae
1946 1172 2015 1211 ac
2041 1151 2328 1214 virtutum

191 1264 467 1326 processu
496 1265 623 1305 sese
651 1244 860 1305 offerat
883 1290 901 1321 7
938 1244 1186 1306 ulterius
1219 1246 1585 1327 congregatio
1616 1268 1733 1306 sac.
1778 1248 2001 1306 rituum
2041 1269 2165 1307 non
2191 1269 2326 1330 pro·

193 1337 494 1419 greditur,
535 1360 916 1423 quascumque
953 1340 1196 1400 demum
1233 1341 1649 1402 miraculorum
1692 1342 2094 1424 percrebuerit
2132 1342 2328 1420 (fama,

192 1446 372 1517 prout
411 1457 535 1495 non
581 1435 772 1496 solum
805 1437 870 1496 in
915 1436 1168 1498 Roberto
1207 1437 1552 1499 Licolniensi
1575 1485 1591 1515 .,
1627 1438 1734 1500 sed
1779 1440 1842 1498 in
1890 1437 2159 1521 pluribus
2197 1437 2328 1498 aliis

194 1532 470 1593 usuvenit
498 1532 608 1612 (1).

278 1628 420 1688 273.
465 1627 557 1694 Ad
580 1629 700 1707 7¹1¹,
741 1629 895 1711 Ney.
926 1632 1058 1690 Non
1081 1629 1272 1690 solum
1308 1632 1470 1692 enim
1501 1632 1567 1690 in
1593 1631 1723 1693 loco
1753 1630 1828 1691 ab
1862 1630 2192 1693 adversario
2222 1630 2332 1691 ob-

189 1728 347 1803 jecto
389 1723 596 1785 Baillet
631 1724 717 1784 nil
751 1726 1038 1805 ejusmodi
1070 1727 1246 1803 dicit,
1285 1748 1494 1789 verum
1531 1727 1710 1788 etiam
1749 1727 2108 1788 contrarium
2157 1727 2332 1810 plane

198 1818 400 1878 scribit
427 1820 534 1901 (2).
1543 1830 1573 1835 ”

279 1916 426 1976 274.
474 1917 564 1979 Ad
589 1918 677 1979 8¹¹¹
697 1965 713 1995 .,
741 1919 897 1981 Disc.
940 1921 1178 1983 Fatetur
1198 1920 1532 1999 Salmeron,
1560 1922 1701 1982 falsa
1728 1921 2004 1982 miracula
2038 1941 2207 2003 posse
2232 1942 2333 2001 pa-

199 2013 342 2072 trari
363 2014 426 2072 in
449 2015 592 2074 falsa
615 2015 891 2094 Ecclesia,
915 2038 1110 2087 conc.‚·
1135 2039 1272 2080 vera
1293 2065 1309 2095 .‚
1334 2040 1465 2100 neq.
1495 2020 1647 2079 Nam
1669 2016 1779 2078 hoc
1801 2028 2137 2078 constanter
2160 2015 2336 2076 dene·

199 2118 298 2187 gat
334 2109 639 2170 Salmeron
669 2111 787 2193 (3),
820 2134 885 2172 ac
910 2135 1018 2196 pro
1044 2124 1203 2174 certo
1243 2114 1485 2174 assumit
1510 2159 1527 2190 ‚
1556 2115 1793 2174 nonnisi
1830 2115 1894 2172 in
1916 2133 2054 2173 vera
2085 2109 2335 2171 Ecclesia

200 2224 339 2264 vera
365 2203 462 2265 edi
495 2206 772 2267 miracula
806 2230 976 2291 posse
1012 2209 1135 2291 (4)3
1181 2231 1362 2293 eaque
1388 2210 1804 2271 commendare
1835 2208 2207 2269 sanctitatem
2234 2228 2336 2268 eo-

272 2384 341 2450 (l)
378 2386 501 2436 Sane
523 2386 814 2437 Christianus
828 2388 1115 2455 LupuS,·loc.
1135 2391 1218 2440 cit.

200 2476 362 2532 praeter
409 2469 677 2536 exemplum
718 2470 908 2520 Roberti
958 2471 1106 2538 plura
1130 2473 1221 2522 alia

200 2550 424 2612 adducit,
450 2569 554 2618 quae
592 2554 713 2602 nihil
750 2554 928 2603 habent
971 2573 1221 2605 commune

199 2649 311 2681 cum
345 2636 631 2699 oppositione
662 2635 720 2684 ad
741 2636 891 2686 Rom.
933 2637 1182 2686 Pontifices
1204 2674 1218 2695 ‚

202 2730 306 2781 quae
323 2725 483 2765 tamen
497 2716 784 2766 adversarius
799 2718 1060 2766 dissimulat
1079 2754 1094 2776 ‚
1111 2720 1221 2784 quia

202 2816 299 2847 non
319 2799 621 2848 conferebant
648 2798 707 2848 ad
738 2816 931 2864 scopum
960 2817 1116 2848 suum.

275 2882 343 2947 (2)
372 2883 477 2950 Agit
511 2885 639 2932 enim
683 2885 735 2932 in
774 2883 961 2951 objecto
1010 2884 1112 2933 loco
1163 2883 1222 2934 de

204 2963 412 3029 Sanctis,
436 2969 517 3033 qui
548 2966 783 3015 schismati
813 2966 1037 3015 materiali
1076 2967 1225 3015 adhae-

206 3060 381 3100 serunt.
411 3051 589 3101 Verum
633 3052 752 3101 illud
781 3052 924 3117 magis
961 3052 1120 3098 mirari
1147 3068 1224 3099 su-

207 3131 307 3182 best
326 3169 339 3193 ,
369 3135 495 3200 quod
512 3135 708 3196 palmer,
732 3152 839 3201 pag.
867 3130 960 3196 143
980 3171 993 3192 ‚
1019 3144 1117 3181 not.
1136 3134 1220 3197 (1),

207 3215 407 3264 adducat
442 3221 767 3268 auctoritatem
794 3216 961 3266 Baillet
998 3234 1053 3265 ex
1092 3219 1225 3265 testi·

208 3300 369 3347 monio
416 3298 522 3347 Van
569 3300 756 3366 Espenii
790 3302 841 3348 in
886 3296 1010 3348 Jure
1043 3314 1221 3348 canon.

207 3391 328 3446 part.
362 3397 405 3443 t,
430 3384 503 3430 tit.
531 3399 621 3430 xxu
644 3421 656 3444 ‚
686 3401 791 3450 cap.
818 3399 884 3449 7,
915 3391 1028 3432 sect.
1063 3397 1129 3447 713
1159 3391 1226 3431 at-

210 3475 368 3513 tamen
408 3482 506 3513 non
546 3466 695 3514 sotum
755 3469 806 3514 in
857 3467 940 3515 cit.
986 3474 1097 3513 sect.
1145 3464 1224 3513 sed

212 3565 365 3614 neque
392 3549 443 3596 in
471 3556 566 3596 toto
594 3551 741 3613 capite
766 3548 911 3597 ullam
946 3546 1052 3596 Van
1072 3544 1229 3612 Espen

212 3632 501 3679 mentionem
525 3630 635 3679 facit
650 3630 827 3679 Bailleti
845 3667 861 3692 ‚
885 3630 1045 3680 saltem
1071 3630 1120 3678 in
1137 3628 1233 3678 edi-

213 3715 339 3763 tione
360 3751 372 3773 ,
390 3733 481 3781 qua
497 3723 631 3778 utor,
655 3729 761 3780 quae
794 3724 860 3762 est
887 3713 1062 3763 Lovan.
1087 3728 1233 3779 1700.

225 3798 373 3848 Multo
389 3817 494 3849 vero
510 3801 664 3849 minus
679 3796 796 3848 ibid.
814 3800 1126 3863 reperiuntur,
1139 3813 1240 3864 quae

1309 2389 1492 2440 Palmer
1522 2390 1741 2439 adscribit
1765 2388 1978 2439 Bailleto.

1374 2471 1450 2536 (3)
1486 2473 1583 2521 cfr.
1614 2476 1714 2540 ejus
1753 2473 2021 2521 Comment.
2055 2471 2113 2518 in
2135 2485 2337 2533 evanqe-

1309 2554 1455 2603 licam
1493 2555 1604 2603 hist.
1631 2555 1804 2603 Colon.
1834 2553 2022 2618 Agripp.
2054 2569 2134 2600 an.
2173 2546 2295 2597 1602
2321 2586 2335 2609 ,

1310 2642 1428 2685 tom.
1466 2653 1533 2695 iv,
1570 2655 1671 2701 par.
1701 2653 1735 2683 ιι
1755 2673 1768 2695 ,
1808 2645 1944 2683 tract.
1985 2650 2014 2681 2
2034 2670 2047 2694 ‚
2071 2651 2179 2698 pag.
2206 2629 2302 2679 262
2322 2667 2339 2693 ,

1311 2719 1402 2767 col.
1434 2734 1485 2779 2,
1514 2719 1597 2766 ubi
1636 2734 1773 2783 agens
1806 2717 1863 2786 de
1879 2715 2103 2766 haereticis
2121 2753 2134 2776 ‚
2160 2717 2242 2781 qui
2264 2732 2338 2764 re-

1310 2801 1421 2849 licto
1462 2816 1571 2850 vero
1601 2800 1783 2849 Christo
1812 2817 1990 2848 novum
2021 2798 2110 2847 sibi
2143 2797 2338 2846 effinxe-

1312 2893 1421 2931 runt
1438 2918 1456 2945 ‚
1488 2882 1648 2932 subdit
1678 2900 1691 2931 2
1722 2882 1857 2932 Nam
1886 2884 1975 2931 iste
1998 2898 2164 2931 eorum
2185 2886 2337 2928 novus

1317 2964 1540 3013 Christus
1592 2966 1722 3012 sicut
1775 2963 1970 3013 nullum
2011 2962 2339 3012 testimonium

1313 3047 1454 3096 habet
1494 3064 1525 3095 a
1577 3047 1794 3096 doctrina
1829 3046 2115 3114 prophetica
2144 3052 2192 3092 et
2226 3059 2341 3109 apo-

1311 3130 1477 3180 stolica
1501 3130 1642 3196 (nam
1670 3129 1746 3179 illi
1772 3139 1998 3196 repugnat
2035 3138 2079 3177 et
2100 3127 2336 3176 contradi-

1313 3218 1402 3280 cit)
1423 3252 1437 3276 ,
1466 3215 1656 3264 nullum
1683 3212 1976 3262 miraculum
2006 3213 2168 3277 potuit
2201 3209 2338 3277 apud

1319 3317 1396 3349 eos
1426 3299 1581 3349 edere.

1381 3383 1681 3449 (4)Tom.1x,
1697 3390 1759 3431 tr.
1772 3380 1856 3441 51,
1871 3397 1974 3445 pag.
1993 3376 2113 3443 406,
2128 3378 2292 3428 scribit
2314 3416 2327 3439 ‚

1316 3462 1540 3516 miracula
1558 3503 1571 3526 ‚
1599 3465 1658 3514 de
1681 3465 1854 3532 quibus
1873 3464 2080 3530 loquitur
2095 3462 2307 3511 Christus
2324 3498 2337 3520 ‚

1320 3549 1489 3599 Matth.
1522 3564 1630 3598 xxiv
1649 3585 1665 3611 ,
1687 3558 1733 3596 et
1751 3546 1995 3611 Apostolus
2014 3563 2044 3594 u
2059 3546 2225 3595 Thess.
2267 3560 2305 3592 ιτ
2325 3580 2340 3602 ,

1326 3629 1560 3697 forefalsa
1581 3628 1826 3678 miracula
1855 3667 1868 3690 ‚
1892 3629 2071 3699 edenda
2091 3643 2258 3692 nempe
2285 3623 2344 3674 ab

1328 3714 1610 3763 Antichristo
1667 3715 1859 3780 ejusque
1912 3701 2108 3760 asseclis.
2168 3707 2347 3774 Quippe

1333 3812 1498 3846 verum
1524 3797 1722 3861 siqnum
1749 3812 1779 3844 a
1798 3793 1891 3844 solo
1919 3793 2026 3845 Deo
2045 3792 2159 3858 fieri
2176 3797 2345 3857 potest.
