2514 4218
314 148 474 187 PART.
526 150 567 187 1.
615 147 765 185 SBGT.
809 149 869 185 11.
914 146 1037 187 CAP.
1085 148 1174 186 111.
1224 148 1291 184 DE
1335 148 1465 184 NAT.
1516 148 1582 183 ΕΤ
1627 146 1753 183 JUR.
1802 145 1958 182 mum.
2059 125 2176 184 447

73 309 197 370 quae
253 288 507 370 aliquam
573 284 841 347 obtineat
898 286 1298 349 auctoritatem
1329 332 1346 361 .,
1407 307 1538 366 neq.
1612 285 1840 345 Etenim
1901 284 1977 345 ad
2020 307 2172 346 rom.

70 384 378 444 Pontifices
428 379 584 463 quod
623 392 846 462 spectat
869 427 886 457 ,
944 382 1081 440 satis
1128 381 1224 440 hic
1269 381 1344 440 sit
1387 379 1562 442 verba
1608 379 1921 457 adducere,
1965 381 2178 463 quibus

72 481 205 540 Pius
245 482 354 553 Vl,
399 479 461 537 in
499 478 729 536 constit.
784 479 1107 538 Auctorem
1148 478 1296 556 fidei
1320 520 1344 550 ,
1388 476 1677 558 synodum
1728 476 2171 554 Pistoriensem,

71 595 198 657 quae
255 573 420 633 illam
467 574 917 636 declarationem
953 571 1373 653 adoptaverat,
1421 571 1762 653 perstrinxit
1801 593 1816 629 τ
1871 572 2178 651 Quamob-

70 690 198 727 rem
242 691 372 748 quoe
411 681 550 731 acta
584 678 901 731 conventus
935 667 1282 736 Gallicani,
1319 688 1457 726 moa·
1487 679 1561 726 ut
1584 668 1974 747 prodierunt,
2002 689 2173 747 proe-

73 763 332 823 decessor
387 776 584 825 noster
636 786 766 824 ven.
820 762 1207 823 Innocentius
1258 761 1361 820 XI
1400 783 1519 842 per
1574 764 1804 822 litteras
1857 769 1924 821 in
1969 766 2179 843 fbrma

73 859 265 917 brevis
324 860 421 918 die
490 859 573 920 II
627 860 864 939 Aprilis
923 857 1083 915 anni
1127 854 1285 915 1682
1313 899 1338 928 ,
1384 868 1520 936 post
1574 867 1776 916 autem
1847 862 2185 937 expressius

74 954 420 1013 Alexander
483 954 655 1015 VIII
666 997 683 1028 ‚
736 954 960 1012 constit.
1014 951 1188 1008 INTER
1223 972 1588 1010 MULTIPLICES
1611 996 1628 1028 ‚
1682 953 1778 1010 die
1823 951 1862 1010 4
1915 954 2187 1034 Auqusti

73 1070 182 1107 an.
217 1047 373 1108 1690
399 1093 415 1122 ,
446 1070 564 1128 pro
599 1048 904 1128 apostolici
943 1049 1050 1105 sui
1098 1051 1371 1105 muneris
1423 1050 1656 1106 ratione
1698 1049 2134 1126 improbarunt
2163 1095 2181 1123 .,

74 1144 476 1217 resciderunt,
522 1144 704 1202 nullav
729 1151 784 1200 et
822 1143 1007 1198 irrita
1053 1141 1449 1200 declararunt
1471 1186 1486 1216 .,
1527 1142 1713 1200 multo
1740 1145 1969 1221 fortius
2002 1146 2188 1224 eoeiqit

71 1261 110 1297 a
146 1239 318 1297 nobis
335 1239 661 1318 pastoralis
682 1235 1014 1295 sollicitudo
1047 1245 1334 1302 recentem
1361 1235 1579 1295 horum
1601 1240 1834 1314 factam
1875 1240 1944 1296 in
1966 1239 2186 1317 synodo

71 1344 151 1393 tot
182 1337 343 1392 vitiis
379 1334 644 1414 affectam
682 1330 1055 1409 adoptionem
1095 1331 1255 1387 velut
1275 1334 1665 1389 temerariam
1681 1374 1705 1402 ,
1735 1333 2183 1410 scandalosam,

70 1450 144 1487 ac
166 1429 500 1506 proesertim
516 1436 651 1505 post
675 1426 1179 1505 praedecessorum
1217 1436 1559 1484 nostrorum
1586 1426 1818 1484 decreta
1857 1428 2003 1487 huic
2030 1450 2186 1508 apo-

69 1525 282 1583 stolicae
306 1523 447 1581 Sedi
463 1542 831 1601 summopere
849 1522 1212 1598 injuriosam
1228 1521 1547 1600 reprobare
1569 1541 1642 1579 ac
1661 1521 1983 1596 damnare,
2002 1533 2192 1602 prout

69 1639 198 1676 eam
229 1619 519 1697 proesenti
549 1616 661 1675 bac
700 1626 904 1674 nostra
949 1618 1360 1675 constitutione
1395 1616 1787 1694 reprobamus
1834 1626 1890 1674 et
1921 1617 2187 1677 damna-

71 1734 242 1783 mus,
275 1733 347 1771 ac
365 1732 482 1792 pro
520 1712 838 1791 reprobata
877 1722 932 1768 et
957 1697 1254 1768 damnata
1294 1711 1510 1768 haberi
1529 1712 1823 1769 volumus.
1856 1710 2026 1784 Quod
2047 1733 2186 1773 vero

70 1807 280 1867 attinet
323 1806 399 1866 ad
428 1817 687 1866 auctores
725 1804 1128 1864 declarationis
1149 1851 1166 1880 .‚
1195 1806 1259 1863 in
1283 1805 1454 1887 epist.
1491 1804 1626 1864 data
1657 1827 1756 1870 an.
1791 1806 1945 1865 1693
1979 1806 2053 1866 ad
2085 1809 2188 1867 In-

72 1903 406 1962 nocentium
443 1901 592 1960 XII:
626 1902 990 1981 Profitemur
1013 1945 1030 1975 .,
1074 1899 1374 1975 scribunt,
1420 1911 1476 1958 et
1518 1901 1897 1961 declaramus
1935 1923 2042 1962 nos
2096 1924 2186 1963 ve-

72 1997 370 2056 hementer
401 1997 640 2075 quidem
665 2039 687 2067 ,
720 2007 776 2055 et
806 2017 997 2076 supra
1029 1997 1100 2054 id
1138 1997 1302 2075 quod
1327 1996 1456 2054 dici
1473 2006 1695 2075 potest,
1730 2017 1802 2055 ea·
1837 2001 2044 2057 animo
2079 1999 2187 2057 do-

72 2093 187 2150 lere
239 2092 308 2149 de
366 2091 543 2150 rebus
582 2095 761 2171 yos-tis
813 2095 882 2149 in
934 2094 1192 2151 comitiis
1235 2092 1553 2170 praedictis
1593 2137 1608 2158 ,
1670 2112 1802 2171 quoe
1862 2094 2191 2154 Sanctitati

71 2198 273 2247 vestroe
332 2198 390 2245 et
439 2178 565 2247 suis
599 2188 1123 2266 proedecessoribus
1170 2188 1592 2266 displicuerint
1653 2209 2070 2268 summopere‚·
2114 2211 2191 2249 ac

64 2283 327 2361 proinde
363 2283 665 2361 quidquid
701 2285 771 2341 in
795 2285 946 2362 ipsis
979 2286 1239 2341 comitiis
1265 2285 1431 2341 circa
1455 2283 1908 2342 ecclesiasticam
1927 2295 2186 2363 potesta-

75 2386 185 2436 tem
203 2423 220 2446 ‚
253 2387 308 2435 et
332 2376 707 2456 pontificiam
749 2381 1163 2436 auctoritatem
1199 2378 1501 2436 decretum
1543 2382 1774 2436 censeri
1790 2382 2026 2458 potuit,
2065 2401 2185 2459 pro

75 2493 196 2530 non
233 2474 454 2530 decreto
487 2472 773 2531 habemus
828 2483 883 2531 et
914 2473 1259 2531 babendum
1297 2493 1411 2531 esse
1446 2473 1825 2548 declaramus
1851 2471 1959 2552 (1).
1991 2472 2187 2533 Ludo-

76 2567 234 2625 vicus
272 2568 396 2625 XIV
424 2566 643 2648 pariter
665 2567 1002 2628 retractavit
1037 2566 1294 2626 edictum
1317 2609 1339 2637 ,
1367 2587 1483 2650 quo
1511 2565 1962 2631 declarationem
1990 2568 2052 2626 in
2073 2590 2187 2650 pu-

77 2660 240 2720 blicis
274 2661 484 2721 scholis
512 2673 572 2724 et
595 2662 899 2722 academiis
927 2661 1079 2722 tradi
1109 2672 1463 2743 praeceperat
1486 2661 1601 2742 (2).
1653 2665 1905 2722 Demum
1931 2662 2026 2722 vel
2060 2665 2187 2745 ipse

76 2758 379 2817 Bossuetus
416 2780 539 2817 non
582 2759 704 2818 sine
740 2757 1036 2817 stomacho
1063 2779 1077 2816 ε
1110 2758 1307 2816 Abeat
1334 2778 1466 2837 erqo
1487 2802 1505 2832 ‚
1545 2756 1881 2838 inquiebat,
1910 2759 2186 2818 declara-

76 2856 195 2927 tio,
238 2874 354 2932 quo
389 2856 637 2913 libuerit
667 2853 777 2933 (3).
817 2855 1094 2927 Quaenam
1143 2852 1318 2934 igitur
1361 2863 1624 2933 superest
1675 2851 2049 2912 declarationi
2101 2852 2186 2913 illi

81 2948 426 3025 auctoritaS,
462 2960 528 3008 ut
556 2953 689 3028 jure
714 2947 883 3026 objici
916 2947 1144 3030 possit?

159 3043 295 3103 649.
345 3044 475 3123 Obj.
511 3055 739 3127 quarta.
781 3054 838 3103 1⁰
874 3044 1019 3104 Vel
1003 3066 1127 3127 ipsa
1170 3044 1317 3104 ratio
1346 3012 1405 3103 et
1433 3064 1633 3103 sensus
1665 3052 1890 3105 naturae
1918 3065 2185 3105 commu-

150 3284 216 3348 (1)
254 3285 351 3334 cfr.
373 3289 493 3352 apud
529 3276 680 3338 Card.⁸
705 3288 820 3337 Litta
843 3325 856 3348 ‚
897 3305 975 3352 op.
1003 3286 1088 3336 cit.
1172 3303 1279 3353 pag.
1301 3285 1434 3355 6373
1463 3287 1703 3347 zaccaria,
1740 3291 1791 3336 in
1818 3287 2185 3354 Antisebbronio

82 3364 294 3422 Lettere,
323 3377 410 3416 etc.
449 3369 545 3418 lett.
586 3368 650 3432 4,
679 3386 784 3435 pag.
818 3367 882 3432 24
909 3378 954 3417 ct
989 3385 1087 3434 seq.
1171 3379 1339 3418 tom.11
1357 3405 1370 3427 ‚
1400 3370 1511 3417 diss.
1540 3384 1596 3426 2,
1618 3385 1719 3434 cap.
1744 3386 1823 3430 10,
1841 3389 1892 3420 n.
1917 3370 2012 3421 8et
2027 3387 2183 3437 seqq.;

151 3449 218 3513 (2)
258 3448 379 3498 lbid.
411 3468 519 3515 pag.
549 3467 634 3502 αι.
1173 3467 1258 3500 nec
1285 3468 1379 3499 non
1406 3450 1476 3499 De
1502 3449 1714 3512 Maistrc,
1742 3448 1813 3500 Dc
1831 3450 2036 3517 I’quise
2063 3450 2185 3501 Gal-

150 3530 219 3594 (3)
260 3530 379 3581 lbid.
413 3549 458 3597 p.
493 3547 591 3596 223
621 3532 704 3581 cfr.
736 3534 795 3584 dc
813 3534 903 3582 hac
918 3531 1094 3585 Decla-
1172 3530 1362 3593 licane,
1390 3531 1478 3581 lib.
1511 3548 1578 3592 11,
1608 3532 1688 3582 ch.
1720 3533 1822 3603 δεῖ
1845 3536 1960 3582 suiv.

83 3613 266 3661 ratione
299 3611 352 3661 P.
390 3612 580 3662 Bianchi
602 3650 618 3674 ,
649 3630 758 3679 opp.
781 3616 859 3667 cit.
883 3624 997 3663 tom.
1023 3630 1055 3662 u
1075 3650 1090 3673 ‚
