2514 4218
267 164 386 221 '296
883 174 1077 214 rimor.
1128 175 1195 210 na
1241 174 1389 212 Locxs
1434 177 1809 216 rnEoLoeicis.

273 325 459 386 menti
481 320 912 405 praestantiam,
937 319 1061 377 sive
1088 314 1164 374 ob
1179 315 1790 400 adversariorum,qui
1813 320 1963 380 illud
1990 325 2403 406 quoquomodo

270 420 521 504 aggressi
548 429 709 492 sunt,
738 411 1198 474 multitudinem.
1219 413 1367 470 Cum
1392 412 1553 470 enim
1583 412 1773 491 agitur
1791 415 1864 476 de
1889 418 2146 479 Ecclesiae
2176 421 2364 502 capite
2385 466 2401 492 .,

272 522 461 601 agitur
505 517 578 576 de
626 532 856 574 summa
898 510 1019 583 rei,
1058 528 1093 568 a
1133 531 1246 591 qua
1291 509 1472 591 ipsius
1511 508 1773 569 Ecclesiae
1811 514 2120 576 existentia
2159 530 2217 577 et
2251 504 2404 576 salus

272 615 518 676 omnino
547 608 768 693 pendet
802 603 915 685 (l).
954 604 1286 665 Adversarii
1322 616 1543 680 autem,
1590 608 1694 687 qui
1727 606 2404 692 ipsumimpugnarunt„

273 724 414 774 sunt
445 704 747 768 acatholici
770 724 974 762 omnes
997 715 1022 777 ,'
1047 704 1146 785 qui
1181 704 1331 762 vires
1357 724 1563 762 omnes
1591 724 1723 762 suas
1751 703 1827 762 ad
1862 703 2013 763 illud
2039 706 2407 770 labefactan-

273 809 415 868 dum
448 802 611 862 nullo
650 822 773 858 non
812 810 1079 880 tempore
1112 810 1521 859 exercuerunt.

354 901 495 960 445.
548 899 942 977 Quaecumque
980 894 1053 954 de
1087 894 1196 954 hoc
1222 897 1411 975 capite
1448 895 1659 954 dicturi
1692 918 1924 973 sumus,
1965 900 2222 960 revocari
2246 900 2410 963 facile

270 1005 518 1080 possunt
543 994 617 1052 ad
654 994 976 1077 primatum
999 1037 1015 1056 ,
1051 1013 1230 1073 quem
1260 992 1522 1051 Christus
1542 1036 1560 1067 .‚
1589 992 1858 1052 Ecclesiae
1895 995 2196 1054 institutor
2220 1008 2280 1055 et
2305 1019 2411 1056 au·-

273 1106 401 1154 ctor
422 1138 438 1166 a
470 1089 719 1150 contulit
741 1110 918 1170 super
943 1087 1096 1146 hanc
1121 1087 1433 1146 Ecclesiam
1452 1111 1620 1147 suam
1642 1092 1812 1148 Petro
1841 1114 1857 1162 ς
1886 1090 1960 1149 ad
1989 1093 2411 1153 successionem

275 1193 337 1248 in
384 1188 495 1246 hoc
531 1187 829 1268 primatu3
872 1184 946 1243 ad
980 1183 1151 1261 hujus
1192 1184 1482 1265 primatus
1518 1196 1824 1259 naturam3
1874 1184 1949 1245 ad
1989 1186 2117 1245 illas
2157 1187 2414 1270 denique

276 1286 443 1346 dotes
463 1300 528 1342 ac
557 1280 991 1365 praerogativas7
1017 1279 1228 1360 quibus
1257 1301 1395 1339 eum
1419 1279 1685 1339 Christus
1707 1282 2061 1342 instructum
2085 1303 2151 1342 ac
2172 1284 2418 1364 insigni·—

275 1396 406 1441 tum
457 1379 662 1440 voluit.
706 1381 790 1436 De
826 1376 918 1436 his
959 1387 1270 1458 propterea
1318 1375 1686 1458 singillatim,
1728 1399 1795 1439 ‚ea
1843 1400 1957 1459 qua
1991 1400 2098 1461 per
2145 1401 2251 1439 nos
2292 1380 2419 1440 fieri
2467 1415 2469 1419 Δ

276 1479 496 1562 poterit
526 1476 825 1555 diligentia
848 1518 864 1544 ,
904 1473 1391 1555 pertractandum
1419 1476 1531 1533 erit
1556 1520 1571 1549 .,
1597 1497 1720 1534 non
1750 1476 1927 1534 modo
1955 1489 2157 1536 contra
2188 1478 2418 1537 acatho-

275 1575 417 1633 licos
438 1619 454 1648 7
484 1594 691 1632 verum
718 1571 897 1630 etiam
921 1570 1200 1630 adversus
1227 1569 1537 1630 catholicos
1560 1593 1682 1629 non
1700 1593 1914 1653 paucos
1934 1615 1952 1645 ,
1989 1574 2113 1654 qui,
2150 1574 2417 1656 quamvis

276 1673 602 1753 primatum
635 1667 836 1728 divino
871 1671 1004 1744 jure
1049 1665 1370 1726 admittant
1409 1668 1471 1726 in
1508 1667 1790 1745 Ecclesia,
1832 1668 2014 1749 ipsius
2054 1681 2257 1729 tamen
2299 1671 2419 1731 vim

278 1778 599 1826 extenuare
622 1809 639 1838 ,
687 1763 881 1845 quoad
914 1765 1039 1842 ejus
1079 1763 1203 1822 fieri
1237 1763 1430 1844 potuit
1450 1809 1466 1839 ‚
1508 1774 1846 1847 sategerunt
1871 1809 1887 1839 ‚
1930 1776 1994 1823 ut
2020 1766 2120 1825 vix
2147 1764 2318 1825 illum
2346 1767 2420 1826 ad

279 1883 498 1945 purum
532 1881 755 1920 nomen
793 1881 916 1919 non
954 1858 1306 1939 redegerint.

349 2087 419 2149 (1)
470 2083 719 2133 Verissime
758 2083 900 2134 Card.
943 2082 1258 2133 Bellarminus
1281 2123 1299 2145 ,

281 2171 333 2217 in
356 2168 527 2233 praefat.
546 2172 597 2217 iu
613 2168 759 2217 libros
784 2167 842 2216 de
869 2185 1054 2216 summo
1078 2166 1301 2234 pontifice

281 2269 334 2300 n.
352 2265 382 2297 2
402 2288 415 2311 ‚
435 2254 613 2316 scripsit
642 2270 653 2300 :
683 2250 755 2300 De
785 2267 880 2314 qua
899 2268 947 2297 re
975 2251 1140 2314 aqitur
1158 2287 1170 2310 ‚
1192 2266 1302 2297 cum

283 2334 340 2380 dc
362 2336 587 2398 primatu
622 2334 886 2396 Pontificis
920 2333 1133 2397 aqiturf’
1175 2334 1303 2380 Bre-

283 2417 478 2463 vissime
512 2416 701 2478 dicam,
739 2418 811 2464 De
840 2432 1031 2462 summa
1068 2417 1143 2468 rei
1170 2414 1303 2463 chri-

283 2501 477 2548 stianoe.
509 2498 642 2565 Quod
670 2518 723 2548 ex
772 2499 1105 2548 recentioribus
1136 2502 1308 2565 pariter

283 2584 471 2646 agnovit
497 2591 541 2630 et
557 2583 790 2647 professus
819 2593 886 2630 est
905 2584 1023 2629 inter
1039 2583 1306 2646 anglicanos

286 2663 429 2713 Guill.
462 2664 644 2713 Palmer
675 2662 984 2724 Oxoniensis,
1013 2665 1125 2711 dum
1159 2667 1208 2711 in
1226 2682 1304 2728 op.

288 2749 451 2813 saepius
468 2751 623 2806 citato,
639 2733 757 2813 part.
777 2762 842 2796 vu
857 2783 874 2809 ,
893 2746 974 2794 De
992 2763 1113 2795 rom.
1136 2747 1312 2795 Ponti-

285 2831 403 2894 fice,
434 2849 538 2897 cap,
578 2847 595 2879 1
617 2868 630 2891 ‚
661 2830 755 2879 vol.
789 2848 854 2892 11,
888 2848 993 2895 pag.
1018 2830 1115 2896 477
1140 2866 1154 2890 ,
1190 2848 1309 2878 asse·

289 2930 386 2960 rere
409 2931 504 2961 non
538 2913 716 2963 dubitat
757 2930 772 2962 ε
805 2912 1099 2961 Doctrinam
1129 2912 1186 2961 de
1202 2914 1311 2979 pri-

289 3002 425 3041 matu
455 2993 690 3061 Episcopi
719 2996 916 3043 romani
954 2998 1008 3042 in
1037 2992 1310 3043 Ecclesiam

291 3077 613 3125 universalem
628 3078 874 3126 cardinem
894 3093 1009 3137 esse,
1027 3078 1157 3124 circa
1173 3094 1312 3141 quem

290 3155 489 3222 reliquoe
506 3176 667 3208 omnes
683 3160 942 3209 volvuntur
960 3161 1311 3220 controversiae,

291 3256 400 3304 quoe
431 3242 558 3290 inter
583 3241 857 3293 Ecclesiam
886 3259 1138 3293 romanam
1169 3251 1215 3292 et
1242 3261 1316 3291 ec-

1379 2082 1551 2133 clesias
1589 2091 1767 2132 ceteras
1813 2082 2151 2146 incalescunt,-
2190 2085 2419 2149 quoniam

1381 2169 1429 2215 si
1467 2165 1690 2214 Christus
1742 2163 1993 2215 Dominus
2032 2168 2305 2233 primatum
2361 2183 2420 2214 ea·

1384 2249 1535 2314 officio
1596 2251 1854 2316 proprium
1911 2249 2122 2316 alicujus
2186 2248 2423 2316 Episcopi

1384 2332 1604 2378 instituit
1632 2332 1687 2378 in
1729 2330 1958 2379 Ecclesia
2007 2329 2278 2393 catholica,
2330 2332 2420 2399 qui

1386 2429 1575 2480 semper
1581 2413 1853 2479 perdurare
1881 2414 2078 2473 debeat,
2102 2423 2148 2462 et
2163 2414 2294 2461 hunc
2310 2415 2421 2479 pri-

1389 2505 1577 2545 matum
1616 2497 1976 2547 haereditaverit
2018 2495 2294 2562 Episcopus
2343 2512 2421 2544 ro—

1390 2595 1570 2627 manus
1589 2617 1603 2641 ‚
1642 2579 1775 2629 illico
1807 2581 2118 2644 consequitur
2148 2577 2423 2628 Ecclesiam

1390 2662 1673 2710 catholicam
1708 2665 1950 2711 coarctari
1979 2662 2043 2710 ad
2069 2662 2218 2710 solam
2252 2661 2423 2712 Eccle-

1391 2747 1517 2793 siam
1538 2745 1821 2810 obedientiae
1847 2763 2061 2794 romanoe
2081 2781 2095 2798 .
2121 2754 2165 2792 et
2190 2744 2420 2805 concilia,

1393 2829 1664 2876 doctrinam
1684 2846 1740 2876 ac
1768 2830 2055 2877 traditiones
2084 2828 2221 2876 illius
2246 2827 2298 2875 E
2299 2827 2424 2876 ccle-

1391 2913 1480 2960 siae
1517 2913 1795 2977 obsz'ynatas
1822 2929 1919 2960 esse
1968 2913 2251 2960 auctoritate
2279 2913 2424 2958 totius

1393 2996 1572 3044 mundi
1607 2997 1887 3046 christiani.
1923 2996 1976 3044 Id
2015 2999 2167 3059 ipsum
2199 3005 2323 3059 patet
2365 3012 2422 3043 ex

1395 3081 1597 3128 immani
1624 3081 1835 3128 omnium
1863 3078 2189 3126 haereticorum
2218 3088 2263 3125 et
2281 3077 2425 3125 schis-

1398 3165 1678 3212 maticorum
1719 3161 1875 3209 furore
1929 3159 2150 3208 adversus
2194 3160 2426 3227 ejusmodi

1399 3247 1689 3312 primatum,
1720 3263 1746 3295 a
1783 3259 1877 3312 quo
1906 3246 2091 3293 contriti
2125 3253 2253 3295 sunt.
