2514 4218
2102 170 2225 230 489

349 195 511 232 mar.
560 196 602 233 1.
652 192 802 232 snc'r.
848 192 910 230 11.
960 191 1084 231 cn».
1131 190 1221 227 111.
1272 190 1340 226 nn
1383 187 1513 228 Nar.
1557 174 1631 226 Er
1667 190 1795 227 sun.
1845 189 1999 228 mm.

109 358 176 396 eo
224 335 398 396 etiam
447 335 635 416 capite
680 333 838 414 quod
885 331 959 391 ad
1005 342 1278 390 naturam
1328 329 1614 412 primatus
1652 329 1810 390 haud
1849 330 2221 412 pertineant,

109 431 183 491 ab
221 453 404 514 eoque
435 429 634 489 abesse
673 429 914 488 omnino
937 428 1162 509 possint
1183 426 1294 507 (l).
1325 426 1390 485 3⁰
1417 425 1688 506 Alioquin
1718 436 1972 507 potestas
2001 427 2227 509 prima-

108 527 258 586 tialis
283 572 299 601 ,
338 524 514 584 nullis
558 525 989 605 circumscripta
1010 520 1294 581 limitibus
1319 567 1335 596 2
1355 543 1521 601 agere
1553 533 1750 603 posset
1774 567 1789 595 ,
1827 535 2003 602 prout
2036 521 2230 583 libue-

107 621 218 696 rit,
246 642 310 679 ac
341 621 664 702 EpiscopiS,
695 641 839 701 quos
862 618 1108 701 Spiritus
1127 618 1185 674 S.-
1208 615 1283 674 ad
1314 616 1632 696 regendam
1659 615 1968 676 Ecclesiam
1997 617 2221 698 posuit,

108 714 229 774 sola
268 714 626 796 obsequendi
660 714 857 774 relicta
880 711 1175 794 provincia
1201 756 1215 778 ,
1259 733 1406 770 unus
1436 711 1699 772 Ecclesiae
1728 712 1975 787 primas,
1994 734 2102 794 pro
2128 713 2225 771 in-

111 809 352 869 definita
392 811 732 870 auctoritate
763 831 864 868 sua
886 854 903 884 ,
940 830 1007 867 ea
1039 828 1272 887 quoque
1310 818 1542 865 acturus
1574 818 1762 882 esset,
1798 829 1926 888 quae
1955 829 1989 868 e
2024 828 2232 868 secun·

110 906 283 965 dariis
321 916 551 967 tantum
589 902 932 965 muneribus
979 913 1038 962 et
1071 900 1629 960 considerationibus
1672 901 2010 984 profluunt,
2056 914 2115 963 et
2162 904 2228 962 in

112 999 493 1059 Ecclesiarum
527 1001 903 1083 peculiarium
932 996 1355 1057 detrimentum
1395 995 1752 1056 redundant.
1779 997 1845 1057 4⁰
1870 999 1949 1057 Eo
1981 998 2074 1060 vel
2100 1019 2230 1057 ma-

113 1096 197 1175 gis
239 1095 395 1176 quod
439 1095 723 1155 absonum
768 1094 942 1178 plane
988 1093 1293 1169 videatur,
1332 1115 1455 1151 non
1497 1091 1667 1152 aliter
1711 1093 1831 1152 fere
1880 1104 2235 1176 conceptum

30 1191 33 1194 ’
113 1192 418 1272 potestatis
452 1189 824 1274 primatialis,
851 1189 960 1247 nisi
997 1210 1028 1248 e
1061 1187 1372 1270 complexu
1403 1187 1668 1247 omnium
1699 1189 1942 1248 omnino
1973 1189 2249 1269 jurium„

114 1285 204 1343 uti
244 1285 547 1364 dicuntur,
584 1282 1027 1346 accidentalium
1061 1283 1391 1342 efformare.
1427 1284 1589 1362 Ergo,

199 1379 341 1440 713.
390 1383 584 1464 Resp.·-
605 1379 693 1440 Ad
739 1381 843 1451 1¹¹¹,
893 1381 1053 1439 Dz’st.
1094 1377 1357 1437 Christus
1398 1378 1575 1436 etiam
1612 1379 1908 1460 Episcopis
1943 1379 2235 1438 commisit

86 1476 89 1478 “
119 1475 427 1536 Ecclesiam
451 1480 583 1555 jure
607 1475 899 1534 ordinario
928 1474 1243 1555 regendam
1276 1473 1397 1533 sive
1428 1472 1685 1533 mediate
1715 1474 1836 1533 sive
1859 1474 2231 1544 immediate,

121 1592 312 1642 cona,-
339 1569 702 1646 immediate,
735 1570 831 1632 vel
859 1582 1048 1630 trans.
1065 1569 1159 1629 vel
1173 1570 1346 1628 subd.
1373 1569 1519 1627 Cum
1549 1567 1942 1650 dependentia
1970 1590 2071 1628 seu
2093 1567 2234 1627 sub-

113 1667 366 1744 jectione
407 1666 600 1748 quoad
642 1666 982 1726 exercitium
1017 1687 1050 1723 a
1087 1686 1236 1723 rom.
1266 1663 1577 1734 pontifice,
1608 1685 1764 1722 conc.
1782 1684 1803 1732 ,·
1835 1662 2053 1745 absque
2093 1662 2236 1722 sub-

111 1762 365 1840 jectione
390 1782 454 1820 ac
477 1761 871 1842 dependentia
891 1806 906 1835 7
934 1783 1063 1840 neq.
1097 1759 1373 1833 Quamvis
1403 1780 1606 1818 omnes
1632 1759 2016 1837 conveniant,
2042 1758 2237 1840 quoad

119 1866 468 1938 potestatem
509 1856 782 1931 Ordinis,
826 1877 958 1916 eam
1008 1854 1221 1915 habere
1264 1854 1575 1936 Episcopos
1618 1851 1956 1914 immediate
1999 1877 2030 1913 a
2074 1856 2232 1930 De0‚

123 1974 245 2010 non
270 1974 472 2011 omnes
503 1963 701 2012 tamen
732 1952 860 2034 pari
892 1951 1117 2011 ratione
1142 1950 1408 2010 catholici
1439 1949 1693 2030 theologi
1717 1949 1778 2009 id
1806 1952 2239 2033 ipsumtenent

124 2045 315 2126 quoad
349 2057 699 2127 potestatem
723 2045 1170 2124 jurisdictioniS‚
1208 2068 1384 2128 quam
1410 2068 1530 2104 non
1563 2047 1762 2128 pauci,
1801 2047 1957 2129 iique
1980 2048 2235 2128 insignes

126 2162 197 2199 ex
237 2141 375 2222 ipsis
399 2185 416 2216 7
457 2136 820 2200 contendunt
858 2143 1166 2224 Episcopos
1209 2142 1553 2202 immediate
1597 2165 1628 2201 a
1681 2165 1912 2202 summo
1958 2144 2238 2204 Pontifice

124 2234 387 2297 derivare
431 2237 542 2319 (2).
580 2239 832 2312 Verum,
882 2248 942 2296 et
996 2237 1101 2297 hoc
1158 2238 1407 2312 omisso,
1455 2259 1632 2298 nemo
1676 2249 1764 2298 est
1789 2283 1805 2309 ,
1840 2239 1944 2321 qui
1971 2238 2236 2314 dubitet,

195 2441 256 2506 (1)
292 2440 398 2490 Non
422 2451 577 2491 tamen
599 2460 760 2492 omnes
782 2445 1065 2492 conveniunt
1086 2446 1138 2492 in

127 2527 391 2573 recensione
435 2525 661 2592 ejusmodi
701 2528 877 2592 jurium
924 2527 1142 2574 essentia-

126 2607 246 2654 lium
291 2616 334 2654 et
373 2608 741 2656 accidentalium.
782 2604 901 2656 Satis
939 2610 996 2656 sit
1034 2624 1139 2672 per-

128 2705 309 2736 currere
340 2705 453 2754 opus
482 2689 637 2738 Mauri
666 2690 724 2738 de
761 2689 990 2750 Schenkl,
1023 2689 1136 2737 Ord.

129 2769 244 2818 Ben.
289 2764 630 2819 Institutiones
659 2773 799 2835 juris
833 2771 1141 2820 ecclesiastici

130 2852 431 2908 communis,
463 2854 573 2902 edit.
622 2870 710 2916 10,
754 2854 946 2903 adaucta
982 2873 1007 2903 a
1041 2854 1140 2904 Jos.

132 2930 301 2982 Scheill
322 2969 337 2997 ‚
370 2933 646 2983 Landishuti
677 2937 726 2983 in
761 2935 948 2985 Bavaria
986 2934 1139 2996 1830,

133 3025 249 3080 part.
279 3033 295 3062 1
314 3051 328 3079 ‚
363 3014 400 3061 J
403 3033 459 3063 us
475 3015 843 3064 ecclesiasticum
855 3017 1108 3084 publicum
1126 3056 1139 3079 ‚

138 3106 247 3144 sect.
285 3113 302 3144 1
330 3133 343 3155 ,
384 3115 487 3163 cap.
531 3115 548 3145 1
572 3134 590 3160 ,
627 3097 652 3164 §
682 3097 780 3148 225
812 3109 855 3148 et
892 3117 1023 3166 seqq.
1062 3100 1143 3148 ubi

138 3180 384 3228 constituta
410 3179 704 3229 distinctione
722 3184 843 3230 inter
861 3185 962 3247 jura
992 3198 1145 3230 essen-

138 3259 258 3306 tialia
288 3266 336 3308 et
368 3266 643 3324 accessoria,
675 3265 947 3329 traditisque
976 3265 1143 3328 regulis

138 3340 197 3388 ad
225 3358 275 3389 ea
309 3346 617 3409 secernenda,
653 3349 804 3412 primo
826 3357 1023 3396 recenset
1041 3349 1144 3413 jura

103 3441 105 3443 ·
139 3422 397 3473 essentialia
428 3428 652 3491 generalia
674 3446 718 3478 iv
736 3463 753 3490 ,
788 3430 956 3478 deinde
981 3447 1035 3478 ex
1055 3429 1145 3477 illis

138 3506 326 3554 deducit
340 3508 552 3571 specialia
582 3526 627 3557 ix
649 3547 663 3568 ‚
701 3513 824 3560 inter
840 3528 965 3578 quae,
997 3530 1050 3560 n.
1079 3510 1110 3560 5
1130 3549 1144 3572 ,

130 3589 271 3653 ponit
274 3590 366 3654 jus
390 3589 572 3638 decreta
597 3590 862 3656 doqmatica
885 3584 1144 3644 rnovisoma

137 3669 325 3719 edendi.
358 3670 604 3721 Descendit
646 3684 798 3738 postea
843 3676 900 3723 ad
944 3678 1047 3742 jura
1077 3694 1145 3726 se-

1223 2443 1442 2492 cundaria
1491 2453 1537 2493 et
1586 2445 1832 2492 accessoria
1853 2478 1869 2504 ,
1921 2461 2027 2510 quae
2085 2448 2242 2495 serius

1223 2542 1391 2591 nempe
1419 2525 1477 2573 ad
1505 2527 1758 2591 primatum
1788 2526 2014 2575 devenere
2035 2563 2048 2587 ‚
2088 2545 2142 2577 ac
2163 2529 2244 2577 de-

1225 2626 1326 2657 cem
1356 2626 1568 2674 expresse
1607 2607 1878 2667 enumerat,
1910 2625 2013 2676 quae
2046 2608 2142 2658 illie
2168 2626 2244 2661 re-

1225 2692 1313 2739 coli
1351 2701 1560 2756 possunt.
1600 2690 1774 2739 Verum
1821 2690 1937 2750 alii,
1979 2701 2032 2738 ut
2069 2692 2243 2741 ibidem

1225 2773 1379 2822 videre
1411 2783 1477 2821 est
1517 2775 1566 2820 in
1596 2760 2002 2829 adnotationibuS,
2053 2791 2127 2823 ex.
2172 2793 2243 2840 gr.

1224 2856 1532 2921 Rechberger,
1551 2856 1687 2922 Frey,
1712 2855 1893 2919 Sauter‚
1927 2855 2136 2918 Walter,
2154 2867 2244 2906 etc.

1227 2939 1335 2987 alias
1364 2939 1611 2987 divisiones
1645 2956 1698 2986 ac
1737 2939 2072 2988 subdivisiones
2100 2939 2243 2988 indu·

1228 3031 1370 3081 cunt,
1402 3031 1446 3070 et
1484 3022 1543 3070 ad
1583 3021 1781 3070 diversas
1814 3022 1976 3070 classes
2005 3022 2242 3082 referunt,

1228 3121 1341 3168 quas
1390 3105 1531 3150 nimis
1580 3103 1770 3167 longum
1817 3113 1933 3151 esset
1979 3103 2247 3169 singillatim

1188 3223 1194 3233 ,
1228 3203 1478 3234 recensere.
1514 3184 1612 3233 Cfr.
1647 3187 1785 3233 etiam
1816 3185 2092 3252 Roskovany
2115 3222 2131 3248 ,
2167 3203 2244 3250 op.

1202 3270 1308 3316 scit.
1338 3265 1367 3333 ξ
1398 3266 1464 3333 49
1493 3279 1537 3315 et
1566 3285 1697 3332 seqq.

1298 3349 1364 3412 (2)
1382 3349 1518 3396 Hanc
1533 3350 1803 3397 sententiam
1819 3347 2249 3397 tenueruntS.Th0·

1230 3447 1327 3478 mas
1347 3466 1361 3490 ‚
1391 3429 1444 3480 S..
1467 3429 1789 3479 Bonaventura
1803 3468 1816 3490 ‚
1836 3430 2111 3489 Durandus,
2130 3429 2249 3478 Her-

1228 3529 1338 3559 veus
1352 3549 1365 3570 ‚
1383 3511 1434 3562 S.
1449 3512 1710 3560 Antoninus
1725 3549 1739 3573 ,
1756 3512 1980 3580 AEgydius
1990 3511 2218 3560 Columna
2231 3549 2246 3571 ‚

1228 3593 1430 3642 Thomas
1462 3594 1731 3659 Argentin.⁹
1764 3595 1967 3644 Joannes
1999 3612 2023 3642 a
2057 3593 2213 3662 Celaja
2234 3632 2248 3654 ‚
2325 3600 2329 3604 ”

1227 3675 1508 3739 MaucleruS,
1523 3676 1805 3739 Coeffeteau,
1826 3676 1964 3727 Joan.
1985 3675 2215 3727 Puteanus
2235 3712 2250 3735 ,
