2514 4218
303 205 374 263 16
896 229 1090 269 rator.
1141 233 1208 267 m:
1252 230 1401 267 roms
1447 234 1815 274 τΗΕοιοαιοιε.

379 371 477 430 31.
531 372 718 454 Atque
758 373 819 431 id
852 373 1092 435 evidens
1119 374 1386 454 inprimis
1421 375 1489 433 fit
1513 390 1769 458 spectata
1802 382 2062 443 Ecclesiae
2097 384 2315 464 origine
2342 407 2406 444 ac

297 476 527 526 natura.
555 468 706 527 Nam
734 467 1000 528 Christus
1026 470 1301 527 Servator
1322 479 1547 544 noster,
1573 476 1695 550 ejus
1719 476 1986 537 conditor
2007 489 2066 538 et
2089 480 2408 557 institutor,

295 561 448 621 nihil
484 563 725 622 omnino
761 563 967 623 litteris
1009 563 1374 643 consignavit
1413 566 1536 648 (l);
1584 566 1719 638 sed,
1744 584 1920 651 prout
1956 573 2180 634 ferebat
2225 577 2409 635 aetatis

292 656 448 717 illius
484 658 871 732 consuetudo,
920 657 1250 717 doctrinam
1299 682 1463 719 suam
1502 661 1652 720 vivae
1687 664 1840 724 vocis
1878 667 2108 727 oraculo
2138 669 2402 730 tradidit.

294 752 375 813 Ut
404 764 604 814 autem
639 744 1011 832 citius‘longe
1044 752 1277 836 lateque
1309 770 1728 838 propagaretur
1752 806 1767 833 .,
1818 761 1974 822 misit
2008 764 2310 845 Apostolos
2351 777 2410 824 et

294 847 603 931 discipulos
635 851 696 907 in
719 850 753 907 J
759 847 982 908 udaeam
1006 850 1266 931 primum
1291 853 1377 931 (2)
1404 897 1419 926 ,
1460 851 1673 913 deinde
1696 864 1858 914 vero
1874 856 1937 914 in
1971 858 2262 917 mundum
2287 860 2413 918 uni-

293 964 527 1006 versum
548 988 564 1018 7
596 954 660 1002 ut
690 964 819 1003 eam
844 944 969 1026 pari
986 945 1210 1006 ratione
1232 992 1247 1021 ,
1274 947 1335 1006 id
1363 958 1451 1006 est
1471 994 1486 1023 ,
1515 950 1645 1011 viva
1669 971 1808 1010 voce
1832 950 2282 1014 disseminarent
2301 954 2407 1034 (3)

291 1109 556 1158 testantium
589 1108 648 1157 ad
683 1109 772 1157 hoc
791 1111 945 1174 ipsum
973 1109 1308 1159 adstruendum

288 1192 577 1239 auctoritates
603 1207 845 1256 congerere
863 1229 876 1252 ,
900 1194 989 1240 nisi
1020 1203 1224 1258 ageretur
1252 1194 1310 1241 de

287 1290 337 1321 re
356 1307 373 1334 ,
401 1290 502 1338 quae
526 1291 552 1320 a
580 1275 766 1322 nemine
790 1275 847 1321 in
865 1273 1068 1323 dubium
1093 1285 1304 1324 vocatur.

283 1352 385 1403 Cfr.
413 1354 640 1415 Celerier,
686 1353 837 1405 Essai
879 1357 1021 1405 d'mle
1058 1357 1306 1405 introduc-

281 1437 389 1484 tion
415 1438 644 1502 critique,
662 1448 732 1486 etc
753 1473 764 1486 .
797 1457 899 1504 pag.
933 1436 1047 1488 260.

355 1519 418 1582 (1)
456 1518 504 1566 S.
559 1517 848 1584 Augustinus
880 1556 895 1578 ,
949 1519 1020 1569 De
1073 1538 1306 1570 consensu

284 1600 717 1667 evangelistarum,
763 1603 847 1652 lib.
886 1621 902 1650 1
921 1642 933 1663 ‚
982 1621 1087 1668 cap.
1120 1621 1186 1671 9,
1217 1605 1304 1652 sub

285 1682 454 1732 Christi
473 1686 662 1733 nomine
687 1686 890 1751 vulgatos
916 1697 1140 1734 memorat
1158 1705 1182 1735 a
1202 1686 1305 1735 Ma-

283 1766 470 1814 nichaeis
486 1767 644 1828 libros,
672 1770 721 1814 in
740 1769 930 1834 quibus,
951 1768 1209 1816 habebatur
1230 1787 1303 1816 ars

283 1849 495 1914 patrandi
539 1850 747 1915 prodigia
776 1888 790 1912 ‚
833 1868 974 1918 quam
1015 1850 1302 1900 Salvatorem

284 1934 539 1980 exercuisse
570 1931 782 1982 homines
818 1936 1117 1999 impurissimi
1160 1945 1298 1983 autu-

283 2012 497 2064 mabant.
546 2014 606 2063 Hi
651 2032 790 2079 porro
830 2016 939 2063 libri
996 2019 1149 2064 statim
1193 2034 1299 2065 cum

283 2101 570 2146 execratione
595 2095 753 2163 rejecti
782 2108 907 2147 sunt.
937 2097 1070 2146 Idem
1091 2136 1104 2158 ,
1128 2096 1297 2164 Epist.

281 2195 511 2239 ccxnrvu,
535 2181 644 2228 edit.
665 2180 812 2229 Maur.
830 2181 890 2229 al.
917 2191 1299 2241 ccuv‚memorat

280 2280 306 2311 a
325 2261 679 2311 Priscillianistis
697 2266 1005 2327 compositum
1035 2264 1292 2329 hymnum,

279 2363 420 2413 quem
439 2344 648 2392 Christus
672 2382 685 2403 ‚
714 2344 887 2394 Matth.
909 2363 1017 2394 xxvi
1042 2383 1054 2405 ,
1079 2346 1137 2394 ad
1156 2362 1294 2392 mon-

279 2437 373 2476 tem
403 2425 640 2474 Olivetum
676 2443 870 2491 pergens
901 2428 1067 2475 dixisse
1117 2428 1291 2488 fertur,

278 2527 333 2559 ac
361 2511 508 2577 rejicit
536 2510 665 2558 velut
699 2508 944 2558 obscurum
977 2512 1296 2571 haereticorum

278 2594 579 2661 figmentum.
604 2590 798 2641 Gravior
826 2603 890 2641 est
915 2598 1222 2642 controversia
1240 2595 1298 2643 de

278 2677 453 2724 mutuis
469 2674 637 2722 Christi
660 2683 706 2722 et
731 2672 905 2739 Abgari
925 2674 1141 2723 Edesseni
1164 2679 1295 2740 prin-

279 2761 392 2825 cipis
410 2758 612 2824 epistolis
627 2794 644 2816 ,
670 2774 789 2824 quas
806 2795 817 2817 ‚
838 2776 891 2805 ex
910 2757 1149 2806 Edessenae
1170 2758 1297 2808 urbis

279 2842 491 2890 archiviis
522 2845 704 2901 erutas,
751 2858 776 2888 e
806 2838 1030 2907 Syrorum
1068 2841 1223 2905 lingua
1251 2860 1298 2889 se

279 2924 565 2972 transtulisse
598 2928 790 2971 testatur
823 2922 1076 2984 Eusebius,
1114 2921 1206 2972 lib.
1245 2941 1260 2969 1
1280 2962 1293 2983 ,

280 3024 383 3071 cap.
413 3023 488 3055 12.
522 3005 724 3053 Gelasius
753 3007 872 3052 inter
892 3006 1183 3070 appocrypha
1212 3005 1295 3053 has

280 3089 434 3139 retulit
462 3088 707 3153 epistolas;
744 3104 798 3136 ac
826 3089 987 3135 merito
1007 3124 1019 3146 ,
1058 3104 1164 3134 cum
1203 3087 1297 3135 Ec-

280 3170 415 3219 clesia
433 3187 508 3218 eas
541 3188 635 3216 non
664 3171 914 3234 receperit,
944 3178 989 3216 et
1012 3173 1122 3216 ante
1148 3168 1293 3217 Ense·

280 3252 413 3300 bium
431 3288 446 3314 ,
479 3262 556 3299 aut
589 3261 638 3300 ut
662 3250 836 3300 Grabio
869 3252 1020 3317 placet
1044 3287 1061 3312 ‚
1100 3253 1150 3298 in
1175 3248 1296 3317 Spi-

280 3333 449 3399 cileqio
480 3334 689 3381 Petrum
720 3351 736 3382 1
757 3334 934 3394 seculi,
974 3343 1078 3381 ante
1113 3332 1294 3382 Julium

280 3415 571 3476 Africanum,
609 3418 882 3482 quiprimus
916 3418 1113 3481 reperit,
1156 3414 1293 3463 Chri-

285 3501 453 3547 stianos
467 3515 628 3546 omnes
652 3499 891 3548 latuerint..
910 3497 1124 3547 Attamen
1149 3497 1292 3546 Tille-

284 3584 519 3639 montius,
563 3579 741 3629 Caveus
783 3590 927 3646 atque,
957 3580 1152 3628 Grabius
1185 3597 1289 3645 pro-

283 3663 549 3727 pugnandae
573 3663 657 3711 sibi
679 3680 774 3712 esse
788 3663 1036 3711 duxerunt.
1053 3661 1292 3711 Potissima

285 3763 441 3795 eorum
476 3750 588 3797 ratio
621 3747 678 3796 ab
705 3745 888 3796 Eusebii
931 3746 1023 3796 fide
1043 3785 1056 3806 ,
1098 3745 1295 3796 candore

1392 1129 1445 1161 ac
1474 1114 1733 1163 eruditione
1768 1118 1929 1164 oritur.
1964 1115 2077 1165 Haec
2105 1135 2239 1182 porro
2274 1120 2330 1168 ad
2361 1120 2408 1168 id

1391 1195 1586 1245 valuisse
1609 1196 1808 1245 dicimus
1829 1235 1842 1256 ‚
1873 1210 1924 1246 ut
1945 1199 2063 1246 nihil
2081 1199 2307 1250 Eusebius
2324 1203 2408 1250 ob-

1389 1276 1626 1339 truderet,
1656 1276 1789 1344 quod
1820 1280 2037 1328 archiviis
2057 1282 2286 1331 edessenis
2312 1301 2409 1332 non

1390 1370 1594 1422 extaret3
1625 1378 1721 1408 non
1739 1372 1787 1408 ut
1803 1365 2058 1426 genuinum
2095 1363 2252 1426 fieret,
2284 1366 2409 1430 quod

1388 1441 1498 1489 inde
1539 1441 1837 1507 deprompsit.
1881 1443 2029 1493 Altera
2074 1448 2242 1509 petitur
2289 1451 2403 1495 ratio

1389 1539 1442 1570 ex
1458 1522 1681 1588 'Ephremi
1701 1524 1802 1590 Syri
1830 1528 1903 1587 (in
1923 1529 2212 1591 testamento)
2234 1565 2246 1585 ‚
2274 1528 2403 1577 Darii

1387 1607 1569 1653 comitis
1589 1605 1655 1667 (in
1674 1609 1869 1671 epist.ad
1882 1606 2201 1674 Augustinum
2225 1613 2405 1675 ccxxx),

1387 1686 1628 1754 Procopii,
1655 1689 1883 1737 Theodori
1910 1690 2102 1740 Studitae
2122 1702 2260 1755 atque
2295 1691 2409 1742 Gre-

1386 1772 1500 1834 gorii
1526 1772 1561 1817 1i
1590 1774 1861 1820 auctoritate
1882 1810 1896 1832 ,
1945 1776 2026 1838 qui
2062 1791 2139 1822 eas
2177 1792 2286 1822 cum
2321 1775 2406 1823 ho-

1386 1855 1511 1900 noris
1531 1854 1869 1918 significatione
1890 1867 2165 1905 memorant.
2192 1855 2279 1908 Ast
2297 1856 2408 1907 Pro-

1387 1936 1547 1998 copius
1573 1946 1806 2001 suspectas
1834 1937 1997 1985 habuit
2014 1975 2028 1997 ,
2058 1941 2196 1986 ceteri
2217 1938 2406 1990 Eusebii

1385 2016 1527 2065 fidem
1555 2020 1758 2066 securius
1788 2022 1930 2066 secuti
1957 2030 2084 2069 sunt.
2117 2021 2269 2069 Tertia
2292 2026 2405 2071 ratio

1382 2100 1612 2163 profertur
1643 2118 1698 2148 ex
1728 2119 1810 2159 eo,
1845 2102 1976 2167 quod
2006 2103 2127 2150 nihil
2162 2106 2405 2153 continent

1382 2180 1566 2230 Christo
1590 2183 1858 2247 indignum.
1885 2183 2026 2245 Esto;
2068 2185 2146 2233 sed
2178 2186 2286 2234 inde
2306 2204 2402 2234 non

1383 2265 1620 2329 sequitur,
1656 2280 1733 2312 eas
1761 2265 2052 2313 authenticas
2084 2284 2201 2315 esse.

1449 2346 1517 2410 (2)
1555 2346 1719 2395 Matth.
1740 2364 1769 2393 x
1790 2384 1803 2407 ‚
1826 2344 1855 2394 5
1875 2384 1888 2406 ‚
1907 2347 2010 2395 Act.
2030 2365 2110 2395 xm
2132 2383 2146 2409 ‚
2182 2345 2280 2412 46.
2297 2348 2402 2401 Cle·

1383 2443 1515 2474 mens
1552 2424 1691 2475 Alex.
1739 2444 1797 2475 ex
1837 2437 2045 2477 veterum
2096 2429 2343 2478 traditione
2383 2467 2397 2491 ,

1383 2509 1507 2573 apud
1524 2509 1797 2570 Eusebium,
1816 2511 1903 2559 lib.
1930 2529 1976 2572 v,
1993 2528 2091 2575 cap.
2121 2509 2180 2560 18
2199 2548 2212 2570 ‚
2246 2513 2399 2574 refert,

1380 2590 1637 2638 Dominum
1657 2594 1926 2656 praecepisse
1955 2592 2182 2657 Apostolis
2199 2630 2213 2654 ‚
2240 2610 2300 2642 ne
2324 2597 2399 2642 in-

1381 2679 1457 2719 tra
1488 2671 1741 2720 duodecim
1762 2688 1917 2720 annos
1954 2672 2304 2742 Hierosolymis
2328 2694 2400 2726 ex·

1379 2753 1616 2802 cederent.

1448 2834 1512 2899 (3)
1551 2835 1698 2902 Cujus
1753 2836 1941 2902 quidem
1995 2841 2255 2888 assertionis
2285 2876 2301 2904 ,
2341 2840 2399 2889 de

1379 2915 1712 2966 consuetudine
1731 2935 1898 2984 nempe
1929 2929 2041 2968 tunc
2068 2924 2287 2986 temporis
2323 2939 2397 2970 re·

1379 3010 1509 3064 cepta
1544 3000 1670 3066 apud
1699 2998 1882 3048 Judaeos
1909 3001 1967 3050 de
1998 3003 2397 3052 communicandis

1378 3083 1480 3131 viva
1515 3097 1624 3130 voce
1677 3092 1722 3131 et
1770 3101 1850 3149 per
1894 3088 2090 3134 nuncios
2138 3087 2356 3134 doctrinis
2374 3122 2389 3144 ‚

1378 3164 1539 3213 vadem
1573 3164 1737 3212 damus
1769 3167 1974 3231 judaeum
2015 3167 2239 3216 Salvador
2260 3206 2272 3227 ‚
2311 3170 2391 3233 qui

1382 3265 1461 3312 op.
1510 3251 1590 3296 cit.
1635 3257 1746 3295 tom.
1779 3262 1829 3308 1,
1871 3267 1974 3314 pag.
2023 3248 2115 3298 160
2140 3287 2153 3311 ,
2199 3251 2390 3315 scribit3

1378 3328 1591 3395 L'usaqe
1634 3330 1889 3396 hebraique
1931 3331 1987 3380 de
2035 3336 2395 3399 communiquer

1380 3412 1445 3461 les
1460 3412 1942 3479 enseiqnementspar
1956 3414 2003 3463 la
2017 3415 2247 3463 tradition
2268 3417 2394 3465 orale

1376 3497 1487 3545 bien
1495 3496 1610 3564 plus
1620 3513 1708 3562 que
1714 3514 1813 3563 par
1826 3496 2082 3559 l’ecriture,
2098 3508 2143 3547 et
2156 3499 2173 3546 l
2176 3500 2393 3567 'exemple

1375 3581 1456 3629 dea
1502 3582 1714 3630 docteurs
1760 3586 2139 3648 contemporains
2170 3583 2243 3633 lec
2280 3583 2395 3650 plus

1377 3663 1572 3713 celebres
1603 3663 1670 3712 du
1693 3680 1824 3730 pays
1854 3703 1866 3725 ‚
1903 3666 2273 3732 empecheraicnt
2309 3681 2394 3713 en-

1378 3763 1482 3795 core
1515 3746 1572 3795 de
1599 3747 1715 3796 tirer
1753 3746 1809 3795 de
1836 3764 1887 3796 ce
1925 3747 2022 3811 fait
2061 3765 2223 3798 aucun
2253 3764 2396 3811 arqu-
