2514 4218
271 211 394 271 228

890 226 1090 266 TRAc‘r.
1132 227 1208 264 ΔΒΕ
1249 227 1401 267 touls
1445 229 1821 270 TREOLOGICIS.

353 371 494 432 352.
538 373 673 430 Jam
696 390 837 432 vero
863 368 988 427 haec
1014 367 1213 426 omnia
1249 365 1469 450 absque
1505 369 1938 445 infallibilitatis
1973 372 2109 432 dote
2139 372 2400 434 Ecclesiae

268 488 540 527 concessa
574 489 696 526 non
719 464 895 523 modo
924 461 1150 545 concipi
1178 475 1486 545 nequeunt
1505 509 1521 539 ,
1549 464 1653 523 sed
1671 465 1859 547 plane
1889 467 2141 527 absurda
2170 480 2397 544 essent,

273 575 334 623 et
374 585 406 622 a
433 563 653 646 pietate
681 559 881 620 divina
919 578 1158 640 prorsus
1183 558 1389 619 aliena.
1427 558 1762 619 Adsurdum
1796 563 1954 622 enim
1982 564 2251 647 inprimis
2285 577 2400 641 est,

269 681 438 742 posse
466 656 776 718 Ecclesiam
813 653 970 730 falli,
999 675 1066 713 ac
1102 655 1353 737 proinde
1390 655 1662 736 homines
1697 655 1995 738 decipere3
2036 660 2404 743 quandoqui-

267 755 404 816 dem
431 755 536 814 Dei
559 750 799 809 nomine
819 794 835 824 ,
865 751 987 810 imo
1012 761 1078 810 ,et
1103 751 1166 809 in
1195 756 1318 831 ejus
1339 751 1534 810 locum
1566 751 1806 812 suffecta
1830 797 1845 827 ,
1878 762 2094 812 munus
2118 755 2271 816 illud
2290 759 2405 815 im-

263 851 427 933 plere
456 846 667 921 debet,
701 846 861 928 quod
884 847 1006 929 ipse
1038 847 1201 928 prius
1228 847 1562 923 inchoavit,
1595 869 1659 912 ac
1695 848 2404 930 prosequendum‘eidem

259 944 551 1005 commisit
573 942 733 1025 apud
755 965 958 1003 omnes
986 955 1212 1022 genteS,
1238 965 1344 1026 per
1361 949 1484 1023 ejus
1513 945 1910 1004 ministerium
1936 944 2357 1007 illuminandas
2379 995 2395 1024 ,

264 1040 476 1124 quibus
505 1049 698 1099 tutam
721 1038 923 1098 salutis
949 1040 1108 1098 viam
1133 1041 1439 1100 constituit
1454 1040 1803 1123 patefacere.
1833 1040 2166 1101 Adsurdum
2192 1053 2406 1123 praete-

267 1159 363 1197 rea
388 1147 499 1211 est,
520 1135 780 1218 potuisse
804 1145 907 1193 aut
922 1133 1173 1195 voluisse
1191 1132 1487 1195 Christum
1503 1136 1769 1196 divinam
1786 1136 2046 1196 Ecclesiae
2068 1137 2406 1198 missionem

265 1231 685 1293 miraculorum
713 1252 953 1290 suorum
993 1230 1181 1311 sigillo
1215 1233 1617 1308 communire,
1644 1256 1760 1315 quo
1782 1234 2052 1293 homines
2086 1235 2407 1294 invincibi-

267 1331 398 1388 liter
420 1327 496 1389 ad
529 1349 793 1388 errorem
821 1337 924 1385 aut
953 1325 1160 1385 falsam
1181 1326 1512 1387 doctrinam
1542 1330 1939 1411 profitendam
1962 1330 2403 1392 inducerentur.

264 1425 545 1497 Quamvis
593 1423 755 1483 enim
797 1421 1071 1482 daremus
1111 1422 1316 1504 (quod
1353 1422 1565 1482 falsum
1606 1446 1733 1485 esse
1770 1427 2218 1507 ostendimus),
2269 1439 2404 1509 post

264 1521 653 1580 sufficientem
699 1517 999 1598 Evangelii
1036 1519 1578 1600 promulgationem
1615 1520 1900 1599 ejusmodi
1942 1522 2405 1597 extraordinaria

266 1615 420 1675 dona
462 1615 524 1674 in
574 1612 826 1675 Ecclesia
850 1635 1136 1690 cessasse,
1168 1635 1312 1673 cum
1337 1624 1540 1675 tamen
1570 1614 1807 1676 illorum
1843 1638 1955 1700 ope
1997 1619 2176 1700 primi
2205 1617 2406 1679 fideles

258 1836 457 1900 fideles;
483 1836 523 1884 il
537 1837 730 1900 confere
759 1835 801 1885 le
826 1835 982 1896 droit,
1008 1836 1120 1885 bien
1145 1835 1260 1904 plue
1276 1874 1290 1899 ,

264 1921 306 1968 il
329 1924 511 1987 impose
538 1919 838 1985 l’obliqation
860 1919 918 1968 de
938 1919 1154 1985 prendre
1172 1928 1294 1987 part

269 2007 301 2053 ὰ
338 2014 490 2054 toutes
534 2004 662 2052 leurs
692 2006 825 2071 joies
844 2041 859 2066 ,
907 2004 940 2052 ὰ
984 2012 1135 2052 toutee
1165 2003 1293 2052 leurs

268 2088 512 2137 douleurS.
532 2086 668 2137 D’uu
696 2096 833 2136 autre
855 2086 962 2137 co'te
983 2126 997 2149 ‚
1017 2088 1293 2137 l'admiuis-

272 2174 451 2221 tration
491 2171 571 2219 des
616 2168 903 2220 Sacremene
936 2208 950 2232 ‚
997 2173 1135 2219 aussi
1181 2171 1294 2220 bien

270 2272 361 2320 que
392 2251 502 2301 celle
526 2252 582 2301 cle
609 2252 656 2301 Ia
680 2252 883 2318 parole,
904 2269 935 2300 a
964 2256 1034 2301 ete
1052 2252 1294 2317 identifiee

259 2355 360 2403 par
384 2337 423 2385 le
439 2334 479 2384 S
481 2338 682 2400 eiqneur
699 2336 730 2382 ὰ
747 2334 1039 2401 l'apostolat3
1068 2343 1113 2384 et
1127 2353 1294 2384 encore

270 2425 302 2469 ὰ
328 2429 397 2468 cet
419 2419 569 2485 eqard
585 2453 602 2480 ,
632 2417 692 2465 ils
716 2426 824 2466 sont
845 2419 1071 2485 c’zjamaz‘s
1086 2419 1297 2468 attachee

270 2506 302 2553 ἀ
337 2503 385 2551 la
420 2505 761 2551 communaute
780 2539 794 2562 ‚
824 2504 943 2550 uni-5
964 2501 996 2550 ὰ
1029 2500 1115 2550 elle
1151 2502 1297 2551 d'une

269 2587 486 2635 muniere
509 2583 841 2634 indissoluble.
866 2585 1031 2634 Ainsi
1057 2584 1179 2634 donc
1195 2583 1294 2633 [ἀ-

270 2672 390 2718 ‘aion
410 2684 524 2717 avec
540 2670 574 2716 J
577 2665 878 2714 esus-Christ
890 2665 1126 2732 implique
1138 2668 1296 2715 um'on

270 2770 385 2802 avec
408 2768 495 2801 eon
530 2748 720 2814 quise.
747 2747 845 2796 Les
874 2748 1004 2796 liene
1026 2750 1115 2813 qui
1138 2756 1291 2799 rotta-

270 2836 413 2884 chent
453 2835 484 2883 ὰ
525 2832 565 2880 J
564 2830 899 2894 esus-Christ,
943 2830 1233 2879 encltainent
1261 2832 1293 2880 ὰ

269 2917 471 2984 l’quise
485 2936 505 2980 ,-
544 2926 650 2966 tous
700 2913 831 2964 deux
876 2921 984 2962 sont
1039 2914 1291 2980 insepara-

270 3000 399 3062 ble83
431 3001 470 3048 il
498 3007 567 3049 est
588 3016 650 3049 επ
686 2997 802 3059 elle,
831 3005 882 3045 et
903 2994 988 3044 elle
1020 3004 1089 3043 eet
1115 3013 1175 3044 en
1218 2996 1295 3045 lui

265 3082 485 3149 (ΕΡΙιεε.
514 3102 543 3132 v
564 3121 577 3142 ‚
614 3079 824 3150 29-33).
859 3079 972 3129 Par
996 3095 1073 3126 ces
1099 3080 1293 3128 misene
1325 3089 1328 3091 ’

267 3170 443 3218 memes
463 3206 479 3230 ,
513 3166 714 3233 l'quise
754 3183 815 3214 ne
846 3172 966 3232 peut
990 3180 1228 3229 rtaanquer
1261 3166 1292 3213 ὰ

268 3251 316 3298 la
338 3251 500 3316 partie
531 3250 587 3296 de
614 3267 668 3297 sa
700 3248 860 3310 tache,
891 3247 980 3313 qui
1008 3254 1077 3294 est
1101 3246 1159 3295 de
1177 3262 1290 3295 con-

267 3350 428 3382 server
460 3329 506 3379 la
539 3330 710 3397 parole
744 3332 801 3380 de
841 3329 981 3379 Die-u
998 3347 1018 3391 ;
1050 3327 1135 3377 elle
1174 3330 1293 3378 n’est

257 3417 403 3483 point
426 3416 596 3481 sujette
625 3415 656 3463 ὰ
684 3413 903 3464 l’erreur.
944 3411 1139 3462 Comme
1178 3412 1292 3462 cha-¹

264 3517 356 3565 que
382 3497 641 3546 adorateur
662 3495 731 3544 du
758 3497 922 3546 Christ
949 3504 1018 3545 est
1040 3497 1291 3561 incorpore

265 3583 297 3630 ὰ
332 3578 536 3646 I’quiee
548 3596 647 3646 par
668 3578 749 3626 oles
764 3577 892 3628 liene
908 3577 1288 3641 indissolubles;

264 3671 446 3712 comme
467 3663 583 3724 c'est
603 3659 688 3710 elle
709 3663 798 3727 qui
811 3661 853 3710 le
867 3662 1070 3711 canduit
1080 3679 1147 3711 au
1165 3661 1287 3711 Sau-

1382 1837 1641 1903 qu'autant
1655 1838 1785 1905 qu'il
1810 1839 2029 1889 demeare
2050 1856 2112 1888 en
2143 1838 2227 1887 elle
2252 1877 2266 1900 ,
2299 1840 2409 1887 c’est

1379 1920 1588 1986 l'E'qlise
1602 1923 1750 1974 aussi
1769 1925 1858 1988 qui
1889 1924 2042 1987 forme
2075 1939 2162 1971 eon
2192 1939 2324 1970 coeur
2363 1930 2410 1969 et

1381 2020 1470 2052 sou
1501 2004 1823 2071 intelliqeuce.
1859 2004 1916 2053 Il
1942 2022 2005 2053 ne
2024 2013 2146 2070 peut
2177 2004 2303 2055 donc
2335 2003 2410 2053 lui

1382 2090 1567 2155 resuser
1598 2104 1655 2136 sa
1689 2088 1956 2153 confiance.
1977 2085 2079 2136 Des
2109 2085 2204 2134 lore
2241 2086 2283 2134 il
2297 2087 2412 2152 faut

1381 2190 1472 2238 que
1495 2180 1610 2222 cette
1644 2171 1889 2236 constance
1919 2172 2013 2218 soit
2034 2170 2243 2218 nteritee.
2273 2168 2327 2218 Il
2345 2186 2406 2218 ne

1374 2254 1491 2319 faut
1530 2256 1674 2320 point
1698 2270 1791 2318 que
1825 2252 1866 2301 Ie
1900 2251 2071 2317 fidele,
2101 2253 2192 2317 qui
2218 2251 2409 2301 e’aban-

1382 2337 1540 2386 donne
1556 2338 1587 2386 ὰ
1607 2335 1837 2402 l'th'ee,
1853 2339 2022 2403 puisse
2037 2340 2133 2384 etre
2162 2335 2327 2384 induit
2349 2353 2410 2384 en

1381 2437 1580 2483 erreur;
1603 2418 1805 2485 Pquiee
1812 2436 1911 2488 par
1923 2422 2208 2483 consequent
2221 2435 2284 2467 ne
2288 2427 2411 2484 peut

1383 2502 1604 2568 desaillir
1618 2503 1676 2551 de
1696 2501 1745 2552 la
1762 2502 2158 2552 vraievdoctrine.
2189 2501 2406 2549 Ceterum

1385 2586 1513 2652 quod
1551 2595 1728 2651 spectat
1764 2584 1823 2633 ad
1847 2584 2258 2642 comminationes,
2292 2600 2407 2648 quas

1383 2669 1595 2718 Christus
1616 2671 1888 2717 interminat
1912 2667 2163 2716 incredulis
2184 2702 2199 2724 ‚
2226 2667 2406 2715 resertae

1381 2753 1437 2800 iis
1454 2760 1565 2800 sunt
1586 2767 1725 2800 sacrae
1746 2751 1946 2800 Litterae.
1970 2748 2050 2797 Sic
2070 2766 2124 2797 ex
2143 2766 2213 2814 gr.
2233 2748 2403 2797 Matth.

1380 2854 1407 2884 x
1433 2870 1448 2895 ,
1487 2831 1577 2899 14,
1605 2836 1793 2883 mittens
1840 2832 2097 2899 Apostolos·
2124 2833 2182 2880 ad
2213 2850 2403 2881 annun-

1379 2916 1602 2965 ciandum
1633 2933 1828 2983 regnum
1874 2915 1960 2963 Dei
2001 2931 2016 2962 ε
2057 2911 2402 2980 Quicumque,

1380 3000 1445 3047 ait
1485 2998 1629 3063 ipsis,
1695 3014 1794 3046 ‘non
1841 2999 2070 3063 receperit
2105 3012 2186 3045 vos
2206 3033 2219 3055 ‚
2249 3011 2405 3060 neque

1379 3080 1593 3130 audierit
1631 3095 1871 3129 sermones
1916 3089 2121 3141 vestroe,
2180 3087 2403 3127 exeuntes

1374 3164 1511 3229 foras
1543 3164 1602 3213 de
1635 3163 1771 3212 domo
1817 3161 1893 3210 vel
1935 3164 2161 3222 civitate,
2201 3163 2408 3210 excutite

1375 3247 1622 3315 pulverem
1672 3245 1730 3294 de
1762 3244 1972 3311 pedibus
2020 3248 2223 3307 vestris;
2266 3260 2407 3293 amen

1378 3330 1487 3379 dico
1511 3330 1681 3379 vobis:
1705 3326 2002 3376 tolerabilius
2026 3331 2119 3376 erit
2149 3337 2286 3376 terroe
2314 3325 2402 3377 So-

1379 3415 1629 3465 domorum
1666 3420 1711 3462 et
1759 3410 2184 3461 Gomorrhoeorum
2227 3413 2283 3459 iu
2328 3411 2405 3460 die

1364 3497 1561 3564 Judicii
1579 3534 1593 3558 ,
1638 3510 1785 3561 quam
1843 3493 1923 3542 illi
1965 3495 2173 3544 civitati.
2223 3493 2397 3549 Marci,

1378 3596 1481 3630 xv1:
1498 3576 1605 3644 Qui
1632 3594 1733 3627 uon
1758 3576 2032 3639 crediderit,
2057 3575 2404 3626 condemnabi-

1373 3671 1472 3712 tur.v
1519 3661 1662 3711 Joan.
1697 3661 1780 3721 ni,
1820 3657 1917 3708 18:
1956 3659 2063 3728 Qui
2091 3675 2191 3708 nou
2213 3656 2396 3718 credit,

274 3759 391 3794 reur
411 3782 424 3806 ‚
459 3753 503 3795 et
518 3742 639 3810 qu'il
653 3760 712 3793 ne
736 3752 927 3793 resteen
949 3743 1288 3794 Jews-Christ
1356 3747 1470 3812 jam
1492 3743 1753 3810 judicatus
1782 3753 1866 3792 est.
1912 3743 1970 3792 Et
2000 3742 2111 3793 alibi
2142 3743 2329 3808 passim.
