2514 4218
337 236 485 276 PARS.
531 235 574 270 1.
618 234 738 271 GAP.
782 234 824 269 1.
873 234 940 270 DE
983 234 1195 272 CHRISTI
1239 237 1389 275 Eccl..
1439 236 1712 274 ms'rl'w'r.
1762 238 1826 274 ET
1869 237 2022 275 offla.
2150 218 2230 278 23

134 377 485 438 connubium
524 375 647 434 fieri
671 375 937 456 coepisset
972 389 1101 458 post
1133 378 1552 459 dispersionem
1590 377 1842 437 hebraici
1880 379 2086 460 populi
2119 402 2224 462 per

132 472 418 553 duplicem
445 470 876 550 captivitatem,
915 473 1104 552 primo
1140 472 1340 532 decem
1374 472 1632 531 tribuum
1669 472 1778 531 sub
1814 473 2179 534 Salmanasar
2201 520 2217 550 ,

132 566 340 634 deinde
393 565 641 623 duarum
696 565 1048 646 reliquarum
1097 565 1205 624 sub
1257 567 1831 641 Nabuchodonosor3
1902 569 2225 649 perfectum

130 659 381 740 denique
431 670 578 719 esset
617 681 715 718 seu
767 670 1264 736 consummatum,
1306 674 1613 743 postquam
1658 661 1974 722 multitudo
2012 664 2219 744 ingens

127 755 458 815 Judaeorum
500 755 751 835 profecta
797 766 883 819 est
928 755 990 815 in
1039 755 1383 835 AEgyptum,
1439 757 1671 840 ibique,
1703 758 2023 840 praesertim
2081 780 2220 819 vero

129 850 486 915 Alexandriae
518 895 536 925 ,
584 870 894 929 synagogas
937 858 996 906 et
1033 847 1256 906 scholas
1294 847 1645 911 habuerunt.
1698 856 1873 913 Porro
1909 852 2104 912 nullus
2138 866 2226 913 est

128 947 402 1008 doctrinae
433 946 735 1018 articuluS,
774 945 875 1024 qui
915 955 1076 1003 ortus
1120 945 1372 1004 traditur
1408 968 1476 1005 ex
1516 946 1749 1008 illarum
1787 949 2048 1009 idearum
2086 970 2223 1008 con·

128 1042 467 1114 sociatione,
513 1045 669 1117 cujus
704 1049 804 1100 aut
843 1059 1109 1120 expressa
1148 1040 1368 1099 mentio
1399 1061 1516 1098 non
1556 1043 1658 1099 fiat
1697 1043 1761 1100 in
1801 1043 2222 1124 antiquioribus

126 1135 499 1197 Hebraeorum
527 1133 722 1206 libris,
759 1144 863 1192 aut
892 1133 1102 1193 saltem
1130 1157 1251 1194 non
1275 1146 1579 1194 occurrant
1608 1135 1825 1196 ibidem
1854 1138 2088 1217 vestigia
2111 1138 2217 1220 (l).

126 1233 271 1291 Cum
288 1233 479 1312 itaque
493 1227 702 1287 falsum
725 1228 801 1287 sit
814 1241 1182 1310 assumptum
1195 1230 1659 1288 adversariorum
1676 1275 1692 1304 ,
1711 1230 1820 1288 hoc
1835 1230 1961 1311 ipso
1974 1231 2222 1291 concidit

125 1334 578 1406 superstructum
631 1322 934 1382 aedificium
986 1323 1059 1383 de
1093 1325 1608 1403 personifieatione
1641 1335 1767 1384 orta
1813 1345 1885 1384 ex
1930 1325 2220 1384 connubio

123 1421 415 1499 utriusque
444 1416 723 1477 doctrinae
741 1461 758 1490 ,
785 1439 914 1499 quae
942 1418 1091 1484 facta
1127 1419 1201 1477 sit
1236 1419 1299 1476 in
1325 1418 1553 1476 Christo
1581 1420 1619 1477 J
1622 1440 1741 1478 esu.
1776 1419 1921 1477 Cum
1945 1429 2222 1499 praeterea

120 1535 250 1574 usus
293 1513 701 1594 prosopopaeiae
747 1513 1176 1592 vulgatissimus
1218 1525 1370 1574 esset
1415 1513 1573 1595 apud
1608 1515 1879 1596 antiquos
1904 1510 2211 1595 scriptores

119 1628 304 1667 sacros
323 1651 340 1682 ,
373 1610 473 1687 qui
505 1607 721 1666 factum
753 1618 872 1685 est,
899 1620 966 1666 ut
993 1630 1299 1690 nunquam
1329 1608 1467 1668 alias
1491 1609 1773 1690 originem
1797 1608 2025 1669 dederit
2076 1618 2215 1689 typo

113 1700 456 1781 symbolicO.
512 1702 838 1779 cujusmodi
882 1703 1121 1782 fingitur
1159 1703 1461 1782 contigisse
1487 1704 1549 1761 in
1596 1702 1824 1762 Christo
1851 1701 2053 1763 ¹Jesu‘?
2083 1704 2220 1762 Haec

110 1795 326 1855 scilicet
366 1798 588 1854 somnia
627 1809 765 1855 sunt
791 1842 807 1871 ,
844 1819 973 1879 quae
1011 1799 1232 1879 respuit
1273 1820 1475 1857 sensus
1520 1797 1827 1857 hominum
1864 1798 2213 1857 communiS.

193 1889 290 1949 39.
347 1891 435 1950 Ad
464 1891 580 1966 4¹1¹,
622 1891 771 1971 Neq.
801 1893 1114 1972 gratuitam
1143 1892 1597 1975 suppositionem
1620 1892 2082 1953 adversariorum
2103 1937 2119 1965 ,
2148 1904 2215 1950 ut

108 1996 271 2066 patet
320 2007 391 2044 ex
442 1985 617 2044 modo
671 1986 862 2045 dictis,
907 1988 1038 2046 Jam
1088 1987 1225 2046 alias
1261 1987 1811 2060 animadvertimuS,
1848 1985 2216 2066 evangelium

109 2101 420 2158 aramaeum
464 2102 621 2140 nunc
661 2080 733 2140 ab
770 2082 907 2163 ipsis
952 2081 1327 2140 rationalistis
1361 2082 1659 2140 contemni
1701 2082 1812 2160 (2).
1859 2078 2027 2154 Quod
2068 2099 2208 2138 vero

180 2256 242 2318 (l)
272 2255 389 2304 Sane
426 2258 482 2305 de
512 2258 642 2322 lapsu
673 2258 973 2306 humanitatis
997 2261 1117 2325 jam-

112 2336 190 2383 diu
212 2336 476 2383 disseruerat
496 2337 691 2402 Moyses,
714 2338 877 2386 GeneS.
905 2345 973 2386 in.
1001 2340 1115 2386 Item

111 2416 169 2464 de
207 2420 490 2480 apparitione
535 2419 822 2482 angelorum,
855 2436 907 2466 ac
945 2420 1003 2466 de
1028 2422 1116 2465 im-

1208 2276 1287 2323 op.
1315 2260 1395 2307 cit.
1420 2257 1662 2306 deuxieme
1677 2267 1793 2322 part.
1821 2256 1956 2305 divis.
1975 2259 2213 2322 premiere,

1206 2351 1316 2388 sect.
1367 2358 1402 2387 11
1434 2377 1447 2398 ,
1472 2357 1575 2404 pag.
1614 2337 1742 2398 258,
1777 2336 1861 2386 ubi
1888 2376 1900 2396 ‚
1924 2339 2121 2404 loquens
2158 2339 2217 2387 de

1206 2421 1444 2468 Michaelis
1472 2457 1485 2479 ,
1530 2422 1593 2466 ait
1629 2437 1643 2467 :
1673 2419 1724 2466 Il
1751 2436 1781 2466 a
1818 2419 1999 2484 affirme
2033 2437 2124 2483 que
2154 2419 2218 2466 les

109 2497 305 2544 mediata
355 2500 533 2545 actione
572 2516 651 2546 seu
698 2501 1118 2547 communicatione
1203 2501 1319 2547 trois
1347 2501 1587 2565 premier-s
1633 2497 1939 2562 evanqelistes
1975 2497 2220 2547 n’avaiem

107 2578 354 2627 divinitatis
365 2595 467 2626 cum
482 2579 748 2627 hominibus
760 2580 974 2644 frequens
987 2598 1119 2627 men-

110 2663 171 2708 tio
199 2663 397 2708 occurrit
411 2662 461 2707 in
487 2659 829 2723 Pentateuch03
873 2661 932 2708 de
963 2660 1116 2709 futura

1194 2583 1334 2646 point
1358 2597 1519 2629 comm
1541 2580 1605 2629 les
1617 2581 1757 2627 ecrite
1772 2578 1838 2626 les
1854 2596 1947 2626 uns
1963 2579 2043 2626 des
2055 2587 2216 2627 autres

1203 2663 1428 2727 (quamvis
1443 2670 1617 2709 veteres
1641 2662 1925 2708 contrarium
1947 2659 2213 2725 affirment),

108 2760 348 2807 corporum
388 2744 719 2790 resurrectione
765 2742 945 2791 celebre
994 2752 1116 2791 extat
1195 2741 1452 2808 puisqu'ils
1498 2743 1674 2788 etaient
1705 2740 1991 2805 quelqnefois
2036 2757 2098 2788 en
2133 2757 2215 2807 op-

110 2826 422 2871 testimonium
459 2827 509 2871 in
535 2823 643 2873 Job.
673 2839 749 2872 xtx
774 2861 786 2883 ‚
822 2821 888 2872 26
916 2835 959 2872 et
984 2841 1112 2889 seqq.

108 2905 164 2953 de
187 2924 278 2971 quo
318 2905 405 2954 cfr.
443 2921 544 2971 quae
587 2908 851 2970 scripsimus
891 2908 941 2953 in
977 2916 1111 2956 tract.

1194 2824 1424 2890 position.
1453 2820 1551 2873 Son
1569 2823 1795 2887 principe
1815 2822 2003 2881 azimis,
2039 2820 2104 2869 les
2132 2822 2214 2869 ob·

1184 2907 1395 2971 jections
1434 2913 1478 2952 et
1521 2902 1587 2952 les
1627 2901 1872 2968 difficulces
1913 2900 2128 2949 s’elevent
2155 2901 2212 2950 de

108 2984 179 3033 De
205 2985 302 3034 Deo
324 2997 527 3034 creatore
547 3025 560 3046 ‚
603 3005 706 3051 pag.
732 2985 828 3035 382
851 3025 865 3047 ,
893 3006 943 3036 n.
976 2986 1075 3036 850
1093 3025 1107 3048 ‚
1190 2995 1417 3052 partout,
1448 2994 1491 3033 et
1515 2985 1609 3032 l’on
1632 3001 1692 3031 ne
1718 2985 1813 3030 scit
1841 3000 1899 3029 en
1921 2982 2215 3048 particulier

107 3080 206 3120 not.
242 3070 333 3137 (3).
355 3072 487 3120 Circa
504 3072 813 3119 immediatam
846 3073 1111 3120 manifesta-

109 3153 276 3203 tionem
323 3152 408 3201 Dei
437 3152 522 3202 cfr.
563 3168 665 3220 quae
700 3153 916 3201 adversus
944 3152 1109 3201 Schot-

113 3242 206 3280 tum
236 3234 389 3282 scribit
412 3245 568 3284 auctor
595 3252 693 3284 non
723 3244 958 3298 suspectus
994 3233 1105 3281 Chr.

114 3311 240 3367 Trid.
264 3316 495 3365 Fritzsche
513 3353 526 3375 ,
567 3319 615 3364 in
639 3333 799 3381 opusc.
831 3314 904 3364 De
933 3315 1113 3363 revela-

112 3395 258 3442 tionis
292 3401 480 3447 notione
509 3397 703 3449 biblica.
741 3396 868 3462 Lips.
909 3394 1053 3445 1828.

179 3475 242 3538 (2)
277 3476 397 3528 Alias
447 3481 721 3539 attulimus,
759 3495 864 3546 quae
895 3479 1110 3526 adversus

111 3557 335 3621 ejusmodi
400 3561 702 3628 archetypum
771 3559 1110 3625 evangeliorum

113 3640 290 3703 scripsit
330 3638 646 3693 Rosenmiiller
676 3660 691 3706 3
733 3643 811 3691 hic
851 3651 1030 3708 praestat
1062 3643 1111 3689 in

114 3720 315 3768 medium
340 3722 581 3783 adducere,
599 3743 699 3793 quae
721 3724 1107 3783 habetCellerier,

1198 3075 1434 3115 comment
1464 3066 1709 3130 expliquer
1752 3064 1979 3112 l'identite
2014 3064 2071 3111 de
2110 3072 2215 3111 tant

1199 3150 1256 3197 de
1281 3154 1470 3215 parties
1493 3148 1573 3195 des
1603 3147 1729 3194 deux
1748 3145 1981 3210 premier-5
2011 3147 2212 3210 ἀναπρᾶ-

1198 3230 1281 3280 les.
1316 3229 1369 3279 ΙΙ
1406 3230 1467 3278 l’a
1492 3231 1618 3277 senti
1629 3265 1643 3289 ,
1676 3236 1720 3275 et
1745 3227 1830 3276 ila
1855 3244 2053 3275 recouru
2070 3227 2102 3274 ὰ
2119 3243 2212 3273 une

1199 3313 1498 3379 supposition
1545 3310 1775 3373 qratm'te.
1817 3308 1871 3355 Il
1911 3325 1942 3355 a
1996 3309 2213 3372 imaqine

1198 3413 1287 3461 que
1306 3395 1407 3442 l’un
1434 3402 1474 3440 et
1488 3393 1658 3439 l’autre
1676 3392 1869 3439 avaient
1884 3393 1952 3438 ἑιέ
1974 3405 2034 3436 en
2049 3389 2211 3454 partie

1199 3478 1338 3526 ecrite
1360 3474 1544 3539 d’apres
1569 3473 1648 3520 des
1671 3472 1925 3520 documens
1939 3472 2206 3518 anterieurs

1199 3567 1243 3607 et
1279 3560 1540 3606 ino-onnus.
1588 3554 1745 3620 Apres
1789 3551 2054 3600 Michaelis
2075 3587 2088 3610 ,
2130 3548 2211 3596 des

1201 3655 1374 3689 cavans
1409 3636 1633 3696 celebres,
1666 3635 1790 3683 mais
1815 3634 1976 3681 moins
1999 3631 2124 3678 amis
2154 3629 2212 3678 de

1201 3721 1248 3769 la
1272 3721 1417 3770 verite
1433 3736 1520 3784 que
1549 3717 1619 3765 lui
1637 3754 1650 3777 ,
1674 3724 1757 3765 ont
1779 3713 1924 3764 voulu
1936 3710 2211 3778 developper
