2514 4218
222 201 345 259 232
797 217 1000 253 macr.
1046 217 1115 252 us
1160 214 1310 252 roms
1355 217 1727 258 rnnozoclcls.

228 387 395 427 suam
430 359 878 444 comprobaret;
919 358 966 417 si
1002 356 1257 439 denique
1285 357 1614 437 ingressum
1641 363 1705 422 in
1739 363 2055 424 Ecclesiam
2079 375 2258 447 atque
2295 366 2358 423 in

230 483 297 522 ea
337 456 840 541 perseverantiam
886 451 1072 513 voluit
1108 454 1264 514 viam
1288 454 1526 513 unicam
1559 475 1682 516 esse
1713 459 1989 520 omnibus
2024 459 2361 520 hominibus

232 556 487 617 salutem
550 547 937 632 assequendi,
991 548 1233 609 evidens
1271 563 1360 610 est
1398 551 1674 610 coarctari
1716 573 1839 612 non
1877 577 2048 637 posse
2101 556 2366 618 Ecclesiae

230 650 709 711 infallibilitatem
750 644 828 703 ad
873 644 986 703 tria
1034 656 1135 703 aut
1172 658 1424 727 quatuor
1467 646 1695 722 secula‚
1736 647 1818 706 ita
1852 661 1920 708 ut
1955 651 2198 712 ulterius
2246 674 2364 712 non

231 746 635 831 protrahatur.
676 742 830 799 Nam
870 761 1001 822 quae
1049 742 1269 804 motiva
1321 742 1486 802 illam
1523 729 1768 822 exigunt
1807 755 1867 803 et
1908 759 2231 826 exposcunt:
2259 771 2366 830 pro

235 843 430 923 aliquo
453 835 678 912 secula,
709 835 921 896 eadem
944 835 1202 896 militant
1224 859 1334 920 pro
1359 838 1523 897 omni
1557 837 1775 900 secuIO.
1805 838 2080 921 Alioquin
2107 842 2168 900 in
2197 842 2369 923 longe

233 934 508 997 deteriori
536 931 875 992 conditione
913 943 1291 994 versarentur
1327 934 1596 994 homines
1632 936 1736 1017 qui
1764 946 1898 1018 post
1925 957 1992 996 ea
2030 936 2222 997 secula
2259 941 2373 997 orti

232 1042 407 1106 sunt,
447 1049 629 1111 quam
664 1028 787 1105 illi,
828 1028 932 1110 qui
979 1028 1168 1091 vitam
1205 1028 1494 1110 degerunt
1541 1030 1729 1090 tribus
1782 1043 2108 1114 quatuorve
2151 1034 2373 1116 priori-

231 1128 343 1187 bus
381 1125 497 1185 illis
526 1124 713 1185 beatis
743 1124 986 1198 seculis3
1027 1125 1204 1207 idque
1245 1124 1464 1208 absque
1494 1126 1613 1186 ullo
1652 1149 1857 1187 eorum
1894 1129 2141 1205 merito,
2165 1129 2376 1212 quibus

233 1223 414 1306 priori
442 1221 542 1281 illa
566 1231 737 1281 aetate
761 1221 959 1281 vivere
975 1221 1247 1300 contigit,
1273 1219 1337 1280 et=
1355 1220 1575 1304 absque
1600 1223 1771 1305 culpa
1793 1246 1999 1284 eorum
2017 1270 2032 1299 ,
2052 1225 2152 1307 qui
2177 1237 2376 1308 postea

240 1321 368 1379 nati
409 1328 571 1377 sunt.
600 1315 772 1390 Quod
802 1338 982 1399 quam
1011 1315 1301 1375 absonum
1325 1316 1401 1376 sit
1427 1328 1487 1378 et
1510 1340 1540 1376 a
1581 1318 1783 1380 divina
1821 1321 2038 1401 pietate
2077 1320 2336 1380 alienum
2357 1366 2376 1391 2

236 1437 416 1477 nemo
444 1425 532 1472 est
568 1413 817 1494 quinon
857 1411 1074 1503 Videat.
1116 1413 1298 1472 Primi
1329 1412 1488 1472 enim
1524 1415 1667 1473 certi
1701 1416 1944 1474 omnino
1989 1416 2235 1476 fuissent:
2261 1463 2277 1491 ,
2319 1439 2379 1476 se

238 1524 444 1571 tenere
482 1509 795 1570 veritatem
840 1507 1124 1570 divinitus
1163 1507 1479 1583 traditam3
1525 1510 1672 1569 certi
1714 1510 1989 1586 fuissent,
2030 1533 2090 1570 se
2135 1513 2196 1570 in
2246 1533 2380 1574 vera

240 1628 365 1668 esse
394 1617 454 1666 et
492 1606 663 1663 unica
696 1604 900 1663 salutis
942 1605 1065 1679 via,
1100 1604 1384 1687 quamdiu
1421 1626 1557 1664 cum
1584 1605 1832 1665 Ecclesia
1871 1606 2216 1681 crederentg
2257 1630 2381 1666 non

241 1694 570 1787 potuissent
598 1702 763 1759 omni
798 1699 1082 1760 doctrinae
1124 1712 1305 1762 vento
1343 1701 1587 1779 jactari,
1646 1712 1748 1760 aut
1788 1701 2157 1780 naufragium
2195 1704 2383 1763 facere

243 1799 393 1859 circa
425 1797 640 1872 fidem3
675 1807 880 1856 contra
918 1818 1056 1857 vero
1099 1795 1310 1878 reliqui
1354 1797 1565 1856 incerti
1601 1797 1664 1855 in
1714 1795 1805 1856 his
1841 1796 2115 1856 omnibus
2156 1799 2384 1873 haerere

244 1894 565 1968 deberent,
594 1916 734 1953 eum
769 1893 973 1953 aeterni
1002 1893 1161 1952 exitii
1203 1892 1540 1954 formidine.
1576 1893 1759 1974 Igitur
1801 1904 1903 1954 aut
1933 1916 2245 1977 nunquam
2289 1896 2388 1954 Ec·

244 1990 416 2053 clesia
444 1988 768 2051 infallibilis
797 1989 908 2049 suit
926 2034 942 2065 ⁷
984 2000 1086 2050 aut
1117 1988 1248 2050 talis
1272 2010 1505 2073 semper
1528 2000 1617 2051 est
1637 1988 1750 2071 (l).

323 2257 392 2323 (l)
423 2257 492 2307 Ex
525 2258 598 2306 his
623 2267 775 2323 patet,
812 2275 954 2323 quam
979 2257 1178 2306 absurda
1220 2260 1277 2306 sit

252 2343 443 2390 illorum
473 2352 752 2390 novatorum
785 2344 1041 2401 sententia,
1076 2361 1169 2408 qua
1189 2353 1278 2391 sta-

252 2424 1278 2489 inunt,ecclesiamimmaeulatam‚acfproin-

254 2507 311 2554 de
364 2506 662 2555 infallibilem
720 2508 970 2572 perstitisse
1018 2524 1167 2574 usque
1219 2507 1279 2556 ad

252 2589 444 2638 tertium
487 2594 570 2637 aut
602 2600 826 2656 quartum
863 2590 1095 2649 seculum,
1131 2592 1196 2638 ita
1227 2600 1299 2638 ut·

255 2689 416 2720 omnes
431 2674 751 2721 controversiae
767 2674 858 2718 sint
870 2672 928 2719 ad
947 2671 1074 2718 illam
1093 2671 1280 2718 beatam

254 2755 478 2821 epocham
492 2755 782 2804 revocandae.
797 2754 923 2802 Dum
938 2754 1038 2801 haee
1054 2763 1282 2819 oggerum

255 2849 500 2887 novatores
518 2876 531 2900 ,
558 2838 764 2904 profecto
802 2855 900 2884 non
944 2833 1193 2883 attendunt
1222 2835 1280 2882 ad

258 2920 515 2970 solemnem
540 2938 595 2969 ac
622 2919 914 2968 indefinitam
932 2917 1058 2965 illam
1079 2919 1280 2981 promis-

258 3004 436 3051 sionem
458 3043 471 3065 ‚
518 3023 662 3069 quam
689 3003 901 3051 Christus
928 3002 1038 3050 fecit
1067 3000 1282 3049 Ecclesiae

258 3088 310 3133 in
334 3085 367 3132 Δ
375 3089 559 3151 postolis
575 3091 690 3149 suis,
718 3087 879 3136 dicens
903 3103 916 3133 ε
938 3083 1082 3144 Eece,
1107 3101 1189 3148 eqo
1205 3101 1285 3132 vo-

257 3166 442 3217 biscum
476 3187 583 3217 sum
614 3168 924 3236 (docentibus
961 3177 1008 3216 et
1045 3167 1286 3231 baptizan-

258 3248 411 3312 tibus)
448 3268 595 3316 usque
634 3253 701 3300 ad
720 3240 1181 3301 consummationem
1205 3265 1285 3297 sae-

258 3332 360 3381 culi
376 3351 399 3394 ;
436 3351 590 3400 neque
620 3335 866 3384 attendunt
903 3334 959 3382 ad
996 3349 1154 3399 parem
1201 3350 1279 3381 ex-

260 3419 554 3483 ceptionem,
601 3436 746 3483 quam
786 3418 937 3467 facere
979 3415 1144 3465 eodem
1177 3417 1280 3481 jure

257 3503 513 3565 potuissent
539 3500 729 3564 singulae
766 3511 901 3550 sectae
922 3537 936 3560 ,
962 3517 1072 3548 cum
1105 3497 1164 3546 ab
1189 3497 1281 3546 Ec-

257 3584 395 3632 clesia
428 3583 654 3631 damnatas
680 3589 809 3632 sunt.
855 3582 1016 3631 Ariani
1044 3583 1171 3631 enim
1195 3597 1276 3628 ex-

261 3669 413 3732 cipere
443 3669 728 3733 potuissent,
775 3665 1030 3715 Ecclesiam
1057 3663 1281 3714 infallibi-

256 3749 353 3799 lem
371 3752 620 3816 perstitisse
635 3767 783 3818 usqne
804 3749 864 3798 ad
888 3765 982 3799 sec.
1012 3758 1101 3812 1113
1130 3745 1281 3796 Mani-

1361 2258 1474 2307 ehaei
1505 2275 1655 2324 usque
1687 2257 1746 2306 ad
1775 2274 1866 2307 sec.
1905 2256 1972 2322 i13
2004 2254 2213 2305 Gnostici
2241 2271 2391 2322 usque

1360 2342 1421 2390 ad
1450 2359 1545 2390 sec.
1569 2357 1618 2405 13
1651 2340 1834 2390 Docetae
1864 2336 2094 2406 ejusmodi
2125 2338 2386 2387 infallibili-

1360 2435 1504 2473 tatem
1534 2426 1719 2490 periisse
1738 2442 1848 2473 eum
1877 2422 2104 2489 Apostolis
2124 2459 2138 2483 ‚
2167 2424 2262 2470 imo
2285 2437 2393 2468 cum

1362 2507 1569 2569 Christo,
1586 2518 1724 2573 prout
1743 2509 1889 2572 reipsa
1907 2506 2108 2554 vidimus
2128 2502 2391 2561 GnostieOS,

1364 2589 1560 2638 testibus
1583 2589 1762 2638 Irenaeo
1792 2605 1846 2637 ac
1862 2587 2148 2635 Tertulliano
2166 2623 2180 2645 ‚
2208 2587 2271 2633 ita
2287 2602 2394 2633 sen‘

1365 2674 1509 2731 sisse,
1556 2671 1674 2719 dum
1721 2688 1769 2720 se
1802 2669 2033 2735 Apostolis
2074 2667 2396 2733 praeferebant.

1367 2752 1502 2819 Quod
1549 2754 1587 2801 si
1624 2752 1765 2802 semel
1800 2752 2099 2813 admittatur,
2129 2750 2188 2798 ad
2215 2760 2395 2814 tempus

1366 2835 1625 2885 Ecclesiam
1639 2834 1969 2902 infallibilitate
1985 2836 2254 2881 instructam
2274 2847 2369 2879 esse
2382 2868 2395 2891 ‚

1367 2918 1498 2965 nulla
1527 2920 1641 2966 ratio
1672 2918 1891 2981 assignari
1918 2922 2097 2982 potest,
2125 2930 2269 2981 quare
2301 2930 2397 2960 non

1369 3001 1429 3048 sit
1459 3011 1678 3066 perpetua
1700 3036 1714 3060 ‚
1737 3007 1783 3047 et
1815 3001 1955 3064 possit
1974 3007 2054 3046 aut
2075 2996 2239 3044 debeat
2270 3011 2399 3043 coar-

1370 3085 1481 3133 ctari
1520 3083 1580 3132 ad
1605 3099 1756 3131 unum
1791 3084 1947 3147 potius
1980 3097 2124 3145 quam
2170 3078 2229 3126 ad
2269 3078 2397 3126 aliud

1371 3167 1603 3216 seculum.
1646 3164 1769 3213 Cum
1803 3163 2029 3211 Newman
2050 3199 2063 3220 ‚
2100 3179 2178 3226 op.
2212 3171 2256 3208 et
2297 3160 2389 3208 loc.

1370 3252 1451 3299 cit.
1478 3268 1586 3315 pag.
1632 3244 1727 3310 241
1753 3281 1770 3308 ‚
1810 3245 1897 3294 sibi
1940 3245 2062 3292 hanc
2090 3244 2395 3309 proposuisset

1372 3331 1701 3382 difficultatem
1721 3366 1735 3390 ‚
1760 3327 1887 3395 quod
1907 3336 2107 3392 nequeat
2134 3325 2306 3374 scilicet
2322 3342 2395 3371 as-

1365 3417 1535 3480 signari
1554 3423 1737 3478 tempus
1753 3447 1768 3471 ‚
1791 3427 1885 3476 quo
1914 3411 2100 3475 coeperit
2130 3406 2335 3456 Ecclesia
2359 3423 2385 3453 a

1365 3499 1555 3547 veritate
1572 3495 1787 3545 aberrare
1805 3530 1817 3554 ‚
1833 3492 2081 3559 respondet
2096 3528 2111 3553 ,
2140 3490 2233 3539 hoe
2249 3506 2384 3553 argu-

1363 3589 1579 3630 mentum
1612 3575 1749 3625 nihil·
1769 3575 1959 3640 valere,
1989 3577 2098 3643 quia
2127 3575 2381 3623 etiamnum

1365 3671 1472 3710 sunt
1523 3661 1573 3706 in
1625 3656 1831 3706 Ecclesia
1888 3657 1904 3720 (
1946 3671 2031 3703 suo
2079 3652 2219 3702 modo
2271 3667 2385 3698 con-

1366 3744 1528 3809 cepta)
1550 3752 1615 3791 tot
1646 3742 1890 3790 scissiones
1905 3776 1919 3798 ,
1939 3739 2057 3805 quin
2075 3751 2237 3787 earum
2250 3750 2385 3783 exor-
