2514 4218
463 251 626 287 PAn'r.
679 247 718 285 1.
762 249 885 285 car.
936 248 1018 285 lv.
1068 249 1137 284 nn
1181 222 1455 286 auctusne
1497 244 1748 281 nonnus.
2053 224 2171 284 237

41 395 181 452 dum
207 391 624 472 assumpsimus
645 434 661 464 ,
699 388 1012 449 Ecclesiam
1049 387 1266 447 scilicet
1296 383 1665 445 infallibilem
1689 406 1927 467 prorsus
1959 408 2081 448 esse
2103 388 2165 447 in

41 492 109 550 iis
129 536 146 565 ‚
180 511 310 572 quae
336 487 411 547 ad
433 486 614 546 fidem
639 506 946 567 moresque
971 483 1275 565 pertinent
1294 527 1311 556 .,
1354 483 1476 542 sive
1508 491 1574 539 ut
1606 481 1771 539 testis
1810 493 1898 539 est
1914 526 1931 555 ,
1958 484 2080 545 sive
2101 495 2168 543 ut

32 585 246 663 judex,
287 583 412 646 sive
450 594 519 641 ut
563 581 836 661 magistra
858 624 875 654 ,
913 587 1092 661 prout
1133 588 1360 636 constat
1405 588 1535 635 tum
1574 597 1646 636 ex
1676 576 1889 636 Christi
1918 579 2163 639 instit-u—

38 681 231 754 tione,
264 690 391 737 tum
428 699 502 736 ex
528 676 791 758 repetitis
817 671 1176 733 solemnibus
1210 675 1333 749 ejus
1363 671 1877 753 promissionibuS,
1907 672 2167 733 luculen-

42 778 229 856 tisque
253 774 592 835 divinorum
612 770 974 852 eloquiorum
1004 765 1248 825 oraculis
1266 811 1283 839 ,
1313 777 1442 824 tum
1471 788 1542 826 ex
1559 789 1734 826 sensu
1755 768 2123 849 antiquitatis
2145 814 2162 842 ,

40 883 170 928 tum
208 869 463 950 denique
505 889 576 927 ex
603 878 884 948 perpetua
922 861 1102 942 ipsius
1144 859 1406 919 Ecclesiae
1435 862 1815 942 possessione.
1838 863 1969 935 -Qui
1993 885 2167 946 prop-

40 977 198 1024 terea
220 963 482 1043 neglecto
507 963 793 1020 immenso
821 957 941 1016 hoc·
961 955 1176 1016 divinae
1209 953 1488 1013 bonitatis
1523 954 1804 1016 beneficio
1829 957 2164 1018 hominibus

41 1059 250 1119 collato
269 1101 286 1134 ,
309 1069 376 1117 ut
400 1068 528 1116 tuto
551 1053 860 1138 pervenire
890 1049 1126 1112 valeant
1150 1049 1240 1108 ad·
1259 1049 1559 1110 coelestem
1583 1049 2019 1112 beatitudinem
2040 1080 2057 1129 ,
2094 1075 2167 1114 ex

39 1176 101 1213 se
131 1153 240 1212 sibi
271 1153 598 1236 prospicere
618 1169 793 1234 posse¹
809 1155 1212 1229 praesumunt3
1245 1146 1571 1225 comparari
1595 1167 1730 1206 cum
1754 1147 1869 1206 illis
1895 1161 2123 1230 queunt
2144 1198 2162 1227 ,

41 1248 252 1331 quibus
285 1250 348 1307 in
384 1249 614 1308 deserto
642 1242 912 1303 columna
953 1241 1120 1321 ignea
1162 1239 1285 1299 dux
1319 1239 1457 1298 data
1488 1251 1576 1300 est
1609 1240 1684 1300 ad
1718 1242 1832 1301 iter
1860 1265 2167 1304 common-

40 1343 348 1403 strandum
376 1344 438 1402 in
456 1353 674 1401 terram
694 1336 1120 1421 promissioniS.
1145 1336 1202 1395 Si
1226 1335 1386 1395 enim
1409 1335 1568 1395 inter
1587 1334 1958 1398 densissimas
1979 1342 2165 1399 noctis

43 1438 314 1499 tenebras
340 1436 529 1497 audax
553 1436 844 1518 quispiam
864 1433 1139 1493 beneficae
1166 1431 1254 1490 illi
1288 1432 1448 1493 viam
1475 1430 1840 1511 collustranti
1868 1435 2052 1513 igneae
2078 1459 2168 1496 co-

40 1535 254 1593 lumnae
274 1553 339 1592 ac
357 1529 645 1614 populum
661 1530 933 1610 dirigenti
958 1539 1120 1609 terga
1142 1527 1409 1589 vertisset
1423 1572 1441 1603 ,
1471 1538 1757 1609 reputans
1782 1550 1844 1588 se
1861 1528 1974 1588 sibi
1993 1546 2166 1612 posse

42 1629 334 1703 sufficere,
371 1648 481 1686 nec
518 1626 620 1685 illo
650 1624 992 1705 adjumento
1025 1624 1286 1703 indigere
1307 1668 1322 1698 ,
1359 1634 1519 1683 certo
1542 1644 1603 1682 se
1631 1624 1807 1683 exitio
1843 1627 2167 1686 commisis-

39 1735 127 1783 set
151 1723 257 1806 per
278 1721 711 1782 obscurissimos
733 1720 949 1780 deserti
980 1720 1274 1779 anfractus
1292 1765 1309 1793 ,
1339 1719 1713 1801 ferarumque
1739 1719 1853 1779 huc
1875 1721 2013 1781 illuc
2041 1721 2163 1781 dis-

39 1818 398 1878 currentium
421 1818 752 1891 incursum,
776 1837 885 1877 nec
903 1837 1169 1897 unquam
1191 1815 1516 1874 terminum
1537 1814 1827 1897 attingere
1852 1817 2162 1897 potuisset.

39 1916 122 1973 lta
156 1914 329 1993 plane
366 1916 466 1996 qui
500 1914 562 1972 in
590 1912 699 1971 hac
728 1914 850 1972 vita
882 1911 1327 1993 peregrinantes
1348 1955 1364 1984 ,
1406 1908 1696 1970 destinata
1732 1910 1954 1971 malitia
1990 1912 2167 1971 infal-

39 2008 259 2069 libilem
279 2008 546 2069 Ecclesiae
569 2007 976 2067 auctoritatem
997 2004 1358 2088 posthabent
1379 2050 1395 2079 ,
1422 2015 1491 2063 ut
1510 2005 1743 2086 privato
1765 2007 1959 2066 sensui
1974 2007 2166 2066 indul-

42 2115 213 2182 geant
228 2148 244 2171 ..
264 2115 420 2163 certo
440 2125 501 2163 se
516 2103 894 2163 committunt
908 2112 1141 2162 aeternae
1154 2100 1359 2159 mortis
1375 2100 1552 2159 exitio
1573 2145 1589 2175 ,
1609 2121 1719 2159 nec
1741 2122 2003 2182 unquam
2025 2125 2164 2185 per—

43 2198 280 2260 venient
301 2199 374 2258 ad
397 2199 744 2280 promissam
769 2195 1092 2256 humilibus
1119 2195 1463 2256 beatitatem
1480 2240 1497 2270 ‚
1526 2215 1653 2278 quae
1677 2196 1740 2256 in
1764 2196 1924 2257 coelis
1950 2210 2038 2259 est
2054 2199 2167 2280 (l).

865 2374 1357 2417 DIFFICULTATES.

126 2499 264 2558 360.
314 2497 446 2578 Obj.
472 2501 682 2581 prima.
725 2500 1142 2560 Commentum
1175 2497 1607 2560 infallibilitatis
1653 2500 1918 2562 Ecclesiae
1961 2502 2173 2565 adver-

42 2605 203 2653 satur
244 2594 389 2655 ideae
424 2595 717 2675 religionis
753 2595 1122 2670 christianae,
1172 2596 1565 2676 perniciosum
1597 2606 1720 2670 est⁷
1768 2601 2174 2660 auctoritatem

45 2689 298 2771 denique
339 2690 664 2750 humanam
709 2689 1014 2751 substituit
1062 2691 1390 2751 auctoritati
1435 2689 1669 2752 divinae.
1710 2692 1859 2752 Sane
1888 2694 1951 2752 10
1981 2716 2173 2777 neque

46 2783 307 2844 Christus
364 2807 558 2868 neque
611 2785 874 2869 Apostoli
921 2808 1185 2869 unquam
1239 2785 1536 2868 discipulis
1584 2797 1804 2848 certam
1855 2790 2172 2870 quamdam

46 2880 529 2962 praescripserunt
557 2881 695 2942 fidei
731 2882 1073 2963 profitendae
1112 2881 1426 2941 formulam
1466 2883 1633 2942 unice
1663 2883 2017 2958 tenendam3
2071 2886 2173 2944 sed

48 2974 239 3054 potius
265 2974 518 3034 liberum
549 2978 654 3036 Dei
681 2976 903 3036 cultum
932 2976 1212 3036 moralem
1246 2989 1678 3058 praeceperunt,
1716 2979 1885 3037 Joan.
1923 2981 2030 3054 lv,
2054 2982 2133 3041 23
2154 3027 2170 3056 ,

46 3067 153 3141 243
198 3071 367 3146 Vlll,
411 3070 529 3145 323
576 3073 627 3131 ΙΙ
675 3074 804 3132 Cor.
845 3074 956 3146 ΙΙΙ,
1003 3073 1116 3145 173
1159 3072 1288 3132 Gal.
1339 3073 1424 3148 V7
1474 3075 1536 3146 Ι,
1573 3085 1631 3131 et
1676 3073 2000 3134 doctrinam
2034 3099 2174 3159 pro-

55 3177 374 3242 posuerunt
420 3167 503 3226 ita
555 3180 988 3248 comparatam,
1043 3179 1108 3226 ut
1146 3167 1346 3248 perfici
1386 3179 1445 3227 et
1485 3167 1664 3250 possit
1702 3179 1762 3226 et
1813 3167 2170 3253 debeat'(2).

124 3329 194 3393 (1)
227 3330 346 3380 Alias
379 3334 631 3399 diximus,
665 3335 793 3402 quod
826 3352 1066 3401 nunquam
1156 3346 1246 3383 tem
1271 3336 1553 3400 inquirunt,
1589 3334 1680 3381 illis
1694 3353 1741 3383 se
1754 3341 2104 3400 communiant,
2127 3350 2171 3387 et

55 3414 161 3459 satis
185 3414 465 3478 ingeminare
490 3415 672 3482 juvabit
692 3453 707 3478 ‚
730 3420 994 3466 'orationem
1025 3427 1069 3465 et
1151 3419 1403 3466 certissime
1435 3417 1493 3464 ad
1525 3430 1629 3464 eam
1654 3421 1961 3485 pervenient3
1987 3423 2068 3487 qui
2094 3439 2168 3469 eas

55 3491 369 3542 humilitatem
382 3494 496 3543 duas
509 3497 612 3545 illas
635 3498 1059 3553 conditionesesse,
1149 3498 1392 3566 negligunt
1423 3509 1502 3546 aut
1531 3500 1907 3564 parvipendunt,
1939 3512 2042 3549 utut
2068 3520 2169 3551 ma-

53 3576 154 3622 sine
168 3574 339 3640 quibus
364 3576 421 3623 ad
435 3592 592 3626 veram
613 3578 866 3629 Ecclesiam
889 3619 902 3641 ‚
927 3581 1064 3629 adeo·
1146 3599 1260 3646 guas
1298 3583 1620 3646 inquisitiones
1662 3581 1834 3632 faciant
1855 3620 1869 3643 ‚
1924 3601 2169 3650 nunquam

54 3672 146 3720 que
174 3672 332 3705 veram
364 3657 506 3707 fidem
532 3694 551 3722 ,
582 3664 811 3725 perveniri
852 3681 950 3712 non
984 3680 1069 3728 po·-
1154 3666 1284 3715 illam
1313 3673 1634 3731 assequentur.

57 3749 157 3788 test.
184 3739 273 3805 Qui
307 3743 497 3807 proinde
526 3745 705 3794 sincero
737 3746 874 3798 corde
902 3748 1069 3795 verita·
1222 3747 1297 3811 (2)
1336 3746 1403 3795 lta
1437 3745 1766 3812 Wegscheider
1785 3783 1799 3812 ‚
1828 3744 1853 3811 S
1882 3747 1963 3796 30.
