2514 4218
2069 186 2187 247 369

402 214 563 251 PART.
611 213 653 248 1.
702 209 850 248 SEC'I‘.
896 212 963 247 11.
1012 210 1135 248 cAl’.
1171 212 1238 249 11.
1287 209 1356 248 ΒΕ
1397 207 1627 250 ΡΒΙΜΔΤ.
1675 209 1898 247 ΡΕΒΡΕΤ.

81 358 237 419 stolis
257 379 270 415 z
292 355 444 417 Ecce
463 375 560 434 eqo
579 353 885 411 vobiscum
899 373 1037 411 sum
1055 373 1244 431 usque
1266 351 1354 410 ad
1372 352 1944 409 consummationem
1962 352 2190 422 soeculi,

82 477 204 513 non
225 451 508 512 deberent
534 447 799 529 Episcopi
827 446 1034 507 eadem
1059 446 1440 528 promissione
1468 444 1582 504 frui
1614 443 2156 518 fidei-indeficientis
2175 490 2191 519 ,

83 561 149 608 ut
176 541 474 628 Apostoli?
498 541 929 602 Concludamus
957 540 1154 620 igitur,
1180 539 1342 598 haud
1368 560 1538 622 posse
1566 537 1852 618 ejusmodi
1872 538 2196 620 primatum

80 639 467 701 demonstrari
509 648 575 695 ut
617 635 910 713 objectum
947 655 1302 716 permanens
1337 656 1370 693 a
1409 634 1638 693 Christo
1664 633 2003 692 institutum
2034 655 2192 708 esse3

81 739 199 796 imo
221 782 237 811 ,
265 734 534 817 quamvis
558 731 616 791 id
638 731 874 813 probari
897 741 1095 813 posset
1114 775 1130 803 .,
1164 730 1430 788 nondum
1451 735 1568 809 jus
1595 732 1877 789 divinum
1909 731 2197 812 primatus

80 831 312 890 romani
371 829 752 888 constitutum
809 826 956 889 foret
987 869 1008 898 ,
1068 825 1346 905 quoniam
1396 825 1682 905 primatus
1735 826 1892 885 Petri
1938 826 2132 908 potuit.
2167 847 2200 884 a

83 925 314 985 Christo
351 922 577 982 institui
617 943 739 980 non
783 919 858 979 ob
898 917 1163 990 ¹Ecclesiae
1211 918 1535 995 unitatem,
1585 919 1679 978 vel
1713 919 1871 979 aliud
1910 919 2201 998 obJectum

82 1039 468 1101 permanenS‚
513 1016 616 1075 sed
653 1014 834 1075 veluti
869 1013 1173 1096 praemium
1213 1017 1334 1091 ejus
1366 1012 1538 1089 fidei,
1565 1012 1673 1072 zeli
1703 1025 1762 1074 et
1813 1017 2025 1074 amoris
2068 1037 2202 1096 erga

84 1114 380 1173 Christum
430 1112 748 1171 Dominum
781 1109 893 1190 (l).

167 1209 304 1268 539.
352 1211 524 1289 Resp.
573 1210 714 1287 Ney.
753 1215 882 1264 ant.
932 1204 1029 1264 Ad
1068 1205 1178 1278 1¹¹1,
1224 1205 1391 1287 prob.
1429 1208 1591 1266 Dz'st.
1636 1205 1704 1266 Id
1738 1218 1862 1281 est,
1908 1209 2202 1290 conceptis

86 1299 276 1363 verbis
299 1304 570 1385 nuspiam
592 1300 886 1381 Scriptura
912 1299 1190 1374 affirmat,
1214 1304 1717 1359 conservationem
1744 1304 2003 1360 unitatis
2025 1303 2202 1361 moti-

83 1420 222 1461 vum
274 1419 375 1457 seu
408 1416 639 1456 causam
685 1393 895 1465 fuisse.
933 1414 1114 1476 quare
1163 1393 1426 1453 Christus
1477 1394 1800 1453 instituerit
1845 1396 2200 1475 primatum,

84 1514 279 1559 conc.;
315 1487 827 1572 aequivalentibus,
870 1511 998 1569 neq.
1042 1490 1102 1547 Si
1150 1487 1332 1547 semel
1377 1488 1502 1548 haec
1556 1488 1753 1568 regula
1795 1488 2205 1550 admitteretur

55 1590 146 1670 =in
197 1585 586 1669 dignoscendo
636 1584 779 1666 quid
831 1585 1128 1667 Scriptura
1180 1585 1478 1644 contineat
1533 1596 1634 1643 aut
1689 1607 1812 1644 non
1869 1586 2200 1660 contineat,

86 1694 278 1742 actum
307 1681 483 1764 plane
516 1691 667 1739 esset
712 1679 785 1739 de
823 1680 1146 1739 innumeris
1192 1701 1376 1761 prope
1428 1679 1774 1740 veritatibus
1817 1679 1953 1740 fidei
1978 1726 1995 1755 ‚
2060 1703 2204 1764 quas

85 1776 386 1836 nobiscum
423 1774 738 1838 adversarii
764 1775 1116 1856 profitentur
1151 1775 1430 1846 adversus
1476 1775 1807 1833 Socinianos
1843 1785 1901 1834 et
1941 1777 2202 1836 rationa-

85 1871 262 1931 listas.
283 1870 395 1929 Ubi
409 1871 590 1944 enim,
623 1889 835 1951 quaese,
859 1869 1142 1951 scripturn
1167 1880 1254 1928 est
1274 1869 1569 1950 conceptis
1588 1867 1804 1944 verhiS‚
1837 1869 2047 1929 Filium
2072 1892 2196 1931 esse

85 1968 648 2027 consubstantialem
678 1964 873 2039 Patri,
907 1975 1023 2024 tres
1047 1965 1111 2023 in
1143 1967 1265 2023 Deo
1288 1985 1412 2023 esse
1438 1963 1666 2024 divinas
1681 1986 1973 2043 personas
2002 1985 2197 2047 aequa·

78 2061 536 2135 leS‚-coaeternas
574 2061 637 2118 in
662 2059 888 2119 unitate
925 2070 1185 2133 naturae,
1220 2069 1284 2117 ut
1319 2058 1391 2118 de
1427 2057 1553 2118 aliis
1585 2058 1855 2118 sileamus
1881 2059 2015 2140 (2)?
2048 2061 2196 2120 Satis

83 2155 330 2237 proinde
353 2166 440 2214 est
465 2166 532 2212 ut
553 2152 773 2235 aliquid
805 2154 867 2211 in
899 2154 1208 2236 Scripturis
1235 2154 1521 2213 contineri
1558 2153 1784 2212 dicatur
1803 2199 1819 2229 ,
1846 2155 1894 2213 si
1930 2176 2200 2236 expressa

82 2249 368 2309 habeatur
405 2249 648 2321 veritaS‚
702 2268 829 2330 quae
865 2246 1015 2308 illud
1060 2248 1326 2309 involvat
1365 2269 1431 2307 ac
1462 2260 1781 2330 supponat.
1831 2250 1978 2308 Cum
2020 2250 2197 2329 igitur

87 2368 157 2406 ex
205 2346 371 2406 dictis
421 2344 680 2405 Christus
723 2343 1032 2404 Ecclesiam
1081 2343 1263 2404 veluti
1306 2345 1661 2423 oedzfimem,
1697 2345 1978 2420 domum,
2015 2348 2198 2418 ovile,

159 2621 229 2685 (l)
266 2619 334 2668 Ita
369 2618 549 2668 Palmer
572 2655 584 2679 ‚
622 2635 699 2683 op.
722 2620 801 2667 cit.
845 2627 961 2683 part.
1004 2634 1066 2668 vu
1086 2651 1101 2675 ,
1186 2617 1395 2666 Christus
1419 2619 1667 2667 instituerit
1692 2620 1943 2683 primatum
1960 2620 2019 2668 ad
2047 2622 2199 2670 unita-

91 2720 191 2767 cap.
225 2718 254 2750 2
281 2739 295 2762 ‚
325 2701 421 2750 vol.
443 2717 512 2761 11,
535 2716 641 2766 pag.
666 2697 768 2767 493
802 2710 846 2748 et
871 2717 1005 2765 seqq.
1023 2716 1105 2747 cu-

88 2786 165 2850 jus
214 2783 440 2833 nonnulla
481 2792 757 2850 argumenta
806 2781 1104 2847 praetermisi-

93 2883 225 2928 mus,
266 2876 421 2931 utpote
452 2880 554 2931 quae
587 2863 660 2914 vel
687 2881 771 2912 nos
805 2865 999 2912 minime
1032 2864 1102 2913 fe-

96 2950 246 3010 riant,
276 2948 348 2998 vel
375 2965 574 3014 quorum
605 2949 673 2995 vis
709 2947 907 3012 pendeat
933 2963 992 2995 ex
1020 2948 1076 2994 iis
1093 2982 1106 3007 ,

99 3045 200 3094 quae
220 3035 355 3078 antea
381 3029 692 3077 dissolvimus.

171 3111 236 3175 (2)
273 3111 570 3176 Multiplicari
623 3109 853 3177 ejusmodi
899 3109 1106 3174 exempla

106 3189 239 3239 facile
260 3202 445 3256 possent
478 3203 578 3240 tum
605 3209 659 3241 ex
690 3191 921 3257 Baptismo
950 3191 1107 3239 infan-

107 3269 227 3318 tium
246 3308 259 3329 ‚
279 3282 377 3320 tum
406 3292 460 3322 ex
488 3273 721 3340 Baptismo
742 3274 905 3321 collato
934 3273 992 3321 ab
1016 3273 1110 3321 hae-

108 3355 256 3401 reficis
268 3390 282 3407 ,
296 3370 350 3402 ex
364 3355 634 3405 suffectione
647 3357 739 3405 diei
750 3356 990 3404 dominieae
1002 3357 1107 3404 sab-

110 3434 216 3483 bato
238 3434 296 3483 ad
323 3434 420 3484 Deo
448 3437 622 3487 cultum
652 3438 969 3488 exhibendum
988 3475 1002 3499 ,
1022 3447 1110 3487 etc.

111 3515 283 3564 Verum
307 3516 433 3565 hisce
459 3534 572 3582 opus
600 3537 696 3568 non
711 3517 971 3586 habemus,
1003 3537 1112 3568 cum

114 3597 329 3645 omnibus
354 3597 488 3646 obvia
517 3601 624 3648 sint.
670 3600 794 3649 Dum
829 3618 966 3651 cerno
1006 3600 1111 3650 Pal-

1187 2709 1280 2747 tem
1313 2699 1529 2748 Ecclesiae
1564 2701 1920 2749 conservandam
1940 2740 1953 2762 ‚
1983 2703 2099 2751 mihi
2133 2705 2202 2753 vi-

1188 2782 1298 2831 dere
1314 2783 1475 2830 videor
1491 2782 1752 2831 incredulos
1767 2783 1870 2832 illos
1883 2770 2197 2850 philosophos,

1187 2867 1390 2930 quinon
1433 2865 1495 2912 ita
1531 2865 1712 2929 pridem
1755 2864 1815 2913 ad
1851 2867 2198 2933 impugnandas

1187 2963 1345 2994 causas
1368 2945 1530 2994 finales
1560 2956 1815 3010 negarunt,
1844 2957 1922 2994 aut
1953 2947 2115 2997 saltem
2148 2951 2200 2998 in

1188 3027 1391 3075 dubium
1418 3037 1691 3075 revocarunt
1714 3065 1726 3087 ‚
1760 3037 1916 3075 utrum
1945 3030 2087 3096 oculi>⁶¹
2106 3047 2198 3079 no-

1188 3109 1259 3156 bis
1284 3126 1310 3156 a
1342 3118 1504 3157 natura
1522 3113 1539 3168 ¹,
1582 3119 1633 3156 ut
1670 3110 1756 3173 ipsi
1791 3109 2074 3176 loquuntur,
2105 3113 2198 3162 dati

1188 3192 1359 3239 fuerint
1379 3191 1436 3238 ad
1458 3191 1714 3239 videndum
1734 3228 1747 3251 ‚
1778 3208 1908 3240 aures
1923 3193 1980 3241 ad
2005 3194 2197 3244 audien-

1190 3274 1302 3322 dum
1321 3311 1334 3334 ‚
1365 3274 1502 3339 pedes
1529 3271 1589 3321 ad
1617 3274 1972 3326 ambulandum.
2001 3276 2091 3342 Qui
2110 3297 2202 3328 me·

1190 3360 1278 3405 rito
1314 3359 1502 3405 insaniae
1543 3355 1797 3404 insimulati
1829 3359 1880 3405 in
1921 3358 2012 3407 hoc
2049 3370 2157 3407 sunt
2179 3395 2195 3418 ,

1193 3456 1300 3489 cum
1325 3439 1404 3487 hic
1428 3439 1534 3486 finIs
1562 3455 1617 3487 ex
1650 3440 1749 3504 ipso
1778 3439 1947 3488 horum
1980 3458 2199 3492 sensuum

1197 3531 1277 3569 aut
1302 3520 1616 3569 membrorum
1649 3517 1803 3569 officio
1836 3522 2022 3587 patefiat
2042 3558 2055 3581 ,
2090 3525 2205 3587 ipsi·

1198 3620 1288 3670 que
1316 3604 1589 3652 intrinsecus
1610 3603 1952 3670 quodammodo
1968 3613 2106 3670 atque
2135 3622 2207 3654 cs-

117 3678 315 3728 merium
345 3681 396 3727 in
432 3678 628 3730 dubium
675 3699 885 3732 revocare
906 3720 920 3743 ‚
961 3693 1118 3732 utrum
1201 3683 1403 3734 sentialis
1424 3686 1495 3732 sit.

279 3759 344 3818 T.
392 3759 542 3819 VIII.

1886 3763 1968 3823 24
