2514 4218
306 199 420 258 126

895 221 1090 259 TRAGT.
1133 219 1200 255 ΒΕ
1245 216 1395 255 LOCIS
1441 219 1820 263 THEOLOG1C1s.

300 396 487 459 usque
518 376 584 436 in
624 396 914 458 praesenS,
961 384 1138 456 prout
1172 373 1478 454 contigisse
1530 378 1595 437 in
1635 382 1883 444 Ecclesia
1920 385 2199 447 catholica
2239 389 2412 470 paulo

299 483 434 555 post
469 470 863 532 ostendemus·
900 467 1020 528 Sub
1049 469 1160 528 hoc
1196 482 1463 551 respectu
1502 469 1679 532 debet
1717 490 1856 538 nota
1891 479 2016 540 haec
2047 482 2410 564 impugnari3

299 569 401 653 qui
433 568 608 629 aliam
630 569 742 628 init
776 567 968 640 viam,
997 565 1340 627 diverticula
1368 568 1579 649 quaerit
1612 580 1671 629 et
1707 570 1860 633 elabi
1895 589 2159 638 conatur.

379 666 524 726 217.
571 664 660 725 Ad
694 662 814 738 lim,
855 665 1014 723 Dist.
1057 665 1255 722 Potest
1277 708 1293 738 ,
1335 683 1523 732 conc.,·
1550 664 1696 725 solet
1720 711 1736 742 ,
1771 689 1901 748 neq.
1945 660 2214 755 Alioquin
2244 674 2417 735 dubi-

297 774 422 824 tare
456 780 793 844 possemuS,
830 769 1033 818 utrum
1081 760 1345 840 MoyseS,
1387 759 1726 842 Prophetae,
1772 764 2072 846 Apostoli,
2125 771 2415 852 ceterique

296 854 647 920 sanctissimi
660 854 796 930 viri,
819 852 1029 937 quibus
1046 856 1201 915 Deus
1229 877 1365 914 usus
1389 866 1475 916 est
1502 856 1577 915 ad
1602 878 1811 938 magna
1843 859 2131 921 molienda
2153 908 2169 936 ,
2200 863 2418 924 fuerint

298 952 437 1013 mali
469 950 737 1011 homines
774 971 840 1010 ac
879 961 1241 1033 peccatoreS,
1274 962 1450 1034 atque
1474 951 1622 1011 adeo
1657 974 1764 1012 nos
1793 952 2058 1037 decipere
2091 956 2271 1017 etiam·
2307 981 2417 1041 po-

297 1049 519 1110 tuerint
551 1058 758 1131 utpote
779 1046 1061 1107 daemonis
1088 1047 1507 1108 instrumenta.
1540 1049 1673 1109 Haec
1708 1047 1927 1110 absona
1959 1053 2197 1112 omnino
2240 1066 2416 1132 sunt3

207 1176 213 1179 ·
297 1156 476 1228 atque
507 1165 577 1230 ex
609 1165 678 1204 eo
716 1142 877 1226 quod
911 1146 1061 1202 Deus
1091 1142 1426 1220 interdum,
1462 1154 1524 1204 et
1551 1145 2011 1206 extraordinaria
2051 1170 2290 1230 prorsus
2321 1171 2417 1209 ra-

298 1244 494 1316 tione,
536 1239 705 1300 malis
744 1238 1084 1299 hominibus
1118 1262 1255 1299 usus
1293 1239 1502 1316 fuerit,
1541 1253 1642 1300 aut
1677 1243 1853 1302 etiam
1893 1244 2218 1325 permiserit
2256 1249 2415 1324 justo

288 1339 507 1419 judicio
544 1351 702 1413 su0,
725 1348 794 1396 ut
834 1348 1165 1419 peccatores
1202 1357 1235 1397 a
1271 1331 1539 1398 daemone
1578 1338 2027 1422 deciperentur,
2073 1340 2417 1402 concludere

297 1434 374 1495 ad
415 1433 778 1494 ordinarium
812 1444 872 1492 et
906 1444 1254 1494 consuetum
1299 1454 1414 1494 suae
1448 1435 1833 1517 providentiae
1874 1435 2140 1497 ordinem
2183 1436 2416 1519 paralo-

296 1532 516 1612 gismus
541 1542 629 1591 est
649 1576 665 1605 ,
690 1552 868 1612 quem
893 1530 1155 1613 profecto
1171 1531 1514 1613 intorquere
1538 1528 1602 1590 in
1624 1531 1836 1594 divinae
1857 1528 2227 1596 revelationis
2252 1545 2418 1594 notas

296 1626 583 1687 increduli
613 1626 779 1686 facile
807 1637 1046 1709 possent
1078 1626 1192 1706 (l).
2009 1697 2015 1703 .

300 1802 302 1806 ,
376 1723 519 1783 218.
568 1721 659 1782 Ad
700 1722 806 1798 5¹1¹,
845 1724 1004 1781 Dist.
1044 1722 1309 1797 Directe,
1341 1733 1536 1782 trans.
1557 1747 1576 1790 ‚·
1616 1721 1936 1800 indirecte,
1974 1746 2104 1806 neq.
2143 1726 2417 1799 Quamvis

295 1817 598 1895 daremus,
623 1817 781 1900 quod
805 1829 1005 1877 tamen
1021 1816 1181 1877 haud
1199 1817 1596 1893 concedimuS,
1629 1818 1934 1896 miracula,
1959 1842 2089 1902 quae
2105 1823 2255 1880 Deus
2284 1831 2417 1902 post

297 1925 529 1975 aetatem
559 1912 936 1997 apostolicam
956 1935 1064 1997 per
1081 1913 1353 1974 homines
1382 1915 1506 1995 pios
1533 1914 1594 1972 in
1621 1914 1869 1974 Ecclesia
1889 1916 2119 1997 operari
2146 1916 2416 1995 dignatus

361 2108 438 2174 (l)
462 2106 681 2173 Apposite
695 2106 873 2156 Fratres
888 2105 945 2156 de
955 2105 1314 2168 Walemburch,

296 2195 348 2242 in
378 2201 602 2252 controv,
643 2206 714 2247 111,
764 2186 835 2238 De
871 2190 998 2237 uotis
1039 2207 1123 2238 seu
1161 2191 1318 2255 siquis

295 2293 419 2325 verae
444 2272 671 2323 Ecclesioe
692 2312 704 2334 ‚
739 2283 822 2322 art.
876 2272 1008 2323 Usus
1047 2282 1315 2323 controver-

295 2361 380 2408 sioe
406 2358 463 2406 de
495 2358 624 2405 uotis
648 2393 663 2418 ,
706 2366 796 2405 etc.
828 2355 854 2422 ξ
900 2372 956 2422 17
976 2392 989 2415 ‚
1026 2357 1084 2405 ad
1116 2357 1317 2406 similem

295 2441 614 2491 difficultatem
642 2477 655 2500 ‚
678 2457 778 2506 quae
798 2440 1057 2489 desumitur
1080 2458 1133 2489 ex
1150 2439 1317 2506 praedi-

295 2527 452 2573 ctione
480 2522 703 2570 falsorum
726 2522 1058 2571 miraculorum
1076 2561 1089 2584 ,
1122 2541 1314 2589 respon-

294 2607 407 2656 dent
422 2622 436 2655 ;
452 2605 592 2654 Sicut
607 2622 698 2671 per
707 2603 1072 2672 proedictionem
1080 2604 1316 2668 salsorum

297 2687 666 2738 miraculorum·
698 2689 757 2735 in
805 2688 957 2735 veteri
1007 2687 1315 2735 Testamento

296 2788 397 2820 uon
432 2770 616 2821 tollitur
651 2771 727 2820 vis
761 2777 807 2818 et
843 2771 1021 2819 veritas
1053 2769 1312 2819 miraculo-

298 2871 407 2903 rum
440 2853 662 2915 Christi,
696 2869 802 2918 quae
830 2853 975 2900 etiam
995 2869 1026 2900 a
1052 2851 1313 2919 Prophetis

296 2945 435 2984 eraut
449 2934 687 3002 proedicta
709 2953 726 2983 .·
753 2936 822 2982 ita
843 2952 934 3001 per
947 2935 1313 3001 praedictionem

292 3019 527 3084 falsorum
567 3016 917 3068 miraculorum
951 3018 1007 3064 in
1036 3007 1155 3066 novo
1191 3017 1313 3066 Tes-

299 3110 504 3150 tameuto
559 3118 659 3150 nou
699 3099 880 3150 tollitur
922 3101 998 3148 vis
1047 3109 1092 3148 et
1137 3102 1315 3149 veritas

299 3184 649 3232 miraculorum
680 3221 696 3243 ,
754 3200 862 3250 quoe
922 3185 1207 3248 continqunt
1258 3186 1315 3231 in

298 3265 523 3315 Ecclesia
565 3267 779 3329 Christi,
809 3267 959 3333 juxta
998 3264 1314 3331 Prophetiam

300 3347 508 3398 Christi.
536 3347 805 3415 Assiqnent
827 3348 963 3398 vvobis
991 3347 1315 3396 Protestantes

301 3430 571 3481 Ecclesiam
590 3469 603 3492 ,
635 3434 692 3480 iu
713 3450 807 3497 qua
834 3432 1112 3483 successivis
1139 3439 1316 3495 tempo-

299 3515 436 3564 ribus
463 3516 765 3580 coutiqerunt
807 3524 853 3564 et
895 3515 1183 3579 continqunt
1221 3513 1313 3563 mi-

298 3596 486 3648 racula.
513 3596 626 3646 Hoc
656 3599 702 3645 si
725 3614 822 3645 non
855 3605 1083 3665 possunt,
1113 3597 1227 3662 jam
1254 3594 1315 3642 il-

299 3680 454 3729 lorum
498 3679 822 3730 cavillationes
873 3697 974 3729 non
1016 3688 1116 3729 tam
1173 3686 1315 3726 erunt

298 3772 463 3813 contra
525 3761 759 3813 miracula
812 3760 1037 3813 Ecclesioe
1082 3759 1320 3812 catholicoe

1399 2124 1544 2172 quam
1574 2116 1738 2155 contra
1767 2107 2080 2174 prophetiam
2113 2107 2328 2172 Christi,
2365 2118 2420 2158 ut

1399 2189 1536 2238 illam
1583 2190 1850 2240 destruant.
1904 2190 2138 2241 Hactenus
2193 2192 2276 2241 illi.
2324 2190 2417 2241 Nos

1401 2289 1507 2321 vero
1525 2272 1765 2334 addimus,
1789 2273 1891 2321 haec
1910 2273 2007 2339 ipsa
2031 2272 2169 2339 objici
2194 2274 2253 2323 ab
2268 2276 2417 2323 incre-

1400 2354 1521 2402 dulis
1564 2355 1781 2404 adversus
1810 2357 2044 2404 veritatem
2077 2356 2247 2404 divinae
2286 2374 2418 2405 reve-

1399 2435 1584 2485 lationis
1601 2473 1613 2497 ,
1640 2448 1691 2486 ut
1715 2447 1840 2503 patet
1868 2456 1923 2487 ex
1950 2440 2005 2487 iis
2022 2474 2035 2500 ,
2058 2454 2160 2504 quae
2179 2444 2312 2487 tract.
2343 2435 2416 2487 De

1399 2536 1511 2568 vera
1523 2518 1659 2584 reliq.
1681 2520 1997 2580 disseruimus,
2021 2530 2140 2585 part.
2167 2536 2183 2567 1
2198 2556 2213 2580 ,
2233 2536 2336 2584 cap.
2358 2519 2414 2579 33

1397 2602 1455 2649 ab
1495 2602 1760 2650 adversariis
1786 2602 1977 2667 proinde
2021 2603 2157 2649 ctiam
2187 2601 2304 2649 solvi
2331 2601 2415 2650 de-

1396 2682 1575 2732 berent.
1592 2683 1808 2745 Accedit,
1835 2685 2060 2731 rarissima
2086 2700 2183 2733 esse
2208 2683 2414 2748 exempla

1396 2765 1448 2813 in
1479 2763 1608 2814 Novo
1650 2764 1775 2814 Test.
1819 2766 1945 2831 quod
1969 2765 2093 2814 Deus
2121 2765 2194 2814 vel
2218 2783 2300 2831 per
2326 2766 2413 2814 ho-

1397 2849 1545 2896 mines
1587 2849 1751 2913 impios
1788 2848 1982 2896 ediderit
2023 2848 2242 2896 miracula
2263 2884 2278 2909 ,
2335 2857 2416 2896 aut

1396 2933 1652 2996 permiserit
1680 2932 1878 2980 daemoni
1891 2967 1908 2994 ,
1950 2940 2005 2998 ut
2045 2947 2128 2996 per
2169 2931 2413 2997 praestigias

1394 3015 1606 3064 homines
1634 3015 1861 3081 deciperet
1886 3015 2059 3076 malos;
2087 3023 2132 3062 et
2155 3016 2193 3061 si
2209 3015 2260 3061 in
2272 3012 2334 3062 Ν.
2351 3012 2411 3062 Τ.

1396 3101 1623 3164 excipias,
1657 3098 1785 3164 quod
1816 3097 1980 3163 legitur
2011 3096 2068 3145 de
2095 3088 2294 3160 Caipha,
2330 3097 2411 3161 qui

1396 3200 1480 3248 pro
1488 3183 1691 3248 phetavit
1706 3218 1721 3243 ,
1738 3181 1919 3230 nullum
1944 3195 2129 3245 prorsus
2145 3178 2413 3243 exemplum

1397 3267 1590 3315 occurrit
1615 3265 1673 3315 de
1708 3263 1932 3331 ejusmodi
1965 3262 2230 3326 deceptione
2253 3276 2282 3308 a
2313 3260 2412 3309 Deo

1395 3351 1633 3415 permissa.
1663 3347 1790 3396 Licet
1818 3362 1922 3395 vero
1942 3343 2138 3408 Caiphas
2156 3344 2292 3391 fuerit
2308 3358 2410 3414 pes-

1396 3434 1540 3480 simus
1557 3429 1698 3479 homo
1717 3465 1732 3489 ‚
1759 3428 1979 3493 disposuit
2005 3436 2163 3474 tamen
2183 3424 2326 3484 DeuS,
2352 3434 2410 3473 ut

1394 3516 1447 3562 in
1467 3531 1521 3562 eo
1536 3551 1550 3573 ‚
1577 3511 1702 3579 quod
1719 3510 1800 3560 ille
1820 3511 2014 3574 pessima
2030 3509 2284 3556 intentione
2301 3522 2407 3571 pro-

1395 3596 1566 3646 tulerat
1597 3632 1611 3657 ,
1653 3594 1890 3661 prophetia
1935 3594 2262 3642 contineretur.
2310 3588 2406 3637 cfr.

1395 3678 1687 3728 Maidonatus
1707 3715 1721 3738 ‚
1752 3678 1802 3726 in
1832 3693 1930 3742 cap.
1952 3692 2008 3725 xi
2031 3675 2168 3725 Joan.
2186 3692 2235 3723 v.
2256 3670 2338 3719 51.
