2514 4218
282 147 402 210 308

876 166 1081 205 TRACT.
1131 166 1199 202 ΒΕ
1244 166 1395 205 Locls
1437 169 1818 211 THEOLOGICIS.

361 313 502 371 458.
555 309 643 370 Ad
681 310 765 369 4¹¹²
785 354 803 388 ‚
857 311 1004 389 Neq.
1052 309 1205 367 Nam
1241 307 1353 367 hoc
1387 310 1515 391 ipso
1555 314 1714 392 quod
1739 316 2165 393 jurisdictionis
2201 318 2425 399 prima-

282 423 411 469 tum
442 407 707 467 Christus
730 410 904 466 Petro
929 403 1212 478 contulit,
1252 407 1302 463 is
1332 404 1537 465 debuit
1557 452 1573 481 7
1629 419 1697 466 ut
1726 410 1920 472 verbis
1947 415 2230 474 Bossuetii
2250 426 2385 473 utar
2407 459 2424 490 .,

278 526 464 585 super
498 526 699 563 omnes
737 506 867 560 sine
904 505 1279 559 restrictione
1310 500 1400 582 (1)
1442 503 1851 564 auctoritatem
1881 507 2132 585 habere3
2181 531 2430 592 eamque

283 622 554 661 exercere
583 596 905 680 potuisset,
933 596 979 654 si
1010 619 1158 678 opus
1187 608 1374 672 esset3
1401 609 1462 657 et
1483 599 1678 681 reipsa
1708 602 1999 679 exercuit,
2039 604 2184 665 dum
2212 608 2429 688 sc1ipta

281 697 446 758 Pauli
478 693 787 777 probavit,
818 704 879 752 et
917 691 1027 751 alia
1059 694 1269 772 gessit
1310 715 1441 775 quae
1482 695 1545 753 in
1586 694 2032 776 probationibus
2067 720 2430 786 commemo·

280 796 574 864 ravimus
606 810 854 870 quaeque
877 788 1002 871 ipsa
1024 790 1108 848 rei
1143 799 1355 849 natura
1379 781 1661 873 postulat.
1701 793 1993 854 Primatus
2020 795 2182 855 enim
2213 807 2272 856 et
2293 796 2427 857 sub-

272 888 448 969 jectio
495 894 636 944 sunt
696 883 839 946 ideae
884 883 1183 961 relativae
1237 907 1347 945 nec
1390 908 1509 946 una
1546 888 1672 947 sine
1712 888 1897 948 altera
1940 891 2170 972 concipi
2207 903 2424 973 potest.

279 982 451 1058 Quod
485 983 542 1041 ⁴si
571 983 780 1041 Petrus
835 982 960 1040 vim
997 931 1320 1041 coactivam
1350 982 1414 1041 in
1458 983 1767 1065 Apostolos
1809 1007 1933 1045 non
1967 987 2261 1063 exercuit,
2298 987 2430 1049 ideo

281 1090 368 1139 est
387 1124 404 1155 .,
438 1078 578 1161 quia
607 1077 719 1138 hac
747 1076 810 1138 vi
839 1077 1104 1160 Apostoli
1124 1099 1251 1137 non
1279 1078 1629 1160 indigebant
1654 1080 1763 1164 (2).

270 1283 404 1333 pour
423 1265 470 1316 le
478 1281 753 1333 procureur
765 1264 882 1314 dela
901 1281 1018 1313 cour
1033 1263 1322 1312 ecclesiasti-

279 1367 370 1415 que
398 1348 456 1398 de
488 1348 710 1397 lVIalines
728 1384 746 1410 ,
772 1356 1059 1396 accusateur
1089 1355 1134 1395 et
1154 1349 1320 1414 partie

279 1442 440 1482 contre
470 1432 512 1480 le
539 1435 611 1481 P.
652 1430 866 1496 Quesnel
887 1468 900 1494 ‚
931 1449 1041 1480 cum
1078 1449 1317 1481 accusare-

278 1525 385 1574 tur,
430 1515 641 1581 eoquod
674 1518 725 1563 in
756 1516 846 1564 alio
879 1532 1017 1581 opere
1044 1514 1097 1564 S.
1129 1514 1318 1563 Petrum

281 1609 324 1647 et
350 1597 402 1648 S.
434 1597 639 1646 Paulum
670 1597 764 1645 duo
792 1598 1009 1646 Ecclesiae
1032 1599 1182 1663 capita
1200 1613 1318 1645 con-

285 1683 482 1730 stituens
508 1718 521 1740 ‚
550 1680 871 1745 reproduxisse
901 1682 1026 1729 visus
1065 1690 1185 1728 esset
1214 1697 1319 1744 pro-

281 1766 564 1829 positionem
579 1762 854 1812 damnatam
877 1800 891 1823 ,
909 1773 962 1811 ut
977 1764 1318 1811 accusationem

221 1886 238 1894 i
281 1845 507 1905 dilueret,
538 1862 641 1910 pag.
669 1860 757 1913 92,
780 1845 940 1893 scribit
964 1882 977 1906 ,
1002 1863 1111 1894 eum
1136 1856 1318 1893 tantum

280 1931 332 1977 in
350 1929 625 1977 damnatam
643 1928 813 1977 thesim
838 1927 1077 1977 incurrere
1099 1963 1114 1987 ,
1132 1930 1214 1994 qui
1234 1929 1316 1976 ad-

283 2014 484 2061 mitteret
524 2014 648 2060 inter
678 2010 866 2059 Petrum
901 2020 948 2060 et
978 2009 1180 2060 Paulum
1219 2026 1319 2057 om-

282 2095 536 2144 nimodam
563 2093 885 2160 aequalitatem
924 2095 1029 2142 sine
1065 2093 1165 2142 ulla
1204 2092 1315 2142 sub-

283 2178 588 2227 ordinatione
636 2177 703 2226 ad
751 2175 811 2228 S.
868 2176 1073 2225 Petrum
1096 2216 1109 2237 ‚
1164 2187 1216 2227 ut
1266 2177 1317 2226 in

286 2261 475 2309 decreto
507 2261 776 2324 explicatur.
822 2258 1072 2308 Profitetur
1111 2268 1268 2308 autem
1300 2296 1314 2320 ,

280 2361 383 2409 pag.
409 2341 478 2410 94
499 2379 512 2403 ,
538 2359 585 2391 se
621 2343 828 2390 alienum
863 2343 923 2391 ab
952 2343 1041 2391 hac
1065 2344 1313 2402 sententia,

281 2442 390 2474 cum
428 2425 481 2474 S.
514 2424 662 2473 Paulo
703 2441 950 2490 nunquam
981 2425 1196 2474 tribuerit
1224 2429 1318 2492 pri·

283 2520 463 2558 matum
481 2509 787 2558 universalem
805 2547 819 2572 ,
846 2510 1034 2576 qualem
1051 2513 1135 2558 uni
1156 2510 1207 2559 S.
1233 2510 1319 2560 Pe-
1356 2529 1362 2532 ’

283 2603 354 2641 tro
376 2592 677 2641 asserendum
695 2609 792 2640 non
812 2593 1017 2642 dubitat.
1046 2593 1226 2642 Eadem
1247 2594 1318 2642 fa-

281 2686 407 2725 tetur
433 2675 503 2726 Μ.
533 2674 765 2724 Antonius
787 2675 845 2724 de
873 2673 1109 2735 Dominis,
1136 2675 1223 2725 lib.
1247 2692 1309 2736 vr,

283 2780 338 2810 n.
381 2776 411 2809 2
428 2797 443 2821 ‚
464 2760 671 2810 scribens
704 2778 716 2807 τ
743 2757 847 2807 Hic
863 2761 979 2825 jam
1013 2776 1100 2807 nos
1125 2761 1319 2808 romani

283 2845 445 2892 sistere
473 2842 678 2892 solemus
699 2879 712 2904 ‚
746 2851 791 2891 et
819 2842 975 2890 dicere
998 2879 1010 2902 ‚
1051 2841 1257 2890 Petrum
1286 2859 1317 2890 a

286 2924 496 2977 Domino
526 2927 780 2993 desiqnari
796 2943 889 2993 pro
905 2926 1223 2992 fundamento
1248 2934 1318 2975 to-

286 3011 385 3057 tius
400 3009 627 3060 Ecclesiae
645 3048 658 3071 ,
680 3027 788 3076 quae
810 3009 943 3058 debet
957 3008 1111 3057 eidem
1128 3010 1283 3057 inniti
1302 3048 1318 3067 ‚

286 3092 690 3157 quemadmodum
752 3092 1017 3157 oedificium
1083 3093 1322 3140 innititur

280 3174 598 3240 fundamento
613 3193 632 3239 7·
660 3177 741 3243 qui
757 3187 916 3225 tamen
942 3174 1079 3242 paulo
1108 3185 1212 3240 post
1234 3176 1319 3224 ob·

289 3261 421 3308 vium¹
454 3259 584 3310 hunc
623 3278 813 3311 sensum
859 3261 1045 3311 eludere
1087 3270 1315 3318 conatur,

289 3343 359 3390 uti
393 3341 676 3392 videbimuS.
854 3407 856 3409 q

358 3425 424 3491 (1)
462 3421 513 3472 ln
536 3442 676 3474 serm.
704 3425 762 3473 ad
782 3424 985 3475 Comitia
1012 3424 1121 3474 cleri
1145 3423 1310 3473 Gallie.

287 3508 470 3557 Parisiis
491 3507 651 3556 habito
675 3523 753 3556 an.
790 3506 938 3559 1681.

354 3590 426 3655 (2)
464 3588 687 3657 Apposite
716 3588 858 3638 Card.
890 3590 954 3639 du
987 3589 1191 3648 Pet-ron,
1220 3587 1312 3635 Re-

282 3672 450 3739 plique
466 3690 534 3723 au
555 3675 634 3723 roi
662 3672 718 3721 de
742 3672 791 3723 la
824 3671 1309 3736 Grande-Bretaqne‚

1402 1266 1476 1314 ch.
1500 1263 1569 1329 46
1589 1303 1602 1326 ,
1635 1284 1742 1332 pag.
1777 1264 1807 1331 4
1814 1265 1878 1316 58
1912 1278 1956 1316 et
1983 1286 2078 1335 seq.
2103 1271 2248 1319 Pour
2269 1270 2432 1317 main-

1402 1351 1530 1397 tenir
1557 1348 1730 1398 l'unite
1753 1388 1766 1412 ,
1798 1353 1983 1417 inquit,
2018 1350 2059 1401 il
2093 1355 2210 1401 etait
2238 1352 2429 1410 bemin,

1400 1448 1569 1480 encore
1601 1441 1733 1480 outre
1776 1432 2015 1482 l'autorite
2065 1434 2258 1483 interne
2291 1443 2336 1482 et
2363 1451 2434 1483 es-

1401 1515 1610 1563 sentielle
1638 1515 1668 1563 ὰ
1696 1514 1988 1582 Ιάροείοἷαι,
2019 1517 2164 1566 d’une
2183 1525 2321 1565 autre
2335 1534 2431 1566 au-

1402 1598 1539 1646 torite
1550 1606 1743 1646 externe
1762 1607 1807 1646 et
1827 1601 2082 1647 acceseoire
2099 1602 2130 1648 ὰ
2145 1599 2427 1667 l’apostolat,

1400 1682 1490 1746 qui
1511 1683 1594 1729 eut
1620 1680 1667 1728 la
1688 1683 2120 1747 superintendanee
2142 1700 2229 1732 sur
2257 1684 2299 1732 le
2325 1686 2432 1732 eoin·

1401 1762 1519 1811 dela
1534 1766 1866 1813 conservation
1881 1765 1939 1813 de
1955 1764 2139 1814 Punite.
2156 1764 2224 1815 Et
2246 1783 2427 1813 comme

1400 1845 1561 1912 l'offioe
1584 1846 1641 1894 de
1667 1846 1714 1893 la
1732 1863 1876 1895 cause
1901 1856 1969 1895 est
1993 1849 2049 1895 de
2071 1846 2224 1913 reqler
2248 1865 2335 1896 son
2364 1847 2430 1912 es-

1395 1929 1465 1993 fet
1482 1966 1497 1990 ‚
1516 1928 1556 1976 il
1568 1927 1736 1994 fallait
1753 1946 1844 1995 que
1859 1929 1988 1977 celui
2001 1932 2090 1994 qui
2102 1932 2220 1979 etait
2233 1929 2274 1978 le
2284 1933 2434 1996 prin-

1399 2014 1506 2078 cipe
1539 2021 1584 2062 et
1624 2012 1847 2076 l'oriqine
1894 2012 1950 2059 de
1986 2021 2100 2060 cette
2142 2014 2313 2074 unite,
2352 2015 2435 2061 eut

1401 2096 1539 2142 aussi
1562 2093 1610 2141 la
1648 2095 2087 2161 superintendance
2115 2111 2204 2142 sur
2238 2093 2302 2142 les
2343 2112 2435 2143 au·

1400 2186 1522 2236 tres,
1547 2193 1679 2243 pour
1705 2194 1756 2225 ce
1781 2179 1869 2242 qui
1899 2176 2148 2242 reqardait
2164 2176 2212 2225 la
2245 2194 2435 2226 conser-

1401 2261 1568 2308 vation
1602 2259 1660 2307 de
1686 2258 1855 2307 Punite
1875 2297 1889 2320 ‚
1920 2267 1966 2307 et
1987 2276 2087 2325 par
2114 2264 2435 2325 consequence

1401 2341 1449 2390 la
1467 2341 1780 2407 juridiction
1818 2347 2212 2407 supereminente
2246 2359 2342 2390 sur
2368 2342 2435 2391 les

1401 2423 1562 2473 choses
1605 2427 1898 2473 necessaires
1940 2426 1972 2473 ὰ
2011 2424 2060 2473 la
2100 2426 2434 2473 manutention

1401 2507 1459 2556 de
1481 2508 1846 2560 l’unite...Non
1880 2525 1971 2572 que
2001 2507 2067 2555 les
2099 2507 2290 2572 apotreae
2320 2524 2430 2555 eus·

1400 2600 1503 2638 sent
1522 2591 1686 2639 besoin
1710 2607 1846 2656 pou-r
1859 2606 1909 2636 se
1925 2591 2192 2637 maintenir
2206 2606 2266 2638 en
2283 2591 2438 2666 unite,

1399 2691 1488 2738 que
1518 2673 1583 2721 les
1611 2675 1740 2740 effeta
1768 2673 1826 2721 de
1861 2682 1974 2721 cette
2001 2674 2208 2721 auctorite
2232 2691 2281 2722 se
2307 2691 2429 2740 pra-

1401 2759 1670 2821 tiquaesent
1724 2758 1771 2804 si
1817 2756 2136 2804 ecidemment
2190 2773 2277 2804 sur
2338 2773 2432 2804 eux

1399 2856 1579 2888 comme
1606 2856 1694 2887 sur
1719 2839 1849 2887 leurs
1878 2856 2178 2887 svcccesaeurs
2201 2876 2215 2901 ‚
2239 2840 2270 2887 ὰ
2291 2857 2433 2887 cause

1401 2922 1458 2970 de
1492 2921 1792 2971 l’assistance
1821 2919 1971 2986 qu’ils
2003 2923 2204 2970 avaient
2241 2920 2433 2970 chacun

1401 3023 1462 3054 en
1488 3005 1781 3072 particulier
1819 3004 1878 3052 de
1914 3004 2127 3071 l’Esprit
2167 3003 2225 3052 de
2252 3002 2381 3053 Dieu
2412 3023 2427 3067 ;

1401 3090 1528 3138 mais
1552 3090 1655 3157 afin
1685 3088 1742 3137 de
1769 3083 1998 3155 proposer
2033 3088 2064 3135 ὰ
2100 3084 2302 3152 l’quise
2337 3105 2432 3137 une

1395 3174 1550 3238 forme
1573 3180 1621 3221 et
1661 3188 1732 3219 un
1765 3169 1948 3219 modele
1978 3169 2036 3216 de
2067 3169 2239 3218 l'ordre
2268 3169 2432 3236 qu'elle

1402 3255 1564 3304 devait
1598 3256 1763 3303 suivre
1802 3253 1943 3319 apres
1979 3252 2083 3300 leur
2105 3253 2256 3302 deces.
2291 3252 2430 3319 Quod

1354 3351 1357 3359 '
1403 3341 1542 3388 etiam
1565 3338 1724 3386 Petrus
1751 3336 1808 3386 de
1839 3336 1998 3384 Marca
2014 3373 2031 3398 ,
2067 3339 2118 3384 in
2146 3354 2307 3402 opusc.
2342 3339 2425 3386 cit.

1398 3422 1481 3471 De
1512 3421 1730 3470 discrim.
1763 3418 2047 3469 clericorum
2078 3428 2124 3469 et
2160 3419 2423 3480 laicorum,

1398 3505 1544 3553 fassus
1570 3513 1671 3564 est,
1702 3502 1907 3550 scribens
1928 3540 1941 3563 ‚
1973 3521 2079 3569 cap.
2122 3502 2152 3550 3
2174 3540 2188 3564 ‚
2218 3521 2267 3550 n.
2316 3503 2372 3550 13
2408 3518 2423 3550 ε

1407 3585 1722 3635 Tenebantur
1759 3585 1982 3652 Apostoli
2003 3584 2218 3652 fundare
2255 3582 2425 3632 Eccle-

1397 3669 1496 3720 siae
1517 3668 1572 3719 in
1599 3670 1787 3718 unitate
1802 3704 1816 3730 ‚
1851 3667 1991 3735 cujus
2017 3676 2164 3736 caput
2183 3684 2291 3717 cum
2309 3668 2429 3713 esset
