<?xml version="1.0" encoding="UTF-8"?>
<!DOCTYPE html PUBLIC "-//W3C//DTD XHTML 1.0 Transitional//EN"
    "http://www.w3.org/TR/xhtml1/DTD/xhtml1-transitional.dtd">
<html xmlns="http://www.w3.org/1999/xhtml" xml:lang="en" lang="en">
 <head>
  <title>
</title>
<meta http-equiv="Content-Type" content="text/html;charset=utf-8" />
  <meta name='ocr-system' content='tesseract 3.04.00' />
  <meta name='ocr-capabilities' content='ocr_page ocr_carea ocr_par ocr_line ocrx_word'/>
</head>
<body>
  <div class='ocr_page' id='page_1' title='image "a603693808perruoft_0108.png"; bbox 0 0 2514 4218; ppageno 0'>
   <div class='ocr_carea' id='block_1_1' title="bbox 325 209 401 271">
    <p class='ocr_par' dir='ltr' id='par_1_1' title="bbox 325 209 401 271">
     <span class='ocr_line' id='line_1_1' title="bbox 325 209 401 271; baseline 0.039 -3"><span class='ocrx_word' id='word_1_1' title='bbox 325 209 401 271; x_wconf 84' lang='lat'>96</span> 
     </span>
    </p>
   </div>
   <div class='ocr_carea' id='block_1_2' title="bbox 910 234 1837 281">
    <p class='ocr_par' dir='ltr' id='par_1_2' title="bbox 910 234 1837 281">
     <span class='ocr_line' id='line_1_2' title="bbox 910 234 1837 281; baseline 0.006 -6"><span class='ocrx_word' id='word_1_2' title='bbox 910 238 1110 275; x_wconf 74' lang='lat' dir='ltr'>TnAc&#39;r.</span> <span class='ocrx_word' id='word_1_3' title='bbox 1154 234 1227 274; x_wconf 74' lang='lat' dir='ltr'>DE</span> <span class='ocrx_word' id='word_1_4' title='bbox 1268 235 1424 277; x_wconf 81' lang='lat' dir='ltr'>LOCIS</span> <span class='ocrx_word' id='word_1_5' title='bbox 1467 241 1837 281; x_wconf 76' lang='lat' dir='ltr'><strong>THEOLOGIGIS·</strong></span> 
     </span>
    </p>
   </div>
   <div class='ocr_carea' id='block_1_3' title="bbox 309 378 2438 660">
    <p class='ocr_par' dir='ltr' id='par_1_3' title="bbox 309 378 2438 660">
     <span class='ocr_line' id='line_1_3' title="bbox 410 378 2433 464; baseline 0.005 -25"><span class='ocrx_word' id='word_1_6' title='bbox 410 379 549 439; x_wconf 82' lang='lat'>163.</span> <span class='ocrx_word' id='word_1_7' title='bbox 600 380 813 440; x_wconf 89' lang='lat' dir='ltr'>Verum</span> <span class='ocrx_word' id='word_1_8' title='bbox 848 379 1006 462; x_wconf 86' lang='lat' dir='ltr'>quod</span> <span class='ocrx_word' id='word_1_9' title='bbox 1044 378 1224 457; x_wconf 80' lang='lat' dir='ltr'>magis</span> <span class='ocrx_word' id='word_1_10' title='bbox 1249 379 1476 438; x_wconf 88' lang='lat' dir='ltr'>mireris</span> <span class='ocrx_word' id='word_1_11' title='bbox 1510 382 1638 457; x_wconf 76' lang='lat' dir='ltr'>est,</span> <span class='ocrx_word' id='word_1_12' title='bbox 1673 406 1876 446; x_wconf 91' lang='lat' dir='ltr'>omnes</span> <span class='ocrx_word' id='word_1_13' title='bbox 1906 387 2253 448; x_wconf 84' lang='lat' dir='ltr'>acatholicos</span> <span class='ocrx_word' id='word_1_14' title='bbox 2273 433 2290 464; x_wconf 76' lang='lat'>,</span> <span class='ocrx_word' id='word_1_15' title='bbox 2329 411 2433 450; x_wconf 89' lang='lat' dir='ltr'>seu</span> 
     </span>
     <span class='ocr_line' id='line_1_4' title="bbox 322 471 2433 564; baseline 0.004 -30"><span class='ocrx_word' id='word_1_16' title='bbox 322 484 503 534; x_wconf 83' lang='lat' dir='ltr'>sectas</span> <span class='ocrx_word' id='word_1_17' title='bbox 570 475 917 535; x_wconf 83' lang='lat' dir='ltr'>recentiores</span> <span class='ocrx_word' id='word_1_18' title='bbox 975 471 1234 553; x_wconf 89' lang='lat' dir='ltr'>idipsum</span> <span class='ocrx_word' id='word_1_19' title='bbox 1300 475 1605 553; x_wconf 82' lang='lat' dir='ltr'>profiteri3</span> <span class='ocrx_word' id='word_1_20' title='bbox 1660 498 1809 538; x_wconf 87' lang='lat' dir='ltr'>nam·</span> <span class='ocrx_word' id='word_1_21' title='bbox 1844 493 1905 542; x_wconf 85' lang='lat' dir='ltr'>et</span> <span class='ocrx_word' id='word_1_22' title='bbox 1941 483 2052 564; x_wconf 87' lang='lat' dir='ltr'>ipsi</span> <span class='ocrx_word' id='word_1_23' title='bbox 2109 482 2433 543; x_wconf 72' lang='lat' dir='ltr'>admittunt:</span> 
     </span>
     <span class='ocr_line' id='line_1_5' title="bbox 309 567 2438 660; baseline 0.004 -30"><span class='ocrx_word' id='word_1_24' title='bbox 309 568 778 630; x_wconf 78' lang='lat' dir='ltr'>&#39;catholicitatem</span> <span class='ocrx_word' id='word_1_25' title='bbox 821 587 944 627; x_wconf 89' lang='lat' dir='ltr'>esse</span> <span class='ocrx_word' id='word_1_26' title='bbox 985 588 1139 627; x_wconf 85' lang='lat' dir='ltr'>verae</span> <span class='ocrx_word' id='word_1_27' title='bbox 1168 567 1429 629; x_wconf 85' lang='lat' dir='ltr'>Ecclesiae</span> <span class='ocrx_word' id='word_1_28' title='bbox 1467 570 1888 653; x_wconf 80' lang='lat' dir='ltr'>proprietatem</span> <span class='ocrx_word' id='word_1_29' title='bbox 1911 621 1929 650; x_wconf 61' lang='lat' dir='ltr'>a</span> <span class='ocrx_word' id='word_1_30' title='bbox 1963 579 2212 638; x_wconf 83' lang='lat' dir='ltr'>recitant</span> <span class='ocrx_word' id='word_1_31' title='bbox 2241 589 2298 638; x_wconf 81' lang='lat' dir='ltr'>et</span> <span class='ocrx_word' id='word_1_32' title='bbox 2326 578 2438 660; x_wconf 90' lang='lat' dir='ltr'>ipsi</span> 
     </span>
    </p>
   </div>
   <div class='ocr_carea' id='block_1_4' title="bbox 322 662 2435 746">
    <p class='ocr_par' dir='ltr' id='par_1_4' title="bbox 322 662 2435 746">
     <span class='ocr_line' id='line_1_6' title="bbox 322 662 2435 746; baseline 0.004 -21"><span class='ocrx_word' id='word_1_33' title='bbox 322 666 630 727; x_wconf 83' lang='lat' dir='ltr'>articulum</span> <span class='ocrx_word' id='word_1_34' title='bbox 669 662 926 746; x_wconf 75' lang='lat' dir='ltr'>symboli</span> <span class='ocrx_word' id='word_1_35' title='bbox 947 663 1246 745; x_wconf 83' lang='lat' dir='ltr'>apostolici</span> <span class='ocrx_word' id='word_1_36' title='bbox 1280 687 1294 724; x_wconf 76' lang='grc' dir='ltr'>ε</span> <span class='ocrx_word' id='word_1_37' title='bbox 1336 666 1519 727; x_wconf 83' lang='lat' dir='ltr'>Credo</span> <span class='ocrx_word' id='word_1_38' title='bbox 1559 679 1836 729; x_wconf 75' lang='lat' dir='ltr'><strong><em>sanctam</em></strong></span> <span class='ocrx_word' id='word_1_39' title='bbox 1865 672 2201 735; x_wconf 71' lang='lat' dir='ltr'><strong><em>Ecclesiam</em></strong></span> <span class='ocrx_word' id='word_1_40' title='bbox 2233 676 2435 735; x_wconf 75' lang='lat' dir='ltr'>catho-</span> 
     </span>
    </p>
   </div>
   <div class='ocr_carea' id='block_1_5' title="bbox 322 761 630 843">
    <p class='ocr_par' dir='ltr' id='par_1_5' title="bbox 322 761 630 843">
     <span class='ocr_line' id='line_1_7' title="bbox 322 761 630 843; baseline -0.01 -20"><span class='ocrx_word' id='word_1_41' title='bbox 322 766 505 825; x_wconf 82' lang='lat' dir='ltr'><strong><em>licam</em></strong></span> <span class='ocrx_word' id='word_1_42' title='bbox 527 761 630 843; x_wconf 87' lang='lat' dir='ltr'>(l).</span> 
     </span>
    </p>
   </div>
   <div class='ocr_carea' id='block_1_6' title="bbox 320 922 1335 993">
    <p class='ocr_par' dir='ltr' id='par_1_6' title="bbox 320 922 1335 993">
     <span class='ocr_line' id='line_1_8' title="bbox 320 922 1335 993; baseline -0.002 -15"><span class='ocrx_word' id='word_1_43' title='bbox 320 925 398 978; x_wconf 64' lang='grc' dir='ltr'>καὶ</span> <span class='ocrx_word' id='word_1_44' title='bbox 425 931 506 976; x_wconf 62' lang='grc' dir='ltr'>τᾶν</span> <span class='ocrx_word' id='word_1_45' title='bbox 555 922 713 976; x_wconf 69' lang='grc' dir='ltr'>ἐκείνων</span> <span class='ocrx_word' id='word_1_46' title='bbox 740 928 961 989; x_wconf 61' lang='grc' dir='ltr'>μαθητῶν</span> <span class='ocrx_word' id='word_1_47' title='bbox 994 931 1335 993; x_wconf 60' lang='grc' dir='ltr'>παρειληβυὸσοι</span> 
     </span>
    </p>
   </div>
   <div class='ocr_carea' id='block_1_7' title="bbox 314 1017 1360 3813">
    <p class='ocr_par' dir='ltr' id='par_1_7' title="bbox 314 1017 1351 3068">
     <span class='ocr_line' id='line_1_9' title="bbox 320 1017 1339 1085; baseline -0.002 -12"><span class='ocrx_word' id='word_1_48' title='bbox 320 1020 396 1079; x_wconf 67' lang='grc' dir='ltr'>τὼ</span> <span class='ocrx_word' id='word_1_49' title='bbox 425 1026 485 1076; x_wconf 79' lang='grc' dir='ltr'>εἷς</span> <span class='ocrx_word' id='word_1_50' title='bbox 508 1017 580 1072; x_wconf 63' lang='grc' dir='ltr'>ἕνα</span> <span class='ocrx_word' id='word_1_51' title='bbox 605 1019 711 1072; x_wconf 71' lang='grc' dir='ltr'>Θεδν</span> <span class='ocrx_word' id='word_1_52' title='bbox 730 1061 744 1085; x_wconf 88' lang='grc'>,</span> <span class='ocrx_word' id='word_1_53' title='bbox 769 1045 818 1073; x_wconf 74' lang='grc' dir='ltr'>κ.</span> <span class='ocrx_word' id='word_1_54' title='bbox 848 1043 896 1074; x_wconf 73' lang='grc' dir='ltr'>τ.</span> <span class='ocrx_word' id='word_1_55' title='bbox 922 1032 977 1072; x_wconf 81' lang='grc' dir='ltr'>λ.</span> <span class='ocrx_word' id='word_1_56' title='bbox 1006 1024 1054 1072; x_wconf 87' lang='lat' dir='ltr'>id</span> <span class='ocrx_word' id='word_1_57' title='bbox 1072 1034 1138 1073; x_wconf 90' lang='lat' dir='ltr'>est</span> <span class='ocrx_word' id='word_1_58' title='bbox 1170 1040 1186 1072; x_wconf 73' lang='grc' dir='ltr'><strong><em>ε</em></strong></span> <span class='ocrx_word' id='word_1_59' title='bbox 1221 1022 1339 1072; x_wconf 71' lang='lat' dir='ltr'>Ete-</span> 
     </span>
     <span class='ocr_line' id='line_1_10' title="bbox 319 1095 1351 1174; baseline -0.001 -20"><span class='ocrx_word' id='word_1_60' title='bbox 319 1108 428 1155; x_wconf 86' lang='lat' dir='ltr'>nim</span> <span class='ocrx_word' id='word_1_61' title='bbox 464 1104 686 1155; x_wconf 75' lang='lat' dir='ltr'>Ecclesia</span> <span class='ocrx_word' id='word_1_62' title='bbox 716 1142 730 1165; x_wconf 91' lang='lat'>‚</span> <span class='ocrx_word' id='word_1_63' title='bbox 784 1109 979 1157; x_wconf 85' lang='lat' dir='ltr'>tametsi</span> <span class='ocrx_word' id='word_1_64' title='bbox 1011 1123 1105 1174; x_wconf 84' lang='lat' dir='ltr'>per</span> <span class='ocrx_word' id='word_1_65' title='bbox 1143 1095 1351 1154; x_wconf 41' lang='lat' dir='ltr'>unice&amp;</span> 
     </span>
     <span class='ocr_line' id='line_1_11' title="bbox 319 1187 1340 1253; baseline 0.001 -17"><span class='ocrx_word' id='word_1_66' title='bbox 319 1205 426 1237; x_wconf 83' lang='lat' dir='ltr'>sum</span> <span class='ocrx_word' id='word_1_67' title='bbox 469 1187 626 1236; x_wconf 85' lang='lat' dir='ltr'>orbem</span> <span class='ocrx_word' id='word_1_68' title='bbox 671 1203 818 1253; x_wconf 83' lang='lat' dir='ltr'>usque</span> <span class='ocrx_word' id='word_1_69' title='bbox 846 1189 907 1237; x_wconf 84' lang='lat' dir='ltr'>ed</span> <span class='ocrx_word' id='word_1_70' title='bbox 943 1198 1175 1238; x_wconf 76' lang='lat' dir='ltr'>extremos</span> <span class='ocrx_word' id='word_1_71' title='bbox 1202 1197 1340 1237; x_wconf 82' lang='lat' dir='ltr'>terroe</span> 
     </span>
     <span class='ocr_line' id='line_1_12' title="bbox 314 1269 1341 1337; baseline 0.001 -19"><span class='ocrx_word' id='word_1_72' title='bbox 314 1271 439 1336; x_wconf 84' lang='lat' dir='ltr'>fines</span> <span class='ocrx_word' id='word_1_73' title='bbox 463 1269 679 1335; x_wconf 82' lang='lat' dir='ltr'>dispersa</span> <span class='ocrx_word' id='word_1_74' title='bbox 696 1306 710 1330; x_wconf 91' lang='lat'>‚</span> <span class='ocrx_word' id='word_1_75' title='bbox 727 1269 875 1334; x_wconf 83' lang='lat' dir='ltr'>fidem</span> <span class='ocrx_word' id='word_1_76' title='bbox 909 1289 1017 1320; x_wconf 87' lang='lat' dir='ltr'>eam</span> <span class='ocrx_word' id='word_1_77' title='bbox 1050 1271 1115 1320; x_wconf 53' lang='lat' dir='ltr'>ab*</span> <span class='ocrx_word' id='word_1_78' title='bbox 1138 1269 1341 1337; x_wconf 81' lang='lat' dir='ltr'>Aposto-</span> 
     </span>
     <span class='ocr_line' id='line_1_13' title="bbox 322 1352 1335 1420; baseline -0.001 -19"><span class='ocrx_word' id='word_1_79' title='bbox 322 1352 383 1401; x_wconf 88' lang='lat' dir='ltr'>lis</span> <span class='ocrx_word' id='word_1_80' title='bbox 427 1368 681 1417; x_wconf 80' lang='lat' dir='ltr'>eorumque</span> <span class='ocrx_word' id='word_1_81' title='bbox 738 1352 995 1418; x_wconf 72' lang='lat' dir='ltr'><strong><em>discipulis</em></strong></span> <span class='ocrx_word' id='word_1_82' title='bbox 1043 1362 1287 1420; x_wconf 83' lang='lat' dir='ltr'>acceptam</span> <span class='ocrx_word' id='word_1_83' title='bbox 1322 1391 1335 1414; x_wconf 88' lang='lat'>,</span> 
     </span>
     <span class='ocr_line' id='line_1_14' title="bbox 320 1435 1339 1501; baseline 0.002 -18"><span class='ocrx_word' id='word_1_84' title='bbox 320 1452 427 1501; x_wconf 82' lang='lat' dir='ltr'>quae</span> <span class='ocrx_word' id='word_1_85' title='bbox 460 1436 609 1483; x_wconf 86' lang='lat' dir='ltr'>estin</span> <span class='ocrx_word' id='word_1_86' title='bbox 644 1451 802 1482; x_wconf 83' lang='lat' dir='ltr'>unum</span> <span class='ocrx_word' id='word_1_87' title='bbox 841 1435 1005 1485; x_wconf 85' lang='lat' dir='ltr'>Deum</span> <span class='ocrx_word' id='word_1_88' title='bbox 1032 1474 1046 1497; x_wconf 88' lang='lat'><strong>,</strong></span> <span class='ocrx_word' id='word_1_89' title='bbox 1073 1447 1163 1487; x_wconf 88' lang='lat' dir='ltr'>etc.</span> <span class='ocrx_word' id='word_1_90' title='bbox 1201 1436 1339 1485; x_wconf 80' lang='lat' dir='ltr'>Plura</span> 
     </span>
     <span class='ocr_line' id='line_1_15' title="bbox 322 1514 1342 1586; baseline 0 -19"><span class='ocrx_word' id='word_1_91' title='bbox 322 1519 409 1568; x_wconf 84' lang='lat' dir='ltr'>alia</span> <span class='ocrx_word' id='word_1_92' title='bbox 437 1518 522 1567; x_wconf 82' lang='lat' dir='ltr'>cfr.</span> <span class='ocrx_word' id='word_1_93' title='bbox 557 1514 769 1583; x_wconf 85' lang='lat' dir='ltr'>ejusdem</span> <span class='ocrx_word' id='word_1_94' title='bbox 801 1515 850 1567; x_wconf 92' lang='lat' dir='ltr'>S.</span> <span class='ocrx_word' id='word_1_95' title='bbox 891 1519 1104 1586; x_wconf 83' lang='lat' dir='ltr'>Martyris</span> <span class='ocrx_word' id='word_1_96' title='bbox 1129 1521 1182 1568; x_wconf 88' lang='lat' dir='ltr'>in</span> <span class='ocrx_word' id='word_1_97' title='bbox 1216 1519 1342 1568; x_wconf 88' lang='lat' dir='ltr'>hanc</span> 
     </span>
     <span class='ocr_line' id='line_1_16' title="bbox 322 1599 1341 1666; baseline 0 -17"><span class='ocrx_word' id='word_1_98' title='bbox 322 1618 422 1650; x_wconf 89' lang='lat' dir='ltr'>rem</span> <span class='ocrx_word' id='word_1_99' title='bbox 465 1599 735 1650; x_wconf 86' lang='lat' dir='ltr'>testimonia</span> <span class='ocrx_word' id='word_1_100' title='bbox 782 1602 907 1666; x_wconf 82' lang='lat' dir='ltr'>apud</span> <span class='ocrx_word' id='word_1_101' title='bbox 955 1602 1239 1651; x_wconf 87' lang='lat' dir='ltr'>Massuetum</span> <span class='ocrx_word' id='word_1_102' title='bbox 1289 1603 1341 1649; x_wconf 90' lang='lat' dir='ltr'>in</span> 
     </span>
     <span class='ocr_line' id='line_1_17' title="bbox 322 1679 1339 1747; baseline -0.002 -15"><span class='ocrx_word' id='word_1_103' title='bbox 322 1681 454 1732; x_wconf 80' lang='lat' dir='ltr'>Diss.</span> <span class='ocrx_word' id='word_1_104' title='bbox 484 1679 692 1732; x_wconf 82' lang='lat' dir='ltr'>inlren.</span> <span class='ocrx_word' id='word_1_105' title='bbox 710 1692 797 1732; x_wconf 85' lang='lat' dir='ltr'>art.</span> <span class='ocrx_word' id='word_1_106' title='bbox 823 1700 890 1744; x_wconf 79' lang='lat' dir='ltr'>lv,</span> <span class='ocrx_word' id='word_1_107' title='bbox 910 1701 962 1733; x_wconf 89' lang='lat' dir='ltr'>n.</span> <span class='ocrx_word' id='word_1_108' title='bbox 983 1682 1067 1747; x_wconf 73' lang='grc' dir='ltr'>4ο.</span> <span class='ocrx_word' id='word_1_109' title='bbox 1091 1683 1174 1733; x_wconf 87' lang='lat' dir='ltr'>Sic</span> <span class='ocrx_word' id='word_1_110' title='bbox 1194 1686 1339 1732; x_wconf 88' lang='lat' dir='ltr'>etiam</span> 
     </span>
     <span class='ocr_line' id='line_1_18' title="bbox 322 1763 1336 1825; baseline 0.004 -13"><span class='ocrx_word' id='word_1_111' title='bbox 322 1767 444 1813; x_wconf 88' lang='lat' dir='ltr'>inter</span> <span class='ocrx_word' id='word_1_112' title='bbox 458 1764 626 1813; x_wconf 86' lang='lat' dir='ltr'>latinos</span> <span class='ocrx_word' id='word_1_113' title='bbox 640 1763 953 1813; x_wconf 85' lang='lat' dir='ltr'>Tertullianus</span> <span class='ocrx_word' id='word_1_114' title='bbox 972 1801 987 1825; x_wconf 91' lang='lat'>,</span> <span class='ocrx_word' id='word_1_115' title='bbox 1013 1765 1154 1815; x_wconf 83' lang='lat' dir='ltr'>Cont.</span> <span class='ocrx_word' id='word_1_116' title='bbox 1170 1765 1336 1816; x_wconf 88' lang='lat' dir='ltr'>Marc.</span> 
     </span>
     <span class='ocr_line' id='line_1_19' title="bbox 321 1846 1342 1913; baseline 0.003 -19"><span class='ocrx_word' id='word_1_117' title='bbox 321 1846 408 1896; x_wconf 83' lang='lat' dir='ltr'>lib.</span> <span class='ocrx_word' id='word_1_118' title='bbox 436 1864 482 1906; x_wconf 83' lang='lat' dir='ltr'>v,</span> <span class='ocrx_word' id='word_1_119' title='bbox 510 1864 613 1912; x_wconf 86' lang='lat' dir='ltr'>cap.</span> <span class='ocrx_word' id='word_1_120' title='bbox 650 1862 709 1913; x_wconf 86' lang='lat'>19</span> <span class='ocrx_word' id='word_1_121' title='bbox 733 1883 747 1907; x_wconf 91' lang='lat'>‚</span> <span class='ocrx_word' id='word_1_122' title='bbox 762 1847 873 1896; x_wconf 82' lang='lat' dir='ltr'>edit.</span> <span class='ocrx_word' id='word_1_123' title='bbox 893 1846 1042 1913; x_wconf 80' lang='lat' dir='ltr'>Rigal.</span> <span class='ocrx_word' id='word_1_124' title='bbox 1065 1850 1116 1896; x_wconf 90' lang='lat' dir='ltr'>in</span> <span class='ocrx_word' id='word_1_125' title='bbox 1132 1848 1342 1897; x_wconf 90' lang='lat' dir='ltr'>medium</span> 
     </span>
     <span class='ocr_line' id='line_1_20' title="bbox 322 1927 1339 1995; baseline 0.001 -17"><span class='ocrx_word' id='word_1_126' title='bbox 322 1928 460 1978; x_wconf 80' lang='lat' dir='ltr'>allato</span> <span class='ocrx_word' id='word_1_127' title='bbox 479 1927 685 1995; x_wconf 78' lang='lat' dir='ltr'>Apostoli</span> <span class='ocrx_word' id='word_1_128' title='bbox 707 1930 978 1978; x_wconf 86' lang='lat' dir='ltr'>testimonio</span> <span class='ocrx_word' id='word_1_129' title='bbox 994 1931 1050 1978; x_wconf 90' lang='lat' dir='ltr'>de</span> <span class='ocrx_word' id='word_1_130' title='bbox 1067 1930 1339 1995; x_wconf 81' lang='lat' dir='ltr'>Evangeli0‚</span> 
     </span>
     <span class='ocr_line' id='line_1_21' title="bbox 324 2011 1344 2077; baseline 0.001 -17"><span class='ocrx_word' id='word_1_131' title='bbox 324 2011 453 2077; x_wconf 83' lang='lat' dir='ltr'>quod</span> <span class='ocrx_word' id='word_1_132' title='bbox 485 2012 711 2077; x_wconf 81' lang='lat' dir='ltr'>pervenit</span> <span class='ocrx_word' id='word_1_133' title='bbox 749 2028 899 2076; x_wconf 83' lang='lat' dir='ltr'>usque</span> <span class='ocrx_word' id='word_1_134' title='bbox 944 2011 1010 2060; x_wconf 82' lang='lat' dir='ltr'>acl</span> <span class='ocrx_word' id='word_1_135' title='bbox 1044 2029 1126 2061; x_wconf 82' lang='lat' dir='ltr'>vos</span> <span class='ocrx_word' id='word_1_136' title='bbox 1159 2051 1172 2072; x_wconf 87' lang='lat'><strong>,</strong></span> <span class='ocrx_word' id='word_1_137' title='bbox 1218 2014 1344 2061; x_wconf 85' lang='lat' dir='ltr'>sicut</span> 
     </span>
     <span class='ocr_line' id='line_1_22' title="bbox 323 2094 1340 2161; baseline -0.001 -18"><span class='ocrx_word' id='word_1_138' title='bbox 323 2102 369 2143; x_wconf 89' lang='lat' dir='ltr'>et</span> <span class='ocrx_word' id='word_1_139' title='bbox 398 2096 455 2142; x_wconf 85' lang='lat' dir='ltr'>in</span> <span class='ocrx_word' id='word_1_140' title='bbox 495 2102 645 2142; x_wconf 82' lang='lat' dir='ltr'>totum</span> <span class='ocrx_word' id='word_1_141' title='bbox 684 2094 926 2142; x_wconf 84' lang='lat' dir='ltr'>mundum</span> <span class='ocrx_word' id='word_1_142' title='bbox 950 2131 964 2153; x_wconf 91' lang='lat'>‚</span> <span class='ocrx_word' id='word_1_143' title='bbox 1002 2094 1298 2161; x_wconf 87' lang='lat' dir='ltr'>prosequitur</span> <span class='ocrx_word' id='word_1_144' title='bbox 1327 2111 1340 2142; x_wconf 72' lang='grc' dir='ltr'><strong>ι</strong></span> 
     </span>
     <span class='ocr_line' id='line_1_23' title="bbox 324 2174 1342 2241; baseline 0.001 -16"><span class='ocrx_word' id='word_1_145' title='bbox 324 2176 458 2226; x_wconf 90' lang='lat' dir='ltr'>Nam</span> <span class='ocrx_word' id='word_1_146' title='bbox 481 2177 529 2224; x_wconf 89' lang='lat' dir='ltr'>si</span> <span class='ocrx_word' id='word_1_147' title='bbox 555 2174 670 2239; x_wconf 86' lang='lat' dir='ltr'>jam</span> <span class='ocrx_word' id='word_1_148' title='bbox 696 2184 812 2224; x_wconf 79' lang='lat' dir='ltr'>tunc</span> <span class='ocrx_word' id='word_1_149' title='bbox 842 2175 1038 2225; x_wconf 82' lang='lat' dir='ltr'>traditio</span> <span class='ocrx_word' id='word_1_150' title='bbox 1069 2175 1342 2241; x_wconf 77' lang='lat' dir='ltr'>evanqelica</span> 
     </span>
     <span class='ocr_line' id='line_1_24' title="bbox 323 2258 1345 2323; baseline -0.001 -16"><span class='ocrx_word' id='word_1_151' title='bbox 323 2258 503 2323; x_wconf 78' lang='lat' dir='ltr'>ubique</span> <span class='ocrx_word' id='word_1_152' title='bbox 530 2259 786 2319; x_wconf 80' lang='lat' dir='ltr'>manavit,</span> <span class='ocrx_word' id='word_1_153' title='bbox 816 2259 974 2322; x_wconf 79' lang='lat' dir='ltr'>maqis</span> <span class='ocrx_word' id='word_1_154' title='bbox 1009 2275 1155 2323; x_wconf 78' lang='lat' dir='ltr'>quam</span> <span class='ocrx_word' id='word_1_155' title='bbox 1185 2259 1345 2306; x_wconf 88' lang='lat' dir='ltr'>omnis</span> 
     </span>
     <span class='ocr_line' id='line_1_25' title="bbox 326 2340 1344 2398; baseline 0 -9"><span class='ocrx_word' id='word_1_156' title='bbox 326 2341 576 2398; x_wconf 67' lang='lat' dir='ltr'>haeretica,</span> <span class='ocrx_word' id='word_1_157' title='bbox 607 2340 787 2388; x_wconf 85' lang='lat' dir='ltr'>nedum</span> <span class='ocrx_word' id='word_1_158' title='bbox 817 2340 1095 2388; x_wconf 85' lang='lat' dir='ltr'>Antoniani</span> <span class='ocrx_word' id='word_1_159' title='bbox 1126 2341 1344 2391; x_wconf 86' lang='lat' dir='ltr'>Marcio-</span> 
     </span>
     <span class='ocr_line' id='line_1_26' title="bbox 324 2421 1349 2488; baseline 0 -18"><span class='ocrx_word' id='word_1_160' title='bbox 324 2425 407 2470; x_wconf 84' lang='lat' dir='ltr'>nis</span> <span class='ocrx_word' id='word_1_161' title='bbox 432 2460 445 2484; x_wconf 86' lang='lat'>‚</span> <span class='ocrx_word' id='word_1_162' title='bbox 477 2430 641 2470; x_wconf 85' lang='lat' dir='ltr'>nostra</span> <span class='ocrx_word' id='word_1_163' title='bbox 672 2423 767 2470; x_wconf 87' lang='lat' dir='ltr'>erit</span> <span class='ocrx_word' id='word_1_164' title='bbox 798 2421 1113 2488; x_wconf 85' lang='lat' dir='ltr'>apostolica...</span> <span class='ocrx_word' id='word_1_165' title='bbox 1144 2424 1276 2471; x_wconf 85' lang='lat' dir='ltr'>enim</span> <span class='ocrx_word' id='word_1_166' title='bbox 1301 2429 1349 2471; x_wconf 82' lang='lat' dir='ltr'>et</span> 
     </span>
     <span class='ocr_line' id='line_1_27' title="bbox 325 2504 1344 2571; baseline 0.001 -18"><span class='ocrx_word' id='word_1_167' title='bbox 325 2506 396 2554; x_wconf 87' lang='lat' dir='ltr'>sic</span> <span class='ocrx_word' id='word_1_168' title='bbox 424 2504 663 2554; x_wconf 75' lang='lat' dir='ltr'><strong><em>constabit</em></strong></span> <span class='ocrx_word' id='word_1_169' title='bbox 706 2520 828 2567; x_wconf 85' lang='lat' dir='ltr'>esse,</span> <span class='ocrx_word' id='word_1_170' title='bbox 874 2521 980 2569; x_wconf 81' lang='lat' dir='ltr'>quoe</span> <span class='ocrx_word' id='word_1_171' title='bbox 1014 2506 1159 2571; x_wconf 81' lang='lat' dir='ltr'>prior</span> <span class='ocrx_word' id='word_1_172' title='bbox 1198 2522 1344 2554; x_wconf 87' lang='lat' dir='ltr'>mun-</span> 
     </span>
     <span class='ocr_line' id='line_1_28' title="bbox 328 2587 1347 2653; baseline 0 -16"><span class='ocrx_word' id='word_1_173' title='bbox 328 2589 445 2637; x_wconf 77' lang='lat' dir='ltr'>dum</span> <span class='ocrx_word' id='word_1_174' title='bbox 457 2587 655 2653; x_wconf 80' lang='lat' dir='ltr'>replevit</span> <span class='ocrx_word' id='word_1_175' title='bbox 671 2626 683 2648; x_wconf 86' lang='lat'><strong>‚</strong></span> <span class='ocrx_word' id='word_1_176' title='bbox 705 2587 841 2636; x_wconf 86' lang='lat' dir='ltr'>illius</span> <span class='ocrx_word' id='word_1_177' title='bbox 854 2587 1037 2637; x_wconf 88' lang='lat' dir='ltr'>scilicet</span> <span class='ocrx_word' id='word_1_178' title='bbox 1056 2587 1151 2638; x_wconf 89' lang='lat' dir='ltr'>Dei</span> <span class='ocrx_word' id='word_1_179' title='bbox 1177 2588 1347 2639; x_wconf 80' lang='lat' dir='ltr'>Evan-</span> 
     </span>
     <span class='ocr_line' id='line_1_29' title="bbox 325 2671 1344 2742; baseline -0.001 -21"><span class='ocrx_word' id='word_1_180' title='bbox 325 2672 480 2738; x_wconf 82' lang='lat' dir='ltr'>9elio;</span> <span class='ocrx_word' id='word_1_181' title='bbox 519 2673 675 2736; x_wconf 80' lang='lat' dir='ltr'>quiet</span> <span class='ocrx_word' id='word_1_182' title='bbox 705 2671 803 2719; x_wconf 81' lang='lat' dir='ltr'>hoec</span> <span class='ocrx_word' id='word_1_183' title='bbox 846 2674 1025 2742; x_wconf 78' lang='lat' dir='ltr'>cecinit</span> <span class='ocrx_word' id='word_1_184' title='bbox 1074 2672 1131 2718; x_wconf 84' lang='lat' dir='ltr'>de</span> <span class='ocrx_word' id='word_1_185' title='bbox 1159 2672 1344 2738; x_wconf 79' lang='lat' dir='ltr'>proedi-</span> 
     </span>
     <span class='ocr_line' id='line_1_30' title="bbox 328 2749 1344 2818; baseline -0.002 -16"><span class='ocrx_word' id='word_1_186' title='bbox 328 2753 598 2807; x_wconf 82' lang='lat' dir='ltr'>cationibus</span> <span class='ocrx_word' id='word_1_187' title='bbox 612 2750 743 2818; x_wconf 77' lang='lat' dir='ltr'>ejus.-</span> <span class='ocrx_word' id='word_1_188' title='bbox 761 2749 830 2799; x_wconf 88' lang='lat' dir='ltr'>In</span> <span class='ocrx_word' id='word_1_189' title='bbox 846 2769 1032 2800; x_wconf 89' lang='lat' dir='ltr'>omnem</span> <span class='ocrx_word' id='word_1_190' title='bbox 1058 2761 1237 2800; x_wconf 84' lang='lat' dir='ltr'>terram</span> <span class='ocrx_word' id='word_1_191' title='bbox 1250 2754 1344 2800; x_wconf 76' lang='lat' dir='ltr'>eai-</span> 
     </span>
     <span class='ocr_line' id='line_1_31' title="bbox 327 2834 1348 2893; baseline -0.002 -10"><span class='ocrx_word' id='word_1_192' title='bbox 327 2836 401 2883; x_wconf 85' lang='lat' dir='ltr'>vit</span> <span class='ocrx_word' id='word_1_193' title='bbox 429 2851 575 2883; x_wconf 86' lang='lat' dir='ltr'>sonus</span> <span class='ocrx_word' id='word_1_194' title='bbox 602 2851 765 2883; x_wconf 84' lang='lat' dir='ltr'>eorum</span> <span class='ocrx_word' id='word_1_195' title='bbox 781 2872 793 2893; x_wconf 91' lang='lat'>‚</span> <span class='ocrx_word' id='word_1_196' title='bbox 826 2842 870 2882; x_wconf 78' lang='lat' dir='ltr'>et</span> <span class='ocrx_word' id='word_1_197' title='bbox 888 2835 945 2881; x_wconf 88' lang='lat' dir='ltr'>in</span> <span class='ocrx_word' id='word_1_198' title='bbox 972 2835 1202 2881; x_wconf 86' lang='lat' dir='ltr'>terminos</span> <span class='ocrx_word' id='word_1_199' title='bbox 1219 2834 1348 2881; x_wconf 88' lang='lat' dir='ltr'>orbis</span> 
     </span>
     <span class='ocr_line' id='line_1_32' title="bbox 331 2915 1344 2984; baseline 0.002 -20"><span class='ocrx_word' id='word_1_200' title='bbox 331 2917 474 2966; x_wconf 84' lang='lat' dir='ltr'>verba</span> <span class='ocrx_word' id='word_1_201' title='bbox 500 2934 683 2967; x_wconf 87' lang='lat' dir='ltr'>eorum.</span> <span class='ocrx_word' id='word_1_202' title='bbox 710 2916 788 2965; x_wconf 89' lang='lat' dir='ltr'>Sic</span> <span class='ocrx_word' id='word_1_203' title='bbox 809 2919 950 2966; x_wconf 82' lang='lat' dir='ltr'>etiam</span> <span class='ocrx_word' id='word_1_204' title='bbox 982 2915 1344 2984; x_wconf 66' lang='lat' dir='ltr'>S.‘Cyprianns‚</span> 
     </span>
     <span class='ocr_line' id='line_1_33' title="bbox 338 3001 799 3068; baseline 0.004 -20"><span class='ocrx_word' id='word_1_205' title='bbox 338 3003 405 3049; x_wconf 87' lang='lat' dir='ltr'>sic</span> <span class='ocrx_word' id='word_1_206' title='bbox 434 3001 600 3068; x_wconf 83' lang='lat' dir='ltr'>reliqui</span> <span class='ocrx_word' id='word_1_207' title='bbox 623 3019 799 3050; x_wconf 86' lang='lat' dir='ltr'>omnes.</span> 
     </span>
    </p>

    <p class='ocr_par' dir='ltr' id='par_1_8' title="bbox 333 3081 1360 3813">
     <span class='ocr_line' id='line_1_34' title="bbox 401 3081 1350 3148; baseline 0.001 -18"><span class='ocrx_word' id='word_1_208' title='bbox 401 3083 466 3146; x_wconf 85' lang='lat' dir='ltr'>(l)</span> <span class='ocrx_word' id='word_1_209' title='bbox 506 3085 629 3132; x_wconf 78' lang='lat' dir='ltr'>Alias</span> <span class='ocrx_word' id='word_1_210' title='bbox 646 3086 828 3144; x_wconf 90' lang='lat' dir='ltr'>monui,</span> <span class='ocrx_word' id='word_1_211' title='bbox 857 3085 1027 3148; x_wconf 80' lang='lat' dir='ltr'>passim</span> <span class='ocrx_word' id='word_1_212' title='bbox 1046 3081 1350 3131; x_wconf 77' lang='lat' dir='ltr'>protestantes</span> 
     </span>
     <span class='ocr_line' id='line_1_35' title="bbox 333 3166 1349 3232; baseline -0.001 -17"><span class='ocrx_word' id='word_1_213' title='bbox 333 3183 386 3215; x_wconf 85' lang='lat' dir='ltr'>ex</span> <span class='ocrx_word' id='word_1_214' title='bbox 413 3166 506 3214; x_wconf 90' lang='lat' dir='ltr'>hoc</span> <span class='ocrx_word' id='word_1_215' title='bbox 525 3167 727 3232; x_wconf 86' lang='lat' dir='ltr'>symboli</span> <span class='ocrx_word' id='word_1_216' title='bbox 757 3166 948 3215; x_wconf 81' lang='lat' dir='ltr'>articulo</span> <span class='ocrx_word' id='word_1_217' title='bbox 979 3167 1252 3231; x_wconf 86' lang='lat' dir='ltr'>expunxisse</span> <span class='ocrx_word' id='word_1_218' title='bbox 1269 3182 1349 3214; x_wconf 82' lang='lat' dir='ltr'>vo-</span> 
     </span>
     <span class='ocr_line' id='line_1_36' title="bbox 334 3249 1351 3315; baseline -0.001 -17"><span class='ocrx_word' id='word_1_219' title='bbox 334 3266 436 3298; x_wconf 85' lang='lat' dir='ltr'>cem</span> <span class='ocrx_word' id='word_1_220' title='bbox 472 3249 793 3311; x_wconf 76' lang='lat' dir='ltr'>catholicam‚·</span> <span class='ocrx_word' id='word_1_221' title='bbox 837 3250 914 3299; x_wconf 83' lang='lat' dir='ltr'>alii</span> <span class='ocrx_word' id='word_1_222' title='bbox 955 3259 1113 3298; x_wconf 84' lang='lat' dir='ltr'>tamen</span> <span class='ocrx_word' id='word_1_223' title='bbox 1148 3249 1351 3315; x_wconf 90' lang='lat' dir='ltr'>quodam</span> 
     </span>
     <span class='ocr_line' id='line_1_37' title="bbox 335 3332 1355 3397; baseline 0.001 -18"><span class='ocrx_word' id='word_1_224' title='bbox 335 3332 513 3397; x_wconf 85' lang='lat' dir='ltr'>pudore</span> <span class='ocrx_word' id='word_1_225' title='bbox 525 3332 689 3381; x_wconf 81' lang='lat' dir='ltr'>suffusi</span> <span class='ocrx_word' id='word_1_226' title='bbox 704 3349 807 3381; x_wconf 88' lang='lat' dir='ltr'>eam</span> <span class='ocrx_word' id='word_1_227' title='bbox 823 3335 1134 3382; x_wconf 84' lang='lat' dir='ltr'>retinuerunt.</span> <span class='ocrx_word' id='word_1_228' title='bbox 1162 3332 1355 3380; x_wconf 87' lang='lat' dir='ltr'>Summa</span> 
     </span>
     <span class='ocr_line' id='line_1_38' title="bbox 337 3413 1351 3481; baseline -0.001 -18"><span class='ocrx_word' id='word_1_229' title='bbox 337 3416 463 3463; x_wconf 87' lang='lat' dir='ltr'>enim</span> <span class='ocrx_word' id='word_1_230' title='bbox 506 3414 631 3479; x_wconf 85' lang='lat' dir='ltr'>apud</span> <span class='ocrx_word' id='word_1_231' title='bbox 674 3432 752 3463; x_wconf 89' lang='lat' dir='ltr'>eos</span> <span class='ocrx_word' id='word_1_232' title='bbox 784 3415 970 3464; x_wconf 80' lang='lat' dir='ltr'>libertas</span> <span class='ocrx_word' id='word_1_233' title='bbox 1005 3425 1072 3464; x_wconf 88' lang='lat' dir='ltr'>est</span> <span class='ocrx_word' id='word_1_234' title='bbox 1102 3416 1196 3463; x_wconf 89' lang='lat' dir='ltr'>sive</span> <span class='ocrx_word' id='word_1_235' title='bbox 1232 3413 1351 3481; x_wconf 83' lang='lat' dir='ltr'>abji-</span> 
     </span>
     <span class='ocr_line' id='line_1_39' title="bbox 338 3497 1347 3558; baseline 0 -11"><span class='ocrx_word' id='word_1_236' title='bbox 338 3498 490 3547; x_wconf 89' lang='lat' dir='ltr'>ciendi</span> <span class='ocrx_word' id='word_1_237' title='bbox 506 3500 597 3546; x_wconf 88' lang='lat' dir='ltr'>sive</span> <span class='ocrx_word' id='word_1_238' title='bbox 611 3499 843 3547; x_wconf 88' lang='lat' dir='ltr'>retinendi</span> <span class='ocrx_word' id='word_1_239' title='bbox 854 3501 904 3547; x_wconf 89' lang='lat' dir='ltr'>in</span> <span class='ocrx_word' id='word_1_240' title='bbox 920 3499 1027 3548; x_wconf 89' lang='lat' dir='ltr'>fidei</span> <span class='ocrx_word' id='word_1_241' title='bbox 1043 3497 1347 3558; x_wconf 80' lang='lat' dir='ltr'>confessione,</span> 
     </span>
     <span class='ocr_line' id='line_1_40' title="bbox 338 3579 1356 3647; baseline -0.001 -18"><span class='ocrx_word' id='word_1_242' title='bbox 338 3581 466 3646; x_wconf 88' lang='lat' dir='ltr'>quod</span> <span class='ocrx_word' id='word_1_243' title='bbox 484 3579 670 3629; x_wconf 84' lang='lat' dir='ltr'>libuerit</span> <span class='ocrx_word' id='word_1_244' title='bbox 699 3590 743 3629; x_wconf 91' lang='lat' dir='ltr'>et</span> <span class='ocrx_word' id='word_1_245' title='bbox 776 3592 911 3645; x_wconf 89' lang='lat' dir='ltr'>prout</span> <span class='ocrx_word' id='word_1_246' title='bbox 939 3581 1156 3638; x_wconf 86' lang='lat' dir='ltr'>libuerit,</span> <span class='ocrx_word' id='word_1_247' title='bbox 1196 3580 1356 3647; x_wconf 85' lang='lat' dir='ltr'>regula</span> 
     </span>
     <span class='ocr_line' id='line_1_41' title="bbox 338 3661 1355 3729; baseline 0.001 -18"><span class='ocrx_word' id='word_1_248' title='bbox 338 3665 509 3729; x_wconf 86' lang='lat' dir='ltr'>quippe</span> <span class='ocrx_word' id='word_1_249' title='bbox 534 3661 926 3712; x_wconf 78' lang='lat' dir='ltr'>carent.Ceterum</span> <span class='ocrx_word' id='word_1_250' title='bbox 946 3662 1129 3713; x_wconf 82' lang='lat' dir='ltr'>Palmer</span> <span class='ocrx_word' id='word_1_251' title='bbox 1147 3699 1160 3725; x_wconf 91' lang='lat'><strong>,</strong></span> <span class='ocrx_word' id='word_1_252' title='bbox 1185 3679 1259 3729; x_wconf 89' lang='lat' dir='ltr'>op.</span> <span class='ocrx_word' id='word_1_253' title='bbox 1278 3665 1355 3712; x_wconf 86' lang='lat' dir='ltr'>cit.</span> 
     </span>
     <span class='ocr_line' id='line_1_42' title="bbox 337 3745 1360 3813; baseline 0.002 -20"><span class='ocrx_word' id='word_1_254' title='bbox 337 3760 442 3810; x_wconf 81' lang='lat' dir='ltr'>pag.</span> <span class='ocrx_word' id='word_1_255' title='bbox 458 3747 494 3808; x_wconf 81' lang='lat' dir='ltr'>i,</span> <span class='ocrx_word' id='word_1_256' title='bbox 510 3763 610 3813; x_wconf 72' lang='lat' dir='ltr'>cap.</span> <span class='ocrx_word' id='word_1_257' title='bbox 628 3762 677 3811; x_wconf 90' lang='lat'>7.</span> <span class='ocrx_word' id='word_1_258' title='bbox 697 3745 894 3797; x_wconf 77' lang='lat' dir='ltr'>ostendit</span> <span class='ocrx_word' id='word_1_259' title='bbox 922 3747 1196 3796; x_wconf 79' lang='lat' dir='ltr'>testimoniis</span> <span class='ocrx_word' id='word_1_260' title='bbox 1212 3745 1360 3795; x_wconf 87' lang='lat' dir='ltr'>addu-</span> 
     </span>
    </p>
   </div>
   <div class='ocr_carea' id='block_1_8' title="bbox 1406 929 2448 3807">
    <p class='ocr_par' dir='ltr' id='par_1_9' title="bbox 1406 929 2448 3807">
     <span class='ocr_line' id='line_1_43' title="bbox 1422 929 2434 991; baseline 0.009 -15"><span class='ocrx_word' id='word_1_261' title='bbox 1422 930 1505 977; x_wconf 85' lang='lat' dir='ltr'>ctis</span> <span class='ocrx_word' id='word_1_262' title='bbox 1526 946 1580 978; x_wconf 87' lang='lat' dir='ltr'>ex</span> <span class='ocrx_word' id='word_1_263' title='bbox 1596 929 1810 991; x_wconf 84' lang='lat' dir='ltr'>Calvino,</span> <span class='ocrx_word' id='word_1_264' title='bbox 1828 941 1941 981; x_wconf 88' lang='lat' dir='ltr'>etex</span> <span class='ocrx_word' id='word_1_265' title='bbox 1958 932 2321 984; x_wconf 82' lang='lat' dir='ltr'>confessionibus</span> <span class='ocrx_word' id='word_1_266' title='bbox 2336 933 2434 985; x_wconf 80' lang='lat' dir='ltr'>Au-</span> 
     </span>
     <span class='ocr_line' id='line_1_44' title="bbox 1406 1015 2436 1086; baseline 0.01 -26"><span class='ocrx_word' id='word_1_267' title='bbox 1406 1025 1611 1079; x_wconf 77' lang='lat' dir='ltr'>gustana</span> <span class='ocrx_word' id='word_1_268' title='bbox 1622 1025 1667 1064; x_wconf 90' lang='lat' dir='ltr'>et</span> <span class='ocrx_word' id='word_1_269' title='bbox 1694 1015 1932 1065; x_wconf 81' lang='lat' dir='ltr'>Helvetica</span> <span class='ocrx_word' id='word_1_270' title='bbox 1951 1054 1964 1076; x_wconf 92' lang='lat'><strong>‚</strong></span> <span class='ocrx_word' id='word_1_271' title='bbox 1993 1020 2270 1069; x_wconf 84' lang='lat' dir='ltr'>catechismo</span> <span class='ocrx_word' id='word_1_272' title='bbox 2299 1037 2436 1086; x_wconf 86' lang='lat' dir='ltr'>gene·</span> 
     </span>
     <span class='ocr_line' id='line_1_45' title="bbox 1420 1086 2438 1163; baseline 0.009 -19"><span class='ocrx_word' id='word_1_273' title='bbox 1420 1086 1550 1146; x_wconf 87' lang='lat' dir='ltr'>vensi</span> <span class='ocrx_word' id='word_1_274' title='bbox 1574 1135 1587 1157; x_wconf 89' lang='lat'>‚</span> <span class='ocrx_word' id='word_1_275' title='bbox 1615 1099 1903 1148; x_wconf 86' lang='lat' dir='ltr'>confessione</span> <span class='ocrx_word' id='word_1_276' title='bbox 1919 1099 2168 1151; x_wconf 80' lang='lat' dir='ltr'>Bohemica</span> <span class='ocrx_word' id='word_1_277' title='bbox 2182 1139 2197 1163; x_wconf 95' lang='lat'>‚</span> <span class='ocrx_word' id='word_1_278' title='bbox 2214 1103 2438 1153; x_wconf 81' lang='lat' dir='ltr'>catechesi</span> 
     </span>
     <span class='ocr_line' id='line_1_46' title="bbox 1422 1181 2439 1248; baseline 0.006 -19"><span class='ocrx_word' id='word_1_279' title='bbox 1422 1181 1815 1248; x_wconf 83' lang='lat' dir='ltr'>Heidelbergensi,</span> <span class='ocrx_word' id='word_1_280' title='bbox 1833 1182 2439 1236; x_wconf 83' lang='lat' dir='ltr'>declarationeThorunien-</span> 
     </span>
     <span class='ocr_line' id='line_1_47' title="bbox 1421 1263 2432 1332; baseline 0.007 -21"><span class='ocrx_word' id='word_1_281' title='bbox 1421 1265 1477 1324; x_wconf 89' lang='lat' dir='ltr'>si,</span> <span class='ocrx_word' id='word_1_282' title='bbox 1496 1282 1551 1312; x_wconf 86' lang='lat' dir='ltr'>ex</span> <span class='ocrx_word' id='word_1_283' title='bbox 1565 1263 1973 1329; x_wconf 81' lang='lat' dir='ltr'>Presbyterianis,e</span> <span class='ocrx_word' id='word_1_284' title='bbox 1988 1265 2214 1332; x_wconf 85' lang='lat' dir='ltr'>Barclejo‚</span> <span class='ocrx_word' id='word_1_285' title='bbox 2230 1284 2282 1316; x_wconf 85' lang='lat' dir='ltr'>ex</span> <span class='ocrx_word' id='word_1_286' title='bbox 2301 1266 2432 1318; x_wconf 85' lang='lat' dir='ltr'>Owe-</span> 
     </span>
     <span class='ocr_line' id='line_1_48' title="bbox 1420 1345 2433 1412; baseline 0.005 -18"><span class='ocrx_word' id='word_1_287' title='bbox 1420 1347 1499 1394; x_wconf 90' lang='lat' dir='ltr'>nio</span> <span class='ocrx_word' id='word_1_288' title='bbox 1519 1382 1532 1405; x_wconf 92' lang='lat'><strong>‚</strong></span> <span class='ocrx_word' id='word_1_289' title='bbox 1560 1364 1614 1394; x_wconf 86' lang='lat' dir='ltr'>ex</span> <span class='ocrx_word' id='word_1_290' title='bbox 1650 1345 1912 1412; x_wconf 84' lang='lat' dir='ltr'>Anglicanis</span> <span class='ocrx_word' id='word_1_291' title='bbox 1930 1384 1943 1407; x_wconf 91' lang='lat'>,</span> <span class='ocrx_word' id='word_1_292' title='bbox 1979 1358 2066 1397; x_wconf 88' lang='lat' dir='ltr'>etc.</span> <span class='ocrx_word' id='word_1_293' title='bbox 2101 1366 2262 1397; x_wconf 89' lang='lat' dir='ltr'>omnes</span> <span class='ocrx_word' id='word_1_294' title='bbox 2290 1359 2433 1399; x_wconf 84' lang='lat' dir='ltr'>sectas</span> 
     </span>
     <span class='ocr_line' id='line_1_49' title="bbox 1420 1429 2434 1481; baseline 0.005 -5"><span class='ocrx_word' id='word_1_295' title='bbox 1420 1429 1666 1477; x_wconf 83' lang='lat' dir='ltr'>admittere</span> <span class='ocrx_word' id='word_1_296' title='bbox 1704 1431 2059 1479; x_wconf 82' lang='lat' dir='ltr'>catholicitatem</span> <span class='ocrx_word' id='word_1_297' title='bbox 2101 1432 2243 1480; x_wconf 80' lang='lat' dir='ltr'>veluti</span> <span class='ocrx_word' id='word_1_298' title='bbox 2277 1442 2434 1481; x_wconf 89' lang='lat' dir='ltr'>notam</span> 
     </span>
     <span class='ocr_line' id='line_1_50' title="bbox 1420 1511 2437 1578; baseline 0.007 -20"><span class='ocrx_word' id='word_1_299' title='bbox 1420 1526 1536 1559; x_wconf 81' lang='lat' dir='ltr'>verae</span> <span class='ocrx_word' id='word_1_300' title='bbox 1573 1511 1807 1562; x_wconf 67' lang='lat' dir='ltr'>Ecclesiae.</span> <span class='ocrx_word' id='word_1_301' title='bbox 1850 1512 1975 1561; x_wconf 84' lang='lat' dir='ltr'>Inter</span> <span class='ocrx_word' id='word_1_302' title='bbox 2017 1515 2297 1578; x_wconf 82' lang='lat' dir='ltr'>Anglicanos</span> <span class='ocrx_word' id='word_1_303' title='bbox 2346 1515 2437 1565; x_wconf 86' lang='lat' dir='ltr'>hoc</span> 
     </span>
     <span class='ocr_line' id='line_1_51' title="bbox 1421 1593 2439 1659; baseline 0.008 -20"><span class='ocrx_word' id='word_1_304' title='bbox 1421 1593 1563 1641; x_wconf 88' lang='lat' dir='ltr'>refert</span> <span class='ocrx_word' id='word_1_305' title='bbox 1598 1595 1799 1659; x_wconf 89' lang='lat' dir='ltr'>episcopi</span> <span class='ocrx_word' id='word_1_306' title='bbox 1826 1594 2059 1646; x_wconf 84' lang='lat' dir='ltr'>Pearsonii</span> <span class='ocrx_word' id='word_1_307' title='bbox 2083 1598 2400 1646; x_wconf 87' lang='lat' dir='ltr'>testimonium</span> <span class='ocrx_word' id='word_1_308' title='bbox 2422 1614 2439 1647; x_wconf 70' lang='grc' dir='ltr'><strong><em>ε</em></strong></span> 
     </span>
     <span class='ocr_line' id='line_1_52' title="bbox 1423 1662 2436 1741; baseline 0.007 -19"><span class='ocrx_word' id='word_1_309' title='bbox 1423 1662 1588 1740; x_wconf 74' lang='lat' dir='ltr'>May-is</span> <span class='ocrx_word' id='word_1_310' title='bbox 1622 1676 1763 1724; x_wconf 87' lang='lat' dir='ltr'>obvia</span> <span class='ocrx_word' id='word_1_311' title='bbox 1810 1693 1868 1724; x_wconf 91' lang='lat' dir='ltr'>ac</span> <span class='ocrx_word' id='word_1_312' title='bbox 1910 1678 2149 1741; x_wconf 76' lang='lat' dir='ltr'>qeneralis</span> <span class='ocrx_word' id='word_1_313' title='bbox 2201 1681 2308 1728; x_wconf 87' lang='lat' dir='ltr'>idea</span> <span class='ocrx_word' id='word_1_314' title='bbox 2347 1680 2436 1730; x_wconf 78' lang='lat' dir='ltr'>hu-</span> 
     </span>
     <span class='ocr_line' id='line_1_53' title="bbox 1407 1758 2437 1829; baseline 0.007 -24"><span class='ocrx_word' id='word_1_315' title='bbox 1407 1759 1500 1823; x_wconf 83' lang='lat' dir='ltr'>jus</span> <span class='ocrx_word' id='word_1_316' title='bbox 1528 1758 1845 1809; x_wconf 76' lang='lat' dir='ltr'>catholicismi</span> <span class='ocrx_word' id='word_1_317' title='bbox 1864 1762 2085 1809; x_wconf 78' lang='lat' dir='ltr'>consistit</span> <span class='ocrx_word' id='word_1_318' title='bbox 2109 1763 2165 1810; x_wconf 86' lang='lat' dir='ltr'>in</span> <span class='ocrx_word' id='word_1_319' title='bbox 2194 1762 2437 1829; x_wconf 81' lang='lat' dir='ltr'>diffusibi-</span> 
     </span>
     <span class='ocr_line' id='line_1_54' title="bbox 1423 1838 2436 1907; baseline 0.007 -20"><span class='ocrx_word' id='word_1_320' title='bbox 1423 1838 1552 1890; x_wconf 87' lang='lat' dir='ltr'>litate</span> <span class='ocrx_word' id='word_1_321' title='bbox 1574 1840 1830 1906; x_wconf 72' lang='lat' dir='ltr'>Ecclesioe,</span> <span class='ocrx_word' id='word_1_322' title='bbox 1860 1860 1965 1907; x_wconf 82' lang='lat' dir='ltr'>quae</span> <span class='ocrx_word' id='word_1_323' title='bbox 1997 1844 2220 1894; x_wconf 75' lang='lat' dir='ltr'>missioni</span> <span class='ocrx_word' id='word_1_324' title='bbox 2257 1847 2436 1894; x_wconf 66' lang='lat' dir='ltr'>innixa</span> 
     </span>
     <span class='ocr_line' id='line_1_55' title="bbox 1422 1922 2440 1990; baseline 0.008 -20"><span class='ocrx_word' id='word_1_325' title='bbox 1422 1924 1491 1971; x_wconf 77' lang='lat' dir='ltr'>est</span> <span class='ocrx_word' id='word_1_326' title='bbox 1509 1922 1690 1972; x_wconf 83' lang='lat' dir='ltr'>collatoe</span> <span class='ocrx_word' id='word_1_327' title='bbox 1702 1923 1912 1990; x_wconf 75' lang='lat' dir='ltr'>ejusdem</span> <span class='ocrx_word' id='word_1_328' title='bbox 1924 1926 2270 1989; x_wconf 73' lang='lat' dir='ltr'>fundatoribus</span> <span class='ocrx_word' id='word_1_329' title='bbox 2282 1947 2299 1979; x_wconf 88' lang='lat'>.·</span> <span class='ocrx_word' id='word_1_330' title='bbox 2311 1930 2377 1978; x_wconf 89' lang='lat' dir='ltr'>ite</span> <span class='ocrx_word' id='word_1_331' title='bbox 2394 1937 2440 1978; x_wconf 84' lang='lat' dir='ltr'>et</span> 
     </span>
     <span class='ocr_line' id='line_1_56' title="bbox 1419 2005 2437 2078; baseline 0.008 -26"><span class='ocrx_word' id='word_1_332' title='bbox 1419 2005 1606 2065; x_wconf 79' lang='lat' dir='ltr'>docete,</span> <span class='ocrx_word' id='word_1_333' title='bbox 1639 2015 1728 2056; x_wconf 91' lang='lat' dir='ltr'>etc.</span> <span class='ocrx_word' id='word_1_334' title='bbox 1766 2005 1979 2058; x_wconf 78' lang='lat' dir='ltr'>Ecclesia</span> <span class='ocrx_word' id='word_1_335' title='bbox 2015 2009 2204 2059; x_wconf 78' lang='lat' dir='ltr'>Christi</span> <span class='ocrx_word' id='word_1_336' title='bbox 2246 2012 2303 2059; x_wconf 87' lang='lat' dir='ltr'>in</span> <span class='ocrx_word' id='word_1_337' title='bbox 2324 2013 2437 2078; x_wconf 82' lang='lat' dir='ltr'>pri-</span> 
     </span>
     <span class='ocr_line' id='line_1_57' title="bbox 1423 2093 2436 2160; baseline 0.006 -23"><span class='ocrx_word' id='word_1_338' title='bbox 1423 2106 1578 2138; x_wconf 82' lang='lat' dir='ltr'>moeva</span> <span class='ocrx_word' id='word_1_339' title='bbox 1616 2106 1708 2139; x_wconf 87' lang='lat' dir='ltr'>sua</span> <span class='ocrx_word' id='word_1_340' title='bbox 1755 2093 2095 2141; x_wconf 88' lang='lat' dir='ltr'>constitutione</span> <span class='ocrx_word' id='word_1_341' title='bbox 2150 2095 2313 2160; x_wconf 83' lang='lat' dir='ltr'>effecta</span> <span class='ocrx_word' id='word_1_342' title='bbox 2363 2102 2436 2143; x_wconf 85' lang='lat' dir='ltr'>est</span> 
     </span>
     <span class='ocr_line' id='line_1_58' title="bbox 1424 2173 2436 2240; baseline 0.007 -21"><span class='ocrx_word' id='word_1_343' title='bbox 1424 2180 1603 2220; x_wconf 79' lang='lat' dir='ltr'>natura</span> <span class='ocrx_word' id='word_1_344' title='bbox 1623 2189 1715 2221; x_wconf 87' lang='lat' dir='ltr'>sua</span> <span class='ocrx_word' id='word_1_345' title='bbox 1734 2173 2019 2240; x_wconf 82' lang='lat' dir='ltr'>diffusiva...</span> <span class='ocrx_word' id='word_1_346' title='bbox 2034 2175 2283 2226; x_wconf 78' lang='lat' dir='ltr'>Rationem</span> <span class='ocrx_word' id='word_1_347' title='bbox 2311 2176 2436 2226; x_wconf 76' lang='lat' dir='ltr'>hanc</span> 
     </span>
     <span class='ocr_line' id='line_1_59' title="bbox 1424 2254 2446 2322; baseline 0.004 -18"><span class='ocrx_word' id='word_1_348' title='bbox 1424 2254 1689 2304; x_wconf 83' lang='lat' dir='ltr'>attulerant</span> <span class='ocrx_word' id='word_1_349' title='bbox 1703 2264 1877 2305; x_wconf 82' lang='lat' dir='ltr'>veteres</span> <span class='ocrx_word' id='word_1_350' title='bbox 1898 2258 2091 2319; x_wconf 84' lang='lat' dir='ltr'>Patres,</span> <span class='ocrx_word' id='word_1_351' title='bbox 2112 2273 2261 2322; x_wconf 80' lang='lat' dir='ltr'>quare</span> <span class='ocrx_word' id='word_1_352' title='bbox 2276 2257 2329 2307; x_wconf 88' lang='lat' dir='ltr'><em>E</em></span> <span class='ocrx_word' id='word_1_353' title='bbox 2329 2258 2446 2308; x_wconf 88' lang='lat' dir='ltr'>ccle-</span> 
     </span>
     <span class='ocr_line' id='line_1_60' title="bbox 1426 2338 2448 2407; baseline 0.005 -22"><span class='ocrx_word' id='word_1_354' title='bbox 1426 2338 1502 2386; x_wconf 87' lang='lat' dir='ltr'>sia</span> <span class='ocrx_word' id='word_1_355' title='bbox 1539 2338 1693 2402; x_wconf 85' lang='lat' dir='ltr'>fuerit</span> <span class='ocrx_word' id='word_1_356' title='bbox 1749 2353 1996 2388; x_wconf 68' lang='lat' dir='ltr'>csrnoucs</span> <span class='ocrx_word' id='word_1_357' title='bbox 2042 2349 2357 2407; x_wconf 82' lang='lat' dir='ltr'>nuncupata,</span> <span class='ocrx_word' id='word_1_358' title='bbox 2403 2350 2448 2390; x_wconf 84' lang='lat' dir='ltr'>et</span> 
     </span>
     <span class='ocr_line' id='line_1_61' title="bbox 1426 2417 2444 2472; baseline 0.003 -3"><span class='ocrx_word' id='word_1_359' title='bbox 1426 2417 1657 2470; x_wconf 86' lang='lat' dir='ltr'>Ecclesioe</span> <span class='ocrx_word' id='word_1_360' title='bbox 1706 2429 1887 2471; x_wconf 85' lang='lat' dir='ltr'>natura</span> <span class='ocrx_word' id='word_1_361' title='bbox 1924 2424 1996 2470; x_wconf 88' lang='lat' dir='ltr'>ita</span> <span class='ocrx_word' id='word_1_362' title='bbox 2051 2422 2338 2472; x_wconf 81' lang='lat' dir='ltr'>describitur</span> <span class='ocrx_word' id='word_1_363' title='bbox 2387 2429 2444 2472; x_wconf 84' lang='lat' dir='ltr'>in</span> 
     </span>
     <span class='ocr_line' id='line_1_62' title="bbox 1427 2500 2443 2573; baseline 0.001 -20"><span class='ocrx_word' id='word_1_364' title='bbox 1427 2500 1722 2570; x_wconf 83' lang='lat' dir='ltr'>Scripturis.</span> <span class='ocrx_word' id='word_1_365' title='bbox 1782 2503 1890 2569; x_wconf 77' lang='lat' dir='ltr'>qu</span> <span class='ocrx_word' id='word_1_366' title='bbox 1935 2504 2071 2553; x_wconf 83' lang='lat' dir='ltr'>video</span> <span class='ocrx_word' id='word_1_367' title='bbox 2121 2507 2443 2573; x_wconf 88' lang='lat' dir='ltr'>(prosequitur</span> 
     </span>
     <span class='ocr_line' id='line_1_63' title="bbox 1427 2585 2439 2651; baseline 0.004 -16"><span class='ocrx_word' id='word_1_368' title='bbox 1427 2586 1553 2635; x_wconf 87' lang='lat' dir='ltr'>idem</span> <span class='ocrx_word' id='word_1_369' title='bbox 1602 2588 1790 2651; x_wconf 81' lang='lat' dir='ltr'>auctor)</span> <span class='ocrx_word' id='word_1_370' title='bbox 1835 2587 1960 2635; x_wconf 79' lang='lat' dir='ltr'>hanc</span> <span class='ocrx_word' id='word_1_371' title='bbox 2003 2585 2267 2635; x_wconf 87' lang='lat' dir='ltr'>Ecclesiam</span> <span class='ocrx_word' id='word_1_372' title='bbox 2288 2626 2302 2649; x_wconf 89' lang='lat'><em>‚</em></span> <span class='ocrx_word' id='word_1_373' title='bbox 2339 2606 2439 2639; x_wconf 84' lang='lat' dir='ltr'>non</span> 
     </span>
     <span class='ocr_line' id='line_1_64' title="bbox 1413 2668 2443 2735; baseline 0.006 -19"><span class='ocrx_word' id='word_1_374' title='bbox 1413 2671 1527 2735; x_wconf 86' lang='lat' dir='ltr'>jam</span> <span class='ocrx_word' id='word_1_375' title='bbox 1560 2677 1614 2716; x_wconf 87' lang='lat' dir='ltr'>ut</span> <span class='ocrx_word' id='word_1_376' title='bbox 1630 2668 1914 2718; x_wconf 85' lang='lat' dir='ltr'>Judoeorum</span> <span class='ocrx_word' id='word_1_377' title='bbox 1934 2668 2209 2719; x_wconf 86' lang='lat' dir='ltr'>Ecclesiam</span> <span class='ocrx_word' id='word_1_378' title='bbox 2236 2673 2443 2722; x_wconf 86' lang='lat' dir='ltr'>circum-</span> 
     </span>
     <span class='ocr_line' id='line_1_65' title="bbox 1428 2751 2441 2820; baseline 0.008 -24"><span class='ocrx_word' id='word_1_379' title='bbox 1428 2751 1656 2815; x_wconf 83' lang='lat' dir='ltr'>scriptam</span> <span class='ocrx_word' id='word_1_380' title='bbox 1684 2768 1781 2799; x_wconf 88' lang='lat' dir='ltr'>uno</span> <span class='ocrx_word' id='word_1_381' title='bbox 1798 2751 1978 2817; x_wconf 81' lang='lat' dir='ltr'>populo</span> <span class='ocrx_word' id='word_1_382' title='bbox 1995 2789 2010 2812; x_wconf 83' lang='lat'>,</span> <span class='ocrx_word' id='word_1_383' title='bbox 2028 2754 2272 2818; x_wconf 81' lang='lat' dir='ltr'>uniusque</span> <span class='ocrx_word' id='word_1_384' title='bbox 2283 2757 2441 2820; x_wconf 72' lang='lat' dir='ltr'>qentis</span> 
     </span>
     <span class='ocr_line' id='line_1_66' title="bbox 1429 2831 2439 2895; baseline 0.006 -16"><span class='ocrx_word' id='word_1_385' title='bbox 1429 2831 1667 2880; x_wconf 84' lang='lat' dir='ltr'>limitibus</span> <span class='ocrx_word' id='word_1_386' title='bbox 1702 2842 1990 2883; x_wconf 86' lang='lat' dir='ltr'>coarctatam</span> <span class='ocrx_word' id='word_1_387' title='bbox 2007 2873 2019 2895; x_wconf 85' lang='lat'><strong>‚</strong></span> <span class='ocrx_word' id='word_1_388' title='bbox 2047 2836 2130 2883; x_wconf 81' lang='lat' dir='ltr'>sed</span> <span class='ocrx_word' id='word_1_389' title='bbox 2159 2836 2215 2884; x_wconf 80' lang='lat' dir='ltr'>ob</span> <span class='ocrx_word' id='word_1_390' title='bbox 2244 2837 2439 2886; x_wconf 83' lang='lat' dir='ltr'>ordina-</span> 
     </span>
     <span class='ocr_line' id='line_1_67' title="bbox 1429 2916 2438 2970; baseline 0.006 -8"><span class='ocrx_word' id='word_1_391' title='bbox 1429 2916 1606 2964; x_wconf 84' lang='lat' dir='ltr'>tionem</span> <span class='ocrx_word' id='word_1_392' title='bbox 1648 2924 1692 2963; x_wconf 86' lang='lat' dir='ltr'>et</span> <span class='ocrx_word' id='word_1_393' title='bbox 1737 2917 2020 2966; x_wconf 82' lang='lat' dir='ltr'>mandatum</span> <span class='ocrx_word' id='word_1_394' title='bbox 2075 2919 2260 2968; x_wconf 78' lang='lat' dir='ltr'>Christi</span> <span class='ocrx_word' id='word_1_395' title='bbox 2303 2929 2348 2968; x_wconf 91' lang='lat' dir='ltr'>et</span> <span class='ocrx_word' id='word_1_396' title='bbox 2382 2921 2438 2970; x_wconf 86' lang='lat' dir='ltr'>ob</span> 
     </span>
     <span class='ocr_line' id='line_1_68' title="bbox 1430 2999 2439 3065; baseline 0.006 -19"><span class='ocrx_word' id='word_1_397' title='bbox 1430 2999 1691 3065; x_wconf 87' lang='lat' dir='ltr'>efficaciam</span> <span class='ocrx_word' id='word_1_398' title='bbox 1723 3002 1954 3065; x_wconf 82' lang='lat' dir='ltr'>potentioe</span> <span class='ocrx_word' id='word_1_399' title='bbox 1991 3017 2092 3050; x_wconf 84' lang='lat' dir='ltr'>suoe</span> <span class='ocrx_word' id='word_1_400' title='bbox 2121 3000 2439 3052; x_wconf 80' lang='lat' dir='ltr'>disseminari</span> 
     </span>
     <span class='ocr_line' id='line_1_69' title="bbox 1431 3082 2442 3150; baseline 0.003 -21"><span class='ocrx_word' id='word_1_401' title='bbox 1431 3082 1558 3130; x_wconf 88' lang='lat' dir='ltr'>inter</span> <span class='ocrx_word' id='word_1_402' title='bbox 1587 3098 1751 3129; x_wconf 86' lang='lat' dir='ltr'>omnes</span> <span class='ocrx_word' id='word_1_403' title='bbox 1777 3091 1964 3147; x_wconf 74' lang='lat' dir='ltr'>qentes‚</span> <span class='ocrx_word' id='word_1_404' title='bbox 1996 3100 2053 3131; x_wconf 91' lang='lat' dir='ltr'>ac</span> <span class='ocrx_word' id='word_1_405' title='bbox 2088 3090 2355 3150; x_wconf 73' lang='lat' dir='ltr'>propaqar&#39;i</span> <span class='ocrx_word' id='word_1_406' title='bbox 2385 3086 2442 3132; x_wconf 86' lang='lat' dir='ltr'>in</span> 
     </span>
     <span class='ocr_line' id='line_1_70' title="bbox 1434 3163 2441 3223; baseline 0.002 -11"><span class='ocrx_word' id='word_1_407' title='bbox 1434 3181 1618 3213; x_wconf 87' lang='lat' dir='ltr'>omnem</span> <span class='ocrx_word' id='word_1_408' title='bbox 1636 3163 1786 3213; x_wconf 86' lang='lat' dir='ltr'>Iocum</span> <span class='ocrx_word' id='word_1_409' title='bbox 1805 3201 1817 3223; x_wconf 90' lang='lat'>‚</span> <span class='ocrx_word' id='word_1_410' title='bbox 1848 3165 2039 3213; x_wconf 73' lang='lat' dir='ltr'>extendi</span> <span class='ocrx_word' id='word_1_411' title='bbox 2064 3166 2129 3212; x_wconf 80' lang='lat' dir='ltr'>acl</span> <span class='ocrx_word' id='word_1_412' title='bbox 2146 3180 2307 3213; x_wconf 87' lang='lat' dir='ltr'>omnes</span> <span class='ocrx_word' id='word_1_413' title='bbox 2326 3175 2441 3214; x_wconf 85' lang='lat' dir='ltr'>oeta·</span> 
     </span>
     <span class='ocr_line' id='line_1_71' title="bbox 1434 3246 2438 3297; baseline 0.003 -4"><span class='ocrx_word' id='word_1_414' title='bbox 1434 3254 1520 3295; x_wconf 88' lang='lat' dir='ltr'>tes.</span> <span class='ocrx_word' id='word_1_415' title='bbox 1553 3246 1673 3294; x_wconf 87' lang='lat' dir='ltr'>Hinc</span> <span class='ocrx_word' id='word_1_416' title='bbox 1712 3248 1871 3295; x_wconf 87' lang='lat' dir='ltr'>merito</span> <span class='ocrx_word' id='word_1_417' title='bbox 1908 3247 2146 3295; x_wconf 86' lang='lat' dir='ltr'>concludit</span> <span class='ocrx_word' id='word_1_418' title='bbox 2202 3248 2384 3297; x_wconf 89' lang='lat' dir='ltr'>Palmer</span> <span class='ocrx_word' id='word_1_419' title='bbox 2423 3265 2438 3296; x_wconf 72' lang='grc' dir='ltr'><em>ε</em></span> 
     </span>
     <span class='ocr_line' id='line_1_72' title="bbox 1437 3327 2445 3394; baseline 0.002 -19"><span class='ocrx_word' id='word_1_420' title='bbox 1437 3327 1583 3376; x_wconf 87' lang='lat' dir='ltr'>Fieri</span> <span class='ocrx_word' id='word_1_421' title='bbox 1610 3346 1669 3377; x_wconf 84' lang='lat' dir='ltr'>ne</span> <span class='ocrx_word' id='word_1_422' title='bbox 1685 3336 1867 3394; x_wconf 83' lang='lat' dir='ltr'>potest,</span> <span class='ocrx_word' id='word_1_423' title='bbox 1889 3337 1943 3376; x_wconf 85' lang='lat' dir='ltr'>ut</span> <span class='ocrx_word' id='word_1_424' title='bbox 1980 3329 2210 3378; x_wconf 78' lang='lat' dir='ltr'>habeatur</span> <span class='ocrx_word' id='word_1_425' title='bbox 2235 3329 2445 3378; x_wconf 83' lang='lat' dir='ltr'>validior</span> 
     </span>
     <span class='ocr_line' id='line_1_73' title="bbox 1433 3411 2443 3482; baseline -0.001 -22"><span class='ocrx_word' id='word_1_426' title='bbox 1433 3411 1651 3482; x_wconf 82' lang='lat' dir='ltr'>probatio</span> <span class='ocrx_word' id='word_1_427' title='bbox 1699 3411 1776 3476; x_wconf 52' lang='lat' dir='ltr'>de,</span> <span class='ocrx_word' id='word_1_428' title='bbox 1794 3411 2038 3460; x_wconf 87' lang='lat' dir='ltr'>essentiali</span> <span class='ocrx_word' id='word_1_429' title='bbox 2085 3411 2443 3460; x_wconf 84' lang='lat' dir='ltr'>universalitate</span> 
     </span>
     <span class='ocr_line' id='line_1_74' title="bbox 1435 3493 2446 3554; baseline -0.005 -9"><span class='ocrx_word' id='word_1_430' title='bbox 1435 3493 1665 3545; x_wconf 72' lang='lat' dir='ltr'>Ecclesia</span> <span class='ocrx_word' id='word_1_431' title='bbox 1700 3495 1790 3542; x_wconf 87' lang='lat' dir='ltr'>isto</span> <span class='ocrx_word' id='word_1_432' title='bbox 1821 3495 2039 3542; x_wconf 83' lang='lat' dir='ltr'>omnium</span> <span class='ocrx_word' id='word_1_433' title='bbox 2085 3502 2280 3543; x_wconf 83' lang='lat' dir='ltr'>aetatum</span> <span class='ocrx_word' id='word_1_434' title='bbox 2304 3530 2317 3554; x_wconf 92' lang='lat'>,</span> <span class='ocrx_word' id='word_1_435' title='bbox 2369 3508 2446 3541; x_wconf 87' lang='lat' dir='ltr'>ec·</span> 
     </span>
     <span class='ocr_line' id='line_1_75' title="bbox 1437 3577 2446 3627; baseline -0.003 -1"><span class='ocrx_word' id='word_1_436' title='bbox 1437 3577 1692 3627; x_wconf 83' lang='lat' dir='ltr'>elesiarum</span> <span class='ocrx_word' id='word_1_437' title='bbox 1751 3584 1797 3624; x_wconf 88' lang='lat' dir='ltr'>et</span> <span class='ocrx_word' id='word_1_438' title='bbox 1863 3584 2097 3625; x_wconf 84' lang='lat' dir='ltr'>sectarum</span> <span class='ocrx_word' id='word_1_439' title='bbox 2161 3593 2393 3627; x_wconf 82' lang='lat' dir='ltr'>consensu</span> <span class='ocrx_word' id='word_1_440' title='bbox 2421 3580 2446 3623; x_wconf 87' lang='lat'><strong><em>?</em></strong></span> 
     </span>
     <span class='ocr_line' id='line_1_76' title="bbox 1447 3657 2438 3725; baseline -0.002 -17"><span class='ocrx_word' id='word_1_441' title='bbox 1447 3659 1775 3710; x_wconf 83' lang='lat' dir='ltr'>Verumtamen</span> <span class='ocrx_word' id='word_1_442' title='bbox 1808 3669 1853 3707; x_wconf 89' lang='lat' dir='ltr'>et</span> <span class='ocrx_word' id='word_1_443' title='bbox 1870 3657 1947 3708; x_wconf 89' lang='lat' dir='ltr'>hic</span> <span class='ocrx_word' id='word_1_444' title='bbox 1964 3663 2128 3725; x_wconf 81' lang='lat' dir='ltr'>pariter</span> <span class='ocrx_word' id='word_1_445' title='bbox 2150 3660 2438 3708; x_wconf 79' lang='lat' dir='ltr'>animadver-</span> 
     </span>
     <span class='ocr_line' id='line_1_77' title="bbox 1440 3742 2445 3807; baseline -0.003 -14"><span class='ocrx_word' id='word_1_446' title='bbox 1440 3743 1637 3794; x_wconf 84' lang='lat' dir='ltr'>tendum</span> <span class='ocrx_word' id='word_1_447' title='bbox 1666 3752 1734 3793; x_wconf 88' lang='lat' dir='ltr'>est</span> <span class='ocrx_word' id='word_1_448' title='bbox 1751 3778 1766 3805; x_wconf 89' lang='lat'>‚</span> <span class='ocrx_word' id='word_1_449' title='bbox 1797 3742 1949 3794; x_wconf 83' lang='lat' dir='ltr'>nullas</span> <span class='ocrx_word' id='word_1_450' title='bbox 1974 3743 2280 3794; x_wconf 85' lang='lat' dir='ltr'>confessiones</span> <span class='ocrx_word' id='word_1_451' title='bbox 2297 3750 2445 3807; x_wconf 85' lang='lat' dir='ltr'>prote-</span> 
     </span>
    </p>
   </div>
  </div>
 </body>
</html>
