2514 4218
526 232 683 269 mur.
728 232 769 267 1--
818 229 940 267 ομ».
991 230 1079 267 111.
1129 229 1196 266 DE
1239 226 1507 268 Ecetssm
1550 227 1722 266 noris.
2095 208 2174 266 89

181 376 312 435 154.
359 373 447 434 Ad
468 383 830 453 postremum
845 371 1000 452 quod
1019 371 1226 430 attinet
1246 416 1262 445 ,
1295 368 1636 429 adnotamus
1651 413 1668 444 ,
1695 379 1809 426 tres
1831 366 2171 447 posteriores

94 482 259 531 notas
289 469 630 528 virtualiter
663 466 879 525 includi
912 467 975 525 in
1007 467 1221 548 priori,
1256 487 1468 546 nempe
1504 465 1566 522 in
1598 463 1818 522 unitate
1843 507 1860 536 ,
1891 474 2064 543 atque
2098 460 2172 520 ab

95 587 159 625 ea
197 577 474 644 tanquam
513 563 806 620 communi
839 563 998 620 fonte
1028 559 1344 619 dimanare.
1376 559 1605 619 Etenim
1640 559 1685 617 si
1707 557 1926 638 unitaS,
1976 576 2104 637 quae
2140 577 2174 613 a

90 657 375 739 principio
402 656 751 714 auctoritatis
777 653 1150 715 constituitur
1168 695 1190 724 ,
1233 665 1405 734 caput
1431 652 1602 712 simul
1638 663 1696 711 et
1724 649 1986 712 membra
2016 670 2175 708 com-

89 750 397 831 plectitur,
439 772 544 809 nec
585 772 705 808 non
744 769 948 830 corpus
994 757 1054 805 et
1093 746 1384 825 animam,
1434 748 1689 827 prosecto
1738 745 2029 826 sequitur,
2076 743 2175 801 Ec-

90 844 357 918 clesiam,
396 866 523 925 quae
568 866 673 926 pro
714 855 852 903 nota
888 840 1342 900 characteristica
1377 840 1555 900 habet
1603 841 1920 912 unitatem,
1963 836 2176 897 dehere

88 939 304 1020 pariter
318 951 596 1020 tanquam
618 949 816 997 notam
835 940 996 993 suam
1020 933 1234 992 habere
1255 935 1620 993 sanctitatem
1642 979 1658 1005 ,
1687 956 1798 1015 qua
1827 933 2177 1012 dignoscitur

88 1033 274 1114 ipsam
304 1034 496 1093 vivere
517 1078 532 1107 ,
558 1053 663 1092 nec
683 1053 802 1088 non
816 1027 1285 1102 catholicitatem,
1306 1038 1374 1086 ut
1394 1028 1574 1109 ipsius
1597 1027 1852 1087 Ecclesiae
1882 1047 2179 1106 cognosca-

89 1136 191 1185 tur
232 1147 476 1208 semper.
499 1138 557 1186 et
594 1123 807 1204 ubique
836 1122 1107 1181 identitas
1131 1167 1147 1195 ,
1198 1142 1264 1180 ac
1301 1122 1542 1183 demum
1579 1121 2053 1203 apostolicitatem
2082 1142 2179 1180 ra·

89 1222 247 1280 tione
295 1220 548 1299 ejusdem
578 1218 808 1296 originis
851 1238 916 1276 ac
962 1215 1258 1276 doctrinae.
1304 1217 1474 1276 Unde
1503 1217 1717 1298 liquet,
1756 1217 1842 1274 uti
1870 1220 1993 1293 jam
2028 1238 2183 1297 prae-

90 1315 454 1388 monuimuS,
496 1314 572 1371 ita
609 1314 766 1371 inter
794 1333 853 1371 se
884 1322 1050 1370 notas
1082 1311 1220 1369 istas
1255 1310 1510 1391 colligari
1556 1332 1622 1370 ae
1655 1321 1860 1369 mutuo
1910 1329 2061 1369 nexu
2107 1308 2180 1368 ab

89 1410 336 1470 invicem
363 1405 724 1488 dependere,
762 1417 826 1464 ut
861 1405 1020 1464 nulla
1055 1404 1182 1464 tolli
1209 1405 1421 1487 possit,
1464 1405 1608 1488 quin
1631 1416 1838 1464 ceterae
1875 1415 2182 1478 corruant,

89 1515 190 1563 aut
225 1502 338 1561 ulla
363 1523 560 1561 earum
593 1501 868 1582 reperiri,
894 1501 1057 1582 quin·
1076 1499 1311 1581 reliquae
1333 1500 1652 1560 coexistant
1688 1499 1741 1578 (l
1758 1499 1800 1578 ).
1838 1500 2037 1557 Restat
2067 1498 2183 1577 igi-

88 1610 185 1658 tur
204 1643 220 1671 ,
250 1608 315 1655 ut
338 1597 594 1678 primum
620 1596 1016 1677 inspiciamus,
1046 1606 1242 1653 utrum
1272 1593 1551 1673 ejusmodi
1573 1604 1730 1653 notae
1753 1591 2008 1652 debeant
2036 1612 2182 1654 verae

86 1692 296 1752 Christi
333 1690 594 1778 Ecclesiae
628 1701 991 1772 competere,
1028 1712 1103 1756 an
1141 1712 1279 1750 vero
1315 1689 1438 1749 aliae
1477 1687 1842 1769 requirendae
1877 1689 2019 1747 sint.
2069 1690 2182 1746 Nos

85 1808 257 1868 porro
286 1785 639 1844 affirmamus
664 1830 679 1859 ,
718 1785 1027 1844 recensitas
1059 1796 1224 1843 notas
1250 1795 1309 1842 et
1333 1807 1454 1843 non
1489 1783 1626 1842 alias
1653 1803 1803 1844 verae
1839 1782 2051 1842 Christi
2075 1783 2186 1842 Ec-

86 1880 268 1940 clesiae
288 1881 605 1939 necessario
628 1890 958 1960 competere
993 1877 1082 1959 (2)
1099 1924 1115 1954 ,
1155 1879 1309 1962 quod
1344 1878 1578 1961 quidem
1604 1878 1913 1938 ostendere
1938 1876 2184 1936 arduum

85 1975 378 2055 negotium
410 1996 532 2033 non
567 1985 673 2033 est.
1059 1988 1061 1990 ’

174 2067 308 2125 155.
349 2069 497 2127 Sane
532 2069 579 2126 si
613 2079 767 2128 notae
805 2078 1058 2127 externae
1098 2067 1332 2146 alicujus
1378 2068 1462 2126 rei
1501 2067 1645 2127 tales
1683 2077 1891 2145 natura
1919 2088 2020 2126 sua
2063 2089 2185 2128 esse

95 2158 343 2234 debent,
394 2173 460 2219 ut
499 2184 604 2221 nos
643 2173 798 2222 certo
831 2173 890 2221 et
934 2161 1148 2244 absque
1174 2161 1541 2244 ‘deceptionis
1581 2160 1836 2244 periculo
1874 2161 2091 2221 ducant
2124 2163 2187 2220 in

96 2257 215 2330 ejus
243 2254 620 2332 cognitionem
638 2301 654 2329 ,
681 2257 762 2315 ita
795 2268 1024 2338 oportet
1056 2278 1148 2315 eas
1173 2256 1340 2315 nobis
1365 2256 1639 2317 exhibere
1663 2278 1789 2317 rem
1807 2301 1824 2333 ‚
1847 2261 2005 2335 cujus
2033 2268 2187 2317 notae

97 2356 234 2404 sunt
253 2390 269 2419 ,
290 2358 356 2405 ut
378 2347 486 2428 ipsi
505 2348 607 2405 soli
627 2351 976 2410 conveniant
999 2372 1064 2409 ac
1087 2351 1234 2417 nulli
1257 2350 1353 2408 alii
1374 2362 1652 2431 praeterea
1679 2376 1695 2424 ς
1721 2352 1880 2432 atqui
1903 2352 2188 2429 ejusmodi

99 2450 237 2498 sunt
259 2452 504 2521 quatuor
520 2487 536 2516 ,
565 2463 706 2523 quas
734 2445 1127 2502 recensuimus
1147 2489 1162 2519 .,
1187 2455 1375 2517 notae3
1413 2465 1565 2523 ergo·
1591 2446 1773 2520 Major
1785 2465 1890 2525 per
1904 2466 1963 2503 se
1987 2456 2184 2526 patet;

99 2533 384 2593 minorem
408 2557 545 2595 vero
573 2537 652 2595 sic
678 2537 1020 2598 evincimus.
1057 2540 1140 2597 Ex
1168 2539 1431 2619 superius
1455 2538 1756 2599 vindicatis
1774 2582 1790 2613 ,
1815 2560 1952 2599 vera
1978 2538 2188 2623 Christi

167 2778 230 2841 (l)
266 2776 421 2843 Atque
463 2778 540 2826 hic
576 2777 725 2827 obiter
749 2780 1090 2842 animadverto,

98 2877 124 2907 a
148 2859 383 2907 nonnullis
396 2860 613 2924 theologis
626 2864 840 2909 constitui
865 2862 1094 2911 unitatem

99 2957 194 2989 non
222 2943 318 3007 jam
344 2936 617 2990 ceu‘notam
634 2979 647 3002 ,
686 2953 736 2990 ut
764 2954 930 2991 vocant
958 2981 972 3004 ,
1001 2961 1094 3010 po·

98 3023 283 3070 sitivam
307 3059 321 3082 ‚
359 3026 419 3071 ita
456 3033 508 3071 ut
528 3041 585 3071 ex
613 3042 666 3072 eo
683 3060 697 3080 ‚
729 3026 853 3091 quod
876 3028 924 3073 in
942 3025 1095 3092 aliqua

101 3106 426 3152 communione
441 3106 592 3152 unitas
624 3108 871 3171 reperiatur
891 3144 904 3167 ,
937 3107 1096 3155 inferri

101 3181 298 3247 legitime
317 3188 459 3251 possit
478 3222 490 3245 ‚
508 3203 605 3234 eam
638 3203 735 3235 esse
756 3204 909 3236 veram
927 3186 1096 3236 Christi

103 3260 381 3329 Ecclesiam,
424 3269 506 3317 sed
535 3269 684 3318 solum
727 3272 794 3318 uti
823 3280 982 3318 notam
1019 3287 1097 3321 seu

107 3347 290 3411 signum
304 3353 572 3415 negativum
592 3352 796 3401 exhiberi
815 3392 832 3413 ,
850 3363 1095 3419 quatenus,

105 3428 146 3474 si
174 3429 222 3473 in
261 3428 410 3495 aliquo
444 3443 560 3481 coetu
606 3434 752 3494 desit,
799 3434 998 3500 legitime
1026 3438 1099 3485 in-

106 3507 216 3555 ferri
235 3511 387 3572 possit,
407 3528 512 3560 eum
531 3532 626 3563 non
642 3532 736 3564 esse
750 3532 903 3565 veram
929 3515 1099 3566 Christi

108 3587 379 3639 Ecclesiam.
409 3590 538 3656 Quod
568 3596 755 3662 quidem
780 3597 896 3646 mihi
920 3598 1100 3647 videtur

119 3687 215 3719 non
255 3673 362 3720 satis
396 3685 630 3738 accurate,
669 3680 763 3728 imo
802 3697 887 3729 nec
916 3694 1018 3731 vere
1041 3680 1098 3729 ab

1181 2784 1290 2847 ipsis
1310 2782 1502 2831 adstrui.
1531 2782 1827 2848 Impossibile
1853 2787 1974 2833 enim
1997 2795 2096 2846 est,
2120 2796 2188 2848 ut,

1190 2866 1228 2911 si
1263 2867 1413 2911 unitas
1433 2899 1448 2923 ,
1488 2865 1635 2931 qualis
1667 2868 1914 2930 requiritur
1942 2867 2000 2914 ad
2032 2877 2190 2916 notam

1182 2946 1580 3008 constituendam,
1609 2949 1880 3012 reperiatur,
1908 2945 2060 3013 colligi
2082 2949 2191 2998 inde

1183 3045 1279 3075 non
1306 3031 1460 3092 possit,
1480 3032 1761 3090 societatem,
1779 3032 1827 3076 in
1848 3047 1940 3095 qua
1967 3033 2191 3096 conspici-

1183 3118 1275 3170 tur,
1307 3127 1401 3159 esse
1428 3128 1582 3159 veram
1599 3110 1765 3158 Christi
1788 3109 2053 3159 Ecclesiam.

1258 3191 1328 3255 (2)
1363 3192 1472 3271 Quae
1500 3180 1687 3260 quidem
1734 3193 1926 3260 intelligi
1953 3203 2190 3261 nequeunt

1186 3270 1249 3321 de
1286 3291 1481 3324 numero
1500 3313 1511 3335 ,
1544 3283 1596 3322 ut
1634 3276 1695 3322 ita
1721 3273 1903 3337 dicam,
1935 3275 2186 3335 materiali,

1184 3355 1262 3404 sed
1290 3356 1346 3404 de
1383 3374 1463 3420 re,
1507 3359 1568 3403 ita
1592 3365 1644 3403 ut
1675 3373 1770 3404 non
1816 3356 1903 3406 alia
1941 3341 2051 3405 nota
2087 3358 2190 3404 assi·

1184 3439 1314 3501 gnari
1341 3436 1507 3502 possit,
1525 3453 1632 3503 quae
1662 3454 1769 3486 cum
1804 3427 2040 3487 recensitis
2066 3454 2191 3486 com-

1184 3521 1298 3584 poni
1331 3526 1561 3585 nequeat,
1605 3530 1682 3569 aut
1716 3519 1774 3568 ad
1808 3519 1914 3567 illas
1954 3517 2187 3578 revocari,

1187 3598 1312 3665 iuxta
1349 3617 1398 3650 ea
1434 3619 1532 3667 quae
1559 3602 1696 3666 paulo
1725 3611 1830 3652 ante
1859 3601 2081 3652 diximus.
