2514 4218
285 216 401 278 196

879 231 1074 271 mser.
1117 230 1187 269 DE
1231 230 1382 269 mets
1427 233 1810 275 Tunetossrcls.

284 400 487 466 parem
509 399 632 438 non
657 398 779 438 esse
805 397 938 436 cum
958 372 1207 433 Ecclesia
1229 392 1404 452 graeca
1427 372 1825 438 conditionem
1850 376 2117 439 Ecclesiae
2142 379 2398 455 russicae,

284 497 412 560 quae
437 474 714 557 duplicis,
735 473 854 531 imo
881 468 1122 550 triplicis
1147 468 1472 529 schismatis
1497 478 1636 528 nota
1664 491 1786 532 sese
1810 473 2073 534 foedavit.
2098 475 2175 534 Ac
2196 476 2258 534 10
2271 477 2404 557 qui-

284 572 422 633 dem
456 568 780 631 schismatis
802 609 817 639 ,
854 563 1013 647 quod
1047 585 1360 624 commune
1398 562 1575 623 habet
1604 584 1737 624 cum
1767 568 1976 629 Graecis
2007 573 2068 629 in
2095 570 2302 631 ordine
2332 571 2407 630 ad

285 670 452 728 Rom.
482 664 855 734 Pontificem,
894 661 961 718 20
986 660 1349 729 SchismatiS,
1378 683 1494 742 quo
1516 682 1575 720 se
1599 682 1629 719 a
1662 661 1988 743 patriarcha
2009 668 2409 726 constantino·

282 763 544 847 politano
573 750 866 835 sejunxit,
907 777 1023 838 quo
1061 757 1128 815 fit
1160 767 1225 816 ut
1258 756 1483 816 nullam
1517 758 1996 818 communionem
2034 773 2228 823 servet
2273 785 2405 823 cum

284 857 530 919 Ecclesia
565 874 747 933 graeca
769 898 786 928 ,
827 863 1005 935 prout
1039 852 1160 913 haec
1188 853 1312 936 ipsa
1341 852 1501 912 haud
1531 853 1609 912 ita
1636 852 1869 936 pridem
1895 854 2128 937 publice
2157 857 2411 919 declara·

284 956 370 1014 vit
401 954 525 1033 (l);
563 950 629 1010 3⁰
661 949 995 1010 Schismatis
1019 972 1050 1010 a
1083 949 1411 1032 patriarcha
1444 950 1796 1026 moscovita,
1830 951 1930 1032 qui
1959 973 1992 1010 a
2020 954 2190 1012 Petro
2225 954 2246 1011 1
2278 952 2413 1013 abo·

280 1050 418 1109 litus
460 1060 579 1125 est,
615 1058 682 1106 ut
710 1045 1001 1106 sufficeret
1039 1046 1101 1104 in
1137 1049 1262 1126 ejus
1297 1045 1492 1105 locum
1529 1068 1659 1107 eam
1681 1093 1695 1120 ,
1731 1068 1911 1129 quam
1936 1046 2061 1130 ipse
2087 1048 2408 1131 appellavit

281 1155 554 1207 sanctam
589 1144 886 1224 synodum
928 1153 1386 1223 permanentem
1428 1145 1942 1223 petrepolitanam
1959 1189 1977 1215 ‚
2030 1148 2190 1221 cujus
2239 1156 2415 1227 caput

282 1243 405 1325 ipse
430 1244 760 1323 Imperator
783 1260 891 1321 pro
926 1250 1191 1319 tempore
1217 1249 1340 1311 est,
1379 1242 1616 1320 ejusque
1652 1237 1917 1298 membra
1956 1239 2151 1298 omnia
2190 1238 2264 1299 ab
2302 1242 2414 1300 Im-

279 1349 551 1422 peratore
586 1336 959 1415 deliguntur,
1003 1356 1251 1417 quaeque
1290 1356 1392 1393 sua
1432 1335 1628 1393 omnia
1662 1333 1928 1410 decreta,
1975 1345 2042 1393 ut:
2080 1335 2281 1395 mitius
2323 1334 2414 1395 lo-

276 1457 462 1518 quar,
495 1431 604 1492 sub
638 1430 867 1490 influxu
899 1431 1274 1513 Imperatoris
1306 1429 1546 1490 emittit.
1581 1432 1747 1491 Hanc
1787 1442 1945 1491 certe
1977 1430 2269 1514 synodum
2291 1454 2412 1492 non

284 1530 588 1590 constituit
617 1527 898 1588 Christus.

368 1625 510 1685 305.
561 1624 651 1684 Ad
672 1625 788 1700 2¹¹²,
815 1625 972 1682 Dz‘st.
1001 1621 1441 1684 Schismaticam
1462 1667 1478 1698 ,
1512 1642 1760 1704 quaeque
1787 1620 1968 1682 habet
1992 1624 2413 1685 successionem

282 1719 649 1781 materialem
669 1765 686 1782 .
710 1740 896 1785 eone.,·
919 1719 1342 1778 successionem
1361 1717 1669 1778 formalem
1693 1741 1798 1801 per
1822 1718 2218 1780 adhaesionem
2242 1721 2415 1803 capiti

284 1818 349 1877 in
379 1818 605 1875 unitate
642 1815 779 1874 fidei
804 1824 862 1874 et
884 1814 1213 1893 regiminis,
1253 1835 1376 1893 neq.
1409 1816 1635 1896 Nempe
1663 1837 1784 1873 non
1824 1815 2006 1894 magis
2040 1817 2272 1897 utrique
2309 1818 2415 1875 Ec-

284 1910 469 1970 clesiae
487 1908 939 1968 haec'materialis
957 1910 1114 1970 favet
1134 1909 1436 1984 successiO,
1457 1930 1635 1990 quam
1657 1908 1847 1968 faveat
1865 1910 2223 1968 Nestorianis
2240 1922 2415 1991 atque

282 2006 656 2087 Eutychianis
692 2027 827 2075 sua,
869 2005 1137 2086 quamvis
1169 2005 1464 2085 antiquior
1500 2005 1595 2064 sit.
1634 2006 1796 2065 Circa
1826 2005 2183 2088 peculiarem
2219 2005 2416 2065 Eccle-

284 2102 430 2161 siam
463 2101 741 2159 russicam
767 2110 1048 2181 praeterea
1085 2100 1492 2163 animadverto
1520 2146 1536 2176 ,
1583 2100 1771 2183 ipsam
1802 2102 1865 2158 in
1896 2100 2123 2159 unitate
2154 2100 2414 2161 Ecclesiae

280 2217 542 2256 romanae
571 2194 745 2256 fuisse
779 2195 1087 2255 fundatam
1114 2197 1206 2277 (2)
1231 2208 1360 2256 tum
1385 2217 1419 2255 a
1458 2197 1671 2257 Graecis
1702 2194 2002 2256 catholicis
2035 2207 2164 2256 tum
2199 2219 2234 2257 a
2269 2197 2417 2257 Lati-

353 2414 418 2477 (1)
454 2412 555 2463 cfr.
609 2413 823 2480 Septimii
884 2413 1105 2468 Costanzi
1170 2433 1312 2481 opus·
1354 2390 1363 2395 a

286 2496 392 2546 cula
415 2533 429 2556 ,
459 2506 575 2545 tom.
608 2514 662 2545 ιιι
682 2532 697 2559 ‚
717 2499 767 2544 in
788 2497 1021 2547 schemate
1046 2499 1314 2564 appendicis

286 2581 428 2628 tertiae
451 2579 509 2627 ad
525 2578 765 2628 Ruthenos
784 2580 842 2628 ab
863 2579 1067 2629 Ecclesia
1085 2582 1312 2631 catholica

286 2677 479 2710 romana
500 2661 772 2709 dissidentes
792 2697 806 2720 ,
827 2659 853 2727 §
878 2662 928 2720 3,
957 2661 1117 2710 Romae
1151 2661 1273 2729 1807
1297 2699 1310 2722 ,

286 2760 375 2792 nec
406 2759 501 2790 non
536 2741 831 2790 Dissertatio
857 2742 912 2789 de
946 2744 1133 2807 oriqine
1161 2742 1316 2791 chris-

284 2825 433 2873 tianoe
447 2822 695 2888 reliqionis
710 2825 766 2871 in
778 2823 978 2885 Russio,
991 2824 1148 2873 Romae
1170 2822 1312 2887 1826,

286 2924 391 2973 cap.
425 2924 474 2958 2.
508 2907 607 2957 Cfr.
642 2909 780 2957 etiam
818 2907 1052 2956 cruditum
1084 2924 1199 2973 opus
1238 2908 1309 2959 Cl.

289 2989 445 3040 Barth.
474 2991 663 3058 Kopitar
682 3028 696 3053 ,
726 2993 803 3039 cui
823 2993 893 3041 tit.
909 2989 1153 3057 Hesychii
1173 2990 1311 3040 Glos-

290 3074 519 3140 soqraphi
556 3072 827 3143 discipulus
850 3112 863 3136 ‚
893 3085 984 3124 etc.
1018 3074 1313 3125 Vindobona:

297 3153 427 3221 1839
443 3190 458 3216 ‚
480 3159 531 3205 in
548 3157 749 3223 append.
783 3154 843 3207 15
867 3194 880 3217 ,
899 3172 1010 3224 pag.
1036 3154 1102 3205 56
1118 3168 1164 3206 et
1180 3175 1311 3225 seqqt

290 3235 374 3285 ubi
395 3241 570 3304 egregie
597 3241 806 3289 confutat
831 3238 910 3288 W.
926 3238 983 3289 Δ.
1006 3238 1315 3307 Maciejowski

293 3323 657 3384 commentaria,
690 3323 814 3372 edita
855 3321 1084 3389 Petropoli
1124 3333 1169 3372 et
1202 3323 1313 3390 Lip-

298 3405 379 3452 siae
397 3440 412 3462 ‚
450 3402 596 3471 1839.

279 3480 288 3489 ’
351 3486 417 3551 (2)
434 3485 530 3535 Cfr.
547 3485 961 3538 Considerationes
970 3487 1211 3538 historicae
1221 3495 1314 3540 etc.

294 3572 558 3634 germanice
592 3571 737 3620 editas
768 3590 794 3621 a
827 3573 888 3623 Η.
908 3572 957 3622 J.
990 3571 1171 3632 Smith,
1194 3590 1312 3639 qua-

297 3669 402 3700 rum
423 3652 754 3718 compendium
782 3654 1028 3706 exhibetur
1050 3657 1102 3704 in
1121 3653 1317 3704 Annali

292 3731 411 3781 dalle
431 3735 621 3784 sciense
655 3732 901 3801 religiose,
949 3737 1040 3788 vol.
1074 3751 1157 3800 m,
1194 3753 1247 3788 n.
1278 3734 1312 3787 8

1394 2427 1438 2466 et
1469 2434 1533 2484 9,
1558 2415 1804 2465 settembre
1831 2433 1857 2464 e
1882 2416 2078 2475 octobre,
2105 2416 2359 2466 novembre
2391 2434 2417 2465 e

1394 2498 1635 2547 decembre
1670 2497 1817 2549 1836.
1839 2499 1893 2546 In
1909 2501 2149 2564 posteriori
2165 2502 2308 2565 igitur
2327 2499 2416 2547 hoc

1394 2583 1617 2632 fasciculo
1635 2620 1648 2642 ‚
1672 2598 1783 2648 pag.
1811 2580 1914 2649 419
1941 2593 1984 2630 et
2011 2599 2143 2647 seqq.
2173 2594 2413 2644 narratur,

1395 2665 1632 2730 quomodo
1651 2701 1664 2723 ,
1685 2681 1794 2712 cum
1823 2664 1898 2711 die
1924 2680 1984 2730 27
2019 2662 2131 2712 Julii
2158 2663 2282 2714 1833
2307 2683 2414 2731 age-

1394 2757 1520 2795 retur
1563 2746 1622 2795 de
1663 2746 1948 2794 instituenda
1989 2742 2185 2811 Synodo
2219 2764 2417 2813 perma-

1394 2837 1534 2877 nente
1560 2829 1763 2877 adinstar
1797 2826 2030 2878 Ecclesioe
2063 2846 2215 2879 russoe
2237 2865 2252 2892 ,
2291 2832 2418 2880 resti-

1395 2912 1534 2959 terint
1569 2926 1731 2960 omnes
1760 2909 2100 2977 Archiepiscopi
2131 2922 2176 2960 et
2202 2912 2415 2977 Episcopi

1394 2996 1526 3059 graeci
1574 2994 1686 3043 huic
1733 2993 1982 3057 clausulae3
2025 2996 2119 3041 imo
2166 2990 2414 3060 Synodum

1393 3094 1591 3144 graecam
1634 3086 1763 3126 tauta
1806 3079 1950 3125 animi
1994 3077 2228 3124 aversione
2262 3085 2414 3125 actam

1394 3161 1536 3209 fuisse
1573 3169 1731 3209 contra
1770 3157 2021 3207 Ecclesiam
2062 3160 2318 3219 russicam,
2364 3168 2415 3207 ut

1394 3242 1549 3308 plures
1574 3241 1819 3307 Episcopi,
1850 3241 1931 3306 qui
1961 3240 2086 3304 prius
2116 3240 2292 3305 pileum
2316 3256 2416 3289 rus-

1395 3327 1545 3374 sieum
1585 3321 1888 3380 deferebant,
1920 3323 1967 3369 in
1997 3322 2186 3386 siguum
2215 3322 2409 3371 detesta-

1395 3409 1533 3456 tionis
1555 3421 1662 3454 eum
1687 3404 1997 3463 deseruerint,
2033 3414 2086 3452 ut
2114 3403 2303 3470 Syuodo
2336 3406 2410 3453 iu-

1397 3497 1639 3538 terressent
1664 3486 1783 3552 pileo
1804 3502 1963 3552 graeco.
1982 3486 2174 3536 Interim
2197 3486 2411 3551 perhanc

1396 3569 1640 3637 Synodum
1675 3567 1877 3617 Ecclesia
1922 3586 2062 3635 graeca
2102 3586 2149 3617 se
2186 3568 2406 3616 subduxit

1391 3650 1702 3722 jurisdIctioni
1766 3651 2037 3718 patriarcha!
2099 3651 2408 3701 constantino-

1395 3734 1586 3802 politani
1604 3771 1619 3801 ,
1653 3736 1773 3785 sicut
1802 3738 1937 3787 annis
1963 3736 2177 3788 anteactis
2205 3732 2407 3782 Ecclesia
