2514 4218
315 160 477 195 PART.
525 159 566 194 1.
618 157 767 195 SEGT.
816 157 882 194 11.
931 157 1055 196 CAP.
1106 158 1192 195 111.
1241 160 1309 196 DE
1355 161 1483 197 NAT.
1532 124 1599 198 EYT
1645 162 1768 198 JUR.
1817 163 1970 201 PRIM-

2088 144 2206 202 455

91 298 437 358 hortabatur
467 296 540 355 ad
577 297 894 357 mittendos
932 320 1061 357 suos
1101 298 1316 378 legatos
1352 299 1440 381 (l)
1466 346 1481 374 ,
1513 321 1623 360 nec
1650 323 1771 359 non
1799 303 2066 380 generale
2088 305 2215 379 Vll,

92 416 194 452 seu
221 394 517 452 Nicaenum
536 392 586 450 II
607 436 623 457 ,
641 413 715 451 ex
729 414 1010 452 consensu
1028 392 1305 452 Hadriani
1329 395 1352 452 I
1371 395 1492 475 (2);
1512 396 1752 455 demum
1771 397 2036 475 generale
2055 400 2208 474 VIII,

93 510 194 547 seu
230 487 934 567 Constantinopolitanum
983 489 1062 546 IVv
1087 532 1103 560 ‚
1151 509 1223 547 ex
1249 490 1508 566 jussione
1532 490 1814 549 Hadriani
1842 492 1894 550 ΙΙ
1919 490 2025 571 (3).
2061 494 2207 552 Cum

93 584 266 662 igitur
305 603 372 640 ex
404 581 654 640 indubiis
697 583 1059 642 documentis
1096 594 1356 657 constet,
1394 586 1590 644 omnia
1632 597 1691 646 et
1744 585 1965 665 singula
2013 589 2208 668 priora

93 687 222 735 octo
259 676 511 735 Concilia
548 678 887 755 auctoritate
925 689 983 737 et
1020 698 1304 736 consensu
1335 700 1486 738 rom.
1516 682 1861 739 Pontificum
1896 693 2209 742 convocata

95 783 195 830 aut
229 771 515 831 celebrata
548 773 720 832 fuisse
761 772 835 831 ab
875 771 1364 854 ImperatoribuS,
1413 776 1700 857 pudorem
1728 780 1952 838 exuisse
1977 799 2208 838 necesse

94 879 180 926 est
207 888 302 926 eos
324 913 342 944 ‚
380 869 479 948 qui
506 879 829 937 assererent
855 871 1238 950 Imperatores
1266 866 1396 946 jure
1417 872 1655 952 proprio
1680 871 1779 931 illa
1820 873 2066 953 coegisse
2093 873 2204 954 (4).

177 963 314 1021 662.
363 962 448 1022 Ad
484 963 592 1037 2²1¹,
635 965 791 1023 Dist.
852 965 1124 1027 Summus
1178 964 1474 1043 imperans
1523 979 1735 1047 praeter
1778 967 2208 1049 temporalem,

95 1067 371 1116 aetcrnam
416 1059 590 1117 etiam
648 1058 981 1118 felicitatem
1017 1080 1362 1138 promovere
1411 1059 1586 1120 debet
1638 1082 1744 1143 per
1794 1061 1984 1121 media
2031 1064 2207 1122 statui

93 1174 197 1211 suo
235 1165 620 1213 consentanea
649 1198 665 1227 .,
705 1173 900 1221 conc.‚·
933 1174 1302 1234 quocumque
1343 1155 1553 1224 mod0,
1588 1178 1717 1236 neq.
1751 1158 1833 1215 Ex
1857 1155 1955 1214 illa
1993 1155 2208 1236 obliga-

96 1248 254 1307 tione
288 1269 388 1307 εει]
415 1269 660 1308 munere
688 1293 704 1322 ‚
737 1247 893 1328 quod
920 1269 1151 1306 summo
1192 1249 1508 1329 imperanti
1551 1249 1838 1309 incumbit
1858 1296 1874 1325 ,
1913 1273 2034 1310 non
2075 1250 2208 1310 fluit

86 1348 182 1422 jus
219 1343 548 1426 imperandi
575 1343 877 1425 Episcopis
926 1341 1035 1401 sibi
1073 1342 1342 1422 subjectis
1372 1389 1387 1417 ‚
1436 1356 1501 1403 ut
1536 1348 1752 1404 exortis
1787 1346 2102 1407 haeresibus
2143 1347 2206 1405 in

164 1591 230 1653 (1)
268 1589 366 1637 Cfr.
390 1588 602 1636 Zaccaria
624 1626 637 1648 ‚
670 1589 760 1637 loc.
795 1591 874 1638 cit.
914 1605 1114 1637 necnon

98 1669 361 1718 Muzzarelli
375 1707 388 1730 ‚
405 1687 480 1734 op.
498 1673 579 1719 cit.
595 1680 711 1718 tom.
726 1684 787 1729 11,
804 1688 907 1735 cap.
930 1686 984 1718 10
999 1707 1012 1731 ‚
1029 1669 1111 1736 34,

160 1752 228 1815 (2)
268 1752 317 1800 ld
342 1753 488 1818 liquet
520 1770 572 1801 ex
605 1752 826 1800 Hadriani
859 1770 875 1800 1
895 1749 1113 1819 Epistola

93 1837 157 1884 ad
182 1836 444 1884 Taraciam
459 1873 472 1896 ‚
499 1838 548 1883 in
567 1850 657 1901 qua
676 1838 739 1883 sic
759 1836 947 1883 scribit:
969 1835 1114 1900 Quod

94 1920 141 1965 si
175 1934 274 1965 non
306 1928 551 1983 perspecta
581 1917 707 1965 mihi
737 1926 852 1965 esset
891 1923 938 1964 et
964 1902 1111 1982 probe

95 2001 284 2063 coqm‘ta
302 2017 413 2064 erqa
435 2016 598 2047 sacras
619 1999 872 2063 synodicas
891 2015 974 2046 sea·
1000 2014 1110 2045 con-

96 2082 366 2128 stitutiones
384 2089 428 2127 et
441 2080 739 2129 venerandas
753 2082 991 2145 imaqines
1008 2097 1107 2127 ves-

98 2170 172 2209 tra
200 2163 454 2210 sinceritas
484 2170 528 2209 et
556 2162 809 2210 orthodoxa
838 2161 959 2225 fides
979 2198 992 2220 ‚
1022 2179 1107 2209 ne-

96 2262 334 2309 quaquam
380 2244 444 2293 ad
484 2243 730 2309 Synodam
757 2243 1108 2292 convocandam

100 2326 479 2387 adsentire-mic33
521 2326 645 2391 apud
681 2326 862 2374 Zaccar.
900 2326 991 2374 loc.
1027 2328 1106 2374 cit.

101 2408 237 2471 Apud
259 2408 398 2456 Hard.
411 2406 536 2456 Acta
550 2407 691 2456 Cone.
708 2419 822 2456 tom.
836 2425 881 2456 iv
895 2445 910 2468 ,
927 2405 1110 2474 col.98‚

102 2491 430 2555 aliquantisper
450 2490 598 2539 verbis
619 2493 872 2539 immutatis
893 2491 988 2538 haec
1013 2492 1110 2556 ipsa

101 2571 331 2635 leguntur.
351 2568 451 2620 Cfr.
467 2573 605 2620 etiam
621 2572 914 2628 Muzzarelli,
932 2590 1010 2636 op.
1028 2575 1107 2620 cit.

102 2664 214 2702 tom.
254 2671 315 2713 n,
356 2652 382 2719 ὃ
412 2669 441 2701 2
462 2691 476 2714 ,
512 2655 595 2702 ubi
627 2654 754 2719 plura
795 2655 881 2702 alia
909 2654 1032 2702 hanc
1061 2657 1109 2701 in

103 2753 198 2783 rem
230 2737 413 2800 profert.

171 2818 235 2882 (3)
276 2818 347 2866 En
372 2819 507 2867 verba
536 2819 755 2868 Hadriani
784 2836 851 2884 n,
875 2822 924 2867 in
944 2819 1108 2884 Epist.

103 2899 169 2948 ad
211 2898 339 2966 Imp.
370 2898 618 2947 Basiliam
650 2919 666 2950 .·
702 2899 941 2950 Volumus
974 2918 1109 2966 erqo,

98 2998 188 3046 per
216 2992 379 3051 vestras
409 2985 609 3048 pietatis
651 2983 944 3038 industriam
964 3021 978 3043 ‚
1013 2982 1114 3032 illic

107 3079 407 3120 numerosum
436 3065 663 3114 celebrari
696 3065 964 3114 Concilium
983 3103 999 3128 ‚
1033 3069 1117 3114 cui

109 3147 260 3193 nostri
285 3163 465 3212 quoque
491 3149 631 3195 missi
650 3146 962 3212 proesidentes
978 3185 991 3206 ‚
1022 3158 1110 3195 etc.

108 3225 244 3289 Apud
273 3226 498 3277 Harduin.
529 3239 644 3278 tom.
678 3248 705 3278 v
725 3266 737 3288 ‚
770 3230 854 3278 col.
889 3227 1004 3296 768.

180 3309 242 3371 (Α)
280 3309 338 3357 Hi
361 3314 578 3360 nimirum
605 3313 708 3361 ideo
735 3313 1008 3360 adnituntur
1028 3313 1115 3360 hoc

112 3407 230 3438 rom.
263 3390 560 3441 Pontificibus
584 3396 757 3459 eripere
778 3392 881 3460 jus,
906 3394 1116 3459 illudque

114 3472 354 3519 transferre
370 3475 419 3520 in
435 3478 642 3538 regimen
658 3477 813 3538 civile,
837 3479 945 3541 quia
959 3478 1114 3523 animo

115 3555 404 3602 vehementer
432 3555 490 3602 ab
515 3556 699 3604 illorum
724 3561 924 3622 primatu*
948 3557 1115 3606 abbor-

116 3647 244 3694 rent,
294 3639 355 3682 uti
402 3639 509 3685 scite
557 3638 761 3687 observat
807 3639 1077 3703 Roskovany
1099 3677 1111 3698 ‚

1198 1605 1275 1653 op.
1312 1591 1391 1638 cit.
1422 1588 1448 1658 §
1475 1605 1558 1655 70.
1586 1589 1800 1639 Attamen
1827 1592 1877 1640 hi
1904 1593 2097 1642 studiosi
2126 1611 2209 1642 an-

1197 1673 1418 1736 tiquitatis
1462 1689 1558 1719 non
1588 1671 1993 1734 animadvertunt,
2038 1692 2087 1726 se
2119 1675 2209 1724 hac

1195 1753 1359 1817 agendi
1378 1755 1555 1800 ratione
1569 1770 1594 1800 a
1615 1770 1756 1802 sensu
1772 1757 2056 1820 antiquitatis
2074 1755 2208 1819 longe

1195 1833 1425 1884 recedere.
1455 1834 1670 1882 Vidimus
1684 1834 1796 1900 jam,
1828 1833 2051 1901 rejectum
2068 1837 2207 1884 fuisse

1195 1918 1262 1963 uti
1304 1916 1598 1964 latrocinium
1642 1933 1773 1965 conc.
1817 1916 2100 1982 Ephesinum
2137 1931 2171 1965 ιι
2189 1954 2205 1976 ,

1193 2013 1245 2045 eo
1277 1998 1401 2063 quod
1430 1997 1605 2063 absque
1637 2013 1862 2046 consensu
1896 2016 2016 2048 rom.
2042 1999 2204 2047 Ponti-

1193 2079 1289 2126 ficis
1323 2090 1656 2138 convocatum3
1685 2096 1814 2127 nunc
1834 2095 1944 2128 vero
1964 2079 2207 2147 adjicimus

1192 2159 1450 2208 Concilium
1505 2162 1841 2209 oecumenicum
1910 2177 1972 2209 vu
2003 2197 2018 2222 ‚
2081 2161 2208 2227 quod

1193 2252 1279 2290 act.
1308 2259 1353 2289 ν]
1397 2241 1597 2290 ostendit
1617 2276 1632 2302 ‚
1674 2241 1778 2290 ideo
1813 2245 2035 2307 rejectam
2068 2243 2208 2291 fuisse

1193 2321 1433 2388 Synodum
1453 2341 1479 2371 a
1508 2322 1660 2371 Leone
1685 2333 1729 2371 et
1749 2321 2050 2371 Constantino
2068 2360 2082 2383 ‚
2115 2325 2208 2372 ico-

1194 2404 1432 2452 nomachis
1451 2403 1808 2468 imperatoribus
1821 2440 1834 2464 ,
1861 2413 2176 2468 congregatam
2189 2441 2203 2465 ‚

1195 2487 1270 2535 οὔκ
1315 2482 1428 2548 ’ἔα-χε
1474 2481 1673 2552 συνεργὰ
1716 2482 1791 2534 τὺ
1839 2489 2081 2539 τηνικοιῧτα
2125 2489 2209 2539 τῆς

1194 2565 1396 2630 Ρωμοιίων
1420 2566 1578 2616 ποίη-αι
1608 2563 1637 2622 οἳ
1659 2563 1760 2620 votis
1783 2563 1880 2633 περὶ
1906 2562 2034 2615 aar&
2058 2566 2207 2632 ἱερεῖς,

1195 2647 1291 2699 οὔτε
1333 2647 1414 2699 διαὶ
1458 2654 1759 2715 τοποτηρητὸν
1795 2650 1959 2707 κότου,
2000 2644 2095 2696 οἵτε
2143 2645 2209 2695 δι’

1196 2729 1432 2803 ε’γκυκλιόι(
1466 2733 1733 2793 ἐπιστολῆς,
1764 2727 1902 2782 καθεὶς
1948 2726 2075 2794 ’ἔμας
2113 2724 2212 2778 ἔστί

1198 2816 1300 2868 ταῖς
1322 2812 1522 2867 συνίδοις
1539 2852 1553 2875 ,
1599 2814 1648 2862 id
1669 2823 1764 2872 est,
1802 2813 1926 2876 quod
1949 2811 2213 2877 adjutorem

1197 2915 1294 2946 non
1322 2897 1546 2945 habuerit
1572 2879 1707 2943 illius
1722 2895 1945 2959 temporis
1962 2909 2082 2942 rom.
2108 2891 2212 2940 Pa-

1189 2997 1308 3046 pam
1328 3017 1342 3040 ,
1374 2978 1449 3027 vel
1485 2994 1562 3026 eos
1603 2979 1691 3042 qui
1731 2978 1863 3025 circa
1905 2977 2067 3041 ipsum
2099 2980 2215 3020 etant

1199 3061 1473 3111 Sacerdotes
1498 3096 1512 3120 ‚
1559 3076 1646 3107 nec
1687 3060 1831 3107 etiam
1865 3073 1957 3122 per
2008 3055 2213 3103 vicarios

1198 3146 1320 3211 ejus,
1346 3160 1496 3208 neque
1512 3158 1605 3207 per
1617 3156 1678 3187 en
1693 3138 1918 3205 cyclicum
1930 3135 2175 3203 epistolam
2191 3169 2209 3195 ,

1194 3224 1588 3291 quemadmodum
1605 3221 1679 3269 lea·
1702 3221 1848 3268 dictat
1866 3216 2211 3268 Conciliornm.

1196 3309 1329 3373 Apud
1354 3303 1586 3356 Harduiu.
1605 3315 1717 3352 tom.
1733 3320 1776 3350 iv
1794 3338 1807 3364 ‚
1832 3301 1922 3350 col.
1947 3297 2064 3348 328.
2083 3297 2211 3344 Adeo

1195 3407 1364 3454 nempe
1379 3399 1490 3436 tunc
1499 3388 1714 3451 temporis
1723 3384 1847 3450 apud
1860 3399 2019 3431 omues
2031 3389 2206 3428 certum

1196 3483 1291 3522 erat
1304 3507 1321 3534 ,
1350 3471 1525 3536 absque
1539 3486 1658 3517 rom.
1679 3467 1895 3515 Pontifice
1925 3462 2099 3511 nullam
2121 3474 2217 3507 esse

1198 3565 1340 3603 ratam
1357 3550 1616 3618 generalem
1634 3549 1878 3616 Synodum
1897 3547 1907 3592 ἔ
