2514 4218
2063 163 2182 223 257

477 182 637 219 PART.
681 181 723 219 1.
773 178 893 217 CAP.
939 179 1017 219 lv.
1065 180 1132 215 DE
1174 179 1444 219 ECCLESIAE
1478 179 1728 219 nonnus.

71 327 136 385 in
170 332 437 385 concreto
466 325 560 399 jus
580 365 598 395 a
636 341 737 379 seu
763 320 976 380 veritas
1012 331 1114 379 aut
1137 319 1385 394 falsitaS‚
1422 318 1766 380 orthodoxia
1814 331 1916 381 aut
1946 321 2187 384 hetero-

76 420 244 479 doxia
283 419 518 495 alicujus
555 415 831 474 doctrinae
878 415 1139 494 exurgit,
1182 426 1242 473 et
1274 436 1407 473 cum
1440 436 1586 497 qu0‚
1633 414 1719 473 uti
1768 413 2050 494 diximus,
2101 431 2189 479 est

75 513 393 575 necessario
435 522 494 569 et
533 509 998 592 inseparabiliter
1029 528 1358 567 connexum
1398 521 1573 591 atque
1603 508 1677 567 ab
1717 530 1785 568 eo
1818 510 2182 592 dependens·

156 609 295 668 389.
343 606 704 681 Janseniani,
741 616 807 663 ut
833 603 1139 663 eluderent
1163 601 1601 663 damnationem
1626 604 1886 686 quinque
1921 609 2189 687 proposi-

73 703 300 762 tionum
325 746 344 778 ,
388 721 514 783 quae
561 701 848 782 decerptae
885 707 1054 757 erant
1094 717 1165 755 ex
1213 697 1556 776 Augustino
1592 699 1852 758 Jansenii
1879 744 1895 774 ,
1931 701 2188 761 Arnaldo

73 796 249 873 duce,
294 806 599 878 coeperunt
636 795 987 873 distinguere
1026 791 1182 850 inter
1210 795 1326 867 jus
1366 802 1426 849 et
1456 796 1714 869 factum.
1761 796 2188 877 Propositiones

75 892 204 951 illas
225 939 240 967 a
278 892 339 950 in
375 913 435 951 se
470 901 793 973 spectataS,
834 885 1080 969 professi
1111 895 1251 944 sunt
1288 886 1500 944 merito
1535 889 1888 970 proscriptas
1913 936 1929 966 ‚
1976 912 2188 974 easque

75 1008 136 1045 se
170 1008 242 1046 ex
273 986 444 1045 corde
468 998 533 1044 ut
555 984 851 1044 haereticas
879 1000 1112 1063 quoque
1143 978 1456 1054 damnare3
1499 1001 1706 1040 verum
1729 1028 1744 1057 ‚
1770 995 1898 1043 tum
1922 1007 2016 1045 eas
2045 1007 2190 1045 con-

77 1081 248 1140 tineri
280 1082 353 1139 in
376 1079 640 1140 Jansenii
668 1070 1040 1156 A'uqustino,
1079 1095 1146 1133 ac
1180 1074 1241 1132 in
1273 1086 1474 1134 mente
1501 1087 1561 1135 et
1585 1098 1756 1136 sensu
1785 1080 2047 1140 Jansenii
2079 1081 2192 1142 hae·

76 1176 284 1234 reticas
314 1197 437 1235 esse
456 1221 472 1250 .,
503 1171 804 1256 protestati
833 1180 973 1228 sunt
989 1168 1153 1228 nulla
1174 1191 1236 1229 se
1258 1169 1485 1229 ratione
1507 1170 1715 1231 adduci
1742 1195 1934 1255 posse,
1964 1188 2030 1237 ut
2057 1198 2184 1238 cre·

78 1269 286 1329 derent
324 1291 389 1329 ac
425 1269 854 1351 profiterentur.
899 1266 1086 1339 Nam,
1133 1275 1199 1322 ut
1237 1264 1350 1345 ipsi
1389 1263 1655 1343 aiebant,
1706 1267 1817 1328 hoc
1847 1270 2066 1331 factum
2102 1285 2193 1333 est

78 1385 238 1423 mere
274 1364 629 1435 humanum3
670 1361 812 1420 circa
850 1360 1067 1419 factum
1102 1369 1301 1418 autem
1343 1358 1671 1419 humanum
1694 1406 1710 1435 ,
1757 1364 2068 1427 Ecclesiam
2105 1368 2193 1427 in-

76 1458 423 1518 fallibilitate
455 1456 695 1516 minime
722 1455 942 1538 pollere
963 1499 980 1529 ,
1019 1452 1178 1535 apud
1201 1475 1408 1513 omnes
1436 1454 1498 1512 in
1535 1455 1794 1515 confesso
1822 1469 1928 1518 est.
1959 1461 2040 1518 Ex
2076 1483 2193 1544 quo

82 1552 411 1614 inferebant
441 1572 501 1610 se
528 1572 635 1610 nec
662 1549 875 1610 debere
896 1594 912 1623 a
951 1570 1060 1608 nec
1089 1569 1257 1630 posse
1287 1547 1554 1631 obsequi,
1591 1549 1927 1612 obluctante
1959 1556 2195 1637 propria

76 1669 177 1707 sua
225 1647 602 1717 conscientia,
635 1644 1005 1705 damnationi
1047 1655 1107 1704 et
1136 1633 1395 1704 censurae
1435 1645 1695 1727 quinque
1726 1649 2194 1729 propositionum

75 1745 139 1800 in
166 1734 356 1801 ‘sensu
398 1741 643 1800 auctoris
674 1739 783 1822 (l).
820 1741 941 1799 Hac
970 1729 1193 1799 ratione
1223 1740 1260 1798 J
1265 1739 1568 1799 anseniani
1603 1740 2022 1804 adnitebantur
2048 1739 2197 1805 effu-

76 1857 209 1916 gere
235 1836 616 1918 promeritam
646 1834 1088 1895 damnationem
1110 1878 1128 1909 ,
1150 1834 1215 1892 in
1241 1854 1359 1916 quo
1379 1835 1598 1917 pariter
1618 1836 1833 1897 iterum
1859 1838 2189 1924 iterumque

79 1930 314 1992 fuerunt
344 1932 656 2015 proscripti
681 1931 791 2012 (2).

151 2178 216 2243 (1)
258 2177 423 2228 Totam
454 2180 675 2246 originem
716 2198 770 2256 ap
812 2198 1099 2248 progressum
1186 2179 1270 2231 dri
1308 2198 1374 2230 vn
1414 2181 1752 2248 subscripsisse
1794 2183 1986 2248 quidem
2005 2222 2019 2247 ,
2043 2186 2198 2236 ‚nibi-

82 2261 223 2327 hujus
243 2261 552 2311 distinctionis
581 2265 758 2328 copiose
782 2265 921 2314 refert
949 2260 1102 2313 Tonr-
1184 2262 1415 2323 lominus,
1432 2273 1665 2327 quantum
1684 2264 1750 2313 ad
1760 2267 2063 2328 quaestionem
2074 2269 2200 2332 facti

84 2343 209 2408 nely‚
234 2346 283 2390 in
298 2353 438 2393 tract.
459 2342 537 2391 De
549 2345 729 2408 qratia,
745 2355 861 2409 part.
880 2362 913 2403 ιι
935 2355 1100 2412 quaest.

85 2439 137 2472 ιιι
159 2461 171 2482 ,
194 2424 365 2487 epocha
387 2427 517 2473 tertia
532 2428 817 2491 jansenismi.
842 2425 939 2475 cfr.
963 2429 1100 2475 etiam

91 2503 325 2561 OEnvres
338 2505 395 2553 de
416 2506 468 2552 F
464 2507 645 2562 e'nelon,
665 2507 930 2567 VersailIeS‚
955 2506 1074 2557 1821
1087 2546 1100 2567 ‚
1143 2507 1151 2510 ’

86 2595 202 2635 tom.
245 2606 271 2634 x
291 2624 304 2644 ‚
344 2586 726 2636 Avertissement
758 2589 816 2636 de
853 2588 1100 2650 l’editeur‚

87 2685 234 2733 prem.
261 2671 401 2732 partie
422 2685 438 2717 z
459 2672 630 2717 Precis
642 2670 1005 2735 doqmatique...
1024 2671 1105 2718 des

87 2766 271 2798 erreurs
286 2751 657 2817 dajanse'nisme
666 2769 794 2817 pour
806 2755 959 2800 servir
976 2753 1105 2800 d’in-

88 2831 354 2881 troduction
380 2849 481 2881 aux
519 2834 661 2881 ecrite
687 2833 743 2882 de
775 2833 992 2882 Fenelon
1017 2851 1105 2882 sur

91 2920 203 2960 cette
221 2914 417 2962 matiere
437 2953 449 2975 ,
474 2926 562 2963 art.
590 2932 608 2962 1
630 2954 644 2977 ,
667 2913 695 2982 ξ
719 2931 776 2982 17
799 2952 811 2976 ,
834 2914 1105 2964 Deuaeieme

93 2994 358 3060 subterfitqe
394 3032 409 3056 ,
466 2994 507 3043 le
569 2996 742 3045 silence
800 3005 1106 3063 respectueax

99 3089 184 3121 sur
221 3075 261 3124 Ie
289 3065 389 3141 fait
411 3077 469 3126 de
502 3076 801 3139 Jansenias‚
838 3097 941 3145 pag.
973 3094 1030 3127 21
1062 3089 1108 3128 et

102 3171 232 3220 seqq.

171 3234 236 3297 (2)
270 3235 376 3286 Huc
398 3250 573 3304 spectat
604 3241 799 3291 celebris
829 3258 969 3290 casas
992 3258 1106 3290 con·

101 3314 336 3375 scientioe,
362 3337 454 3383 quo
468 3321 656 3386 fingitur
681 3323 873 3372 clericus
890 3359 905 3384 ,
932 3326 1008 3372 cui
1024 3324 1107 3372 ab·

103 3394 268 3442 solutio
297 3403 629 3452 sacramentalis
658 3402 881 3470 denegata
911 3405 1030 3466 fuit,
1054 3422 1108 3454 eo

103 3477 228 3542 quod
265 3478 564 3543 declarasset,
601 3502 648 3533 se
693 3504 858 3536 revera
896 3489 1108 3553 quinque

99 3558 441 3624 propositiones
485 3562 763 3629 simpliciter
813 3577 857 3617 et
905 3569 1110 3618 absolate

103 3641 334 3689 damnare
350 3679 364 3702 ‚
401 3659 459 3691 ac
488 3644 706 3709 formnloe
735 3648 852 3712 fidei
895 3650 1104 3702 Alexan-

186 3721 247 3778 T.
302 3723 447 3781 VIII.

1187 2359 1271 2391 seu
1330 2344 1688 2393 attributionem
1737 2345 1935 2393 illarum
1987 2350 2201 2413 quinque

1179 2426 1567 2490 propositionum
1613 2424 1735 2474 libro
1770 2425 2008 2476 Jansenii
2024 2465 2039 2489 ‚
2069 2431 2198 2478 exis-

1187 2507 1359 2554 timare
1397 2523 1446 2553 se
1486 2504 1761 2571 religiosum
1809 2508 2018 2574 sufficere
2050 2509 2198 2559 silen-

1187 2588 1328 2634 tium,
1375 2584 1525 2651 Quem
1571 2605 1727 2636 casum
1771 2590 2076 2655 quadraginta
2115 2590 2202 2640 do·-

1187 2674 1335 2717 ctores
1353 2671 1621 2734 parisienses
1632 2670 1703 2718 his
1719 2671 1872 2719 verbis
1884 2672 2171 2721 resolverunt
2185 2690 2201 2722 ε

1190 2748 1421 2799 Doctores
1444 2751 1777 2818 infrascripti,
1816 2754 1922 2802 visa
1955 2770 2094 2801 casus
2119 2771 2202 2802 ex-

1181 2832 1423 2898 positione
1443 2869 1458 2893 ,
1480 2831 1627 2898 hujus
1653 2833 1962 2881 ecclesiastici
1975 2836 2074 2883 oiri
2096 2852 2202 2883 sen-

1191 2916 1394 2962 tentiam
1440 2930 1526 2962 nec
1557 2931 1728 2964 novam
1756 2931 1854 2962 esse
1872 2952 1885 2975 ,
1909 2932 1995 2963 nec
2027 2918 2200 2982 sinqu-

1192 2995 1365 3055 larem,
1397 3012 1485 3045 nec
1517 2996 1577 3044 ab
1618 2994 1843 3046 Ecclesia
1889 2996 2201 3063 damnatam,

1191 3094 1342 3142 neque
1381 3077 1522 3126 talem
1538 3116 1552 3139 ‚
1597 3088 1654 3125 nt
1698 3078 2020 3143 confessarius
2050 3082 2208 3146 possit

1192 3159 1291 3225 ipsi
1328 3159 1717 3209 sacramentalem
1757 3160 1986 3226 denegare
2015 3162 2205 3211 absola-

1191 3244 1370 3291 tionem
1389 3281 1403 3302 ‚
1430 3245 1535 3292 nisi
1561 3260 1665 3290 eam
1705 3246 2044 3293 retractaverit.
2070 3243 2206 3294 Dela·-

1192 3326 1407 3376 beratum
1448 3329 1505 3375 in
1553 3323 1768 3377 Sarbena
1825 3326 1905 3375 die
1958 3343 2023 3377 20
2073 3328 2207 3375 Julii

1194 3424 1280 3457 an.
1310 3425 1458 3476 1701.
1492 3407 1571 3456 Ast
1593 3408 1714 3456 hanc
1743 3412 2082 3474 responsionem
2100 3409 2204 3457 Cle-

1197 3507 1326 3538 mens
1353 3505 1402 3539 xt
1419 3491 1653 3539 damnavit
1679 3507 1732 3538 ao
1749 3491 2035 3555 reprobavit,
2062 3507 2204 3555 appo-

1196 3573 1281 3620 sito
1297 3571 1479 3622 decreto
1501 3571 1605 3619 dato
1631 3571 1705 3620 die
1735 3588 1751 3620 1
1764 3571 1791 3619 3
1807 3571 1940 3621 Febr.
1956 3589 2032 3622 an.
2053 3570 2199 3636 ¹703·

1187 3651 1287 3704 Cfr.
1309 3655 1388 3703 cit.
1415 3663 1639 3703 auctores.
1995 3651 2000 3655 ”

1837 3730 1961 3789 »17
