2514 4218
2011 106 2014 112 ’
2067 147 2185 206 289

479 170 644 207 PART.
692 167 737 203 1.
784 163 908 201 cAP.
958 163 1037 203 lv.
1086 165 1154 201 DE
1196 165 1468 213 EGCLESIAE.
1510 165 1765 204 DOTIBUS.

77 321 197 381 vim
227 299 608 377 obtinuerunt
624 357 642 384 .,
679 309 741 369 id
766 309 982 367 factum
1005 318 1092 367 est
1111 353 1126 381 ,
1152 319 1464 389 postquam
1498 306 1741 366 Ecclesia
1768 329 1862 367 eas
1886 309 2189 392 adoptavit

78 436 144 474 ac
178 434 307 472 suas
336 410 487 468 fecit.
532 405 699 480 Quod
744 425 883 464 vero
917 413 1141 483 spectat
1177 403 1254 461 ad
1290 401 1444 481 leges
1483 401 1919 478 ecclesiasticaS,
1962 427 2091 486 quae
2128 407 2188 464 in

77 530 277 589 regum
303 499 658 564 Francorum
688 497 1099 582 capitularibus
1126 509 1441 557 occurrunt
1462 542 1478 571 ,
1519 508 1577 557 et
1611 495 1718 555 sub
1752 498 1941 556 Caroli
1969 501 2045 559 Μ.
2078 524 2203 561 no·

75 605 235 663 mine
272 599 791 670 circumferuntur,
828 616 952 653 non
991 613 1024 650 a
1056 590 1198 649 laica
1219 636 1235 665 ,
1277 592 1380 650 sed
1410 594 1489 650 ab
1516 596 1952 671 Episcoporum
1981 606 2192 655 aucto-

78 703 254 757 ritate
287 695 416 754 latae
445 694 717 766 fuerunt,
755 698 1006 749 testante
1043 685 1250 744 eodem
1283 686 1491 745 Carolo
1531 689 1609 746 M.
1655 687 1755 746 ubi
1793 688 1872 771 ait
1912 711 1926 747 :
1959 691 2192 769 Aliqua

78 795 383 873 capitula,
425 812 558 870 qztoe
600 790 793 867 mayie
827 786 990 844 vohis
1023 782 1391 863 (Episcopis)
1429 788 1764 843 necessaria
1800 787 2193 861 videbantur,

79 891 532 966 subjunximus.
565 887 829 964 Loquens
850 889 1059 938 autem
1084 876 1157 935 de
1194 876 1544 958 quibusdam
1578 876 1900 959 disciplinae
1926 881 2150 962 legibus
2170 930 2187 957 .,

80 984 200 1044 haec
245 981 424 1040 habet
469 1002 484 1038 ε
530 981 658 1039 Ista
693 997 825 1035 vero
861 975 1100 1041 omnia,
1144 993 1280 1051 quoe
1308 975 1728 1043 vires-nostras
1763 977 2087 1050 eoecedunt,
2123 984 2195 1037 in

62 1080 309 1157 judicio
344 1077 779 1156 Episcoporum
802 1074 996 1148 jux-’ta
1040 1070 1399 1126 canonicam
1443 1073 1811 1128 sanctionem
1853 1071 2195 1150 definienda

84 1175 462 1251 reliquimus.
514 1168 643 1229 Nec
689 1168 890 1234 enim,
944 1161 1145 1220 subdit
1186 1164 1319 1220 Nat.
1371 1161 1739 1239 Alexander,
1783 1171 2197 1226 auctoritatem

84 1269 227 1348 loyes
272 1287 425 1324 mere
468 1263 885 1322 ecclesiasticas
923 1259 1169 1336 ferendi
1202 1259 1324 1315 sibi
1356 1263 1667 1337 arroyavit
1702 1281 1812 1319 rex
1852 1266 2194 1335 maxima-8,

84 1365 187 1421 sed
205 1383 418 1420 earum
444 1360 841 1418 excecationem
881 1355 1207 1432 imperavit
1240 1351 1353 1431 (l).

167 1456 306 1515 434.
357 1453 444 1519 Ad
474 1451 595 1524 4¹1¹,
637 1453 795 1532 Dist.
835 1452 900 1506 In
934 1447 1139 1506 ordine
1179 1445 1254 1504 ad
1291 1446 1692 1506 defensionem
1742 1459 2047 1510 externam
2090 1455 2198 1512 Ec·-

87 1551 300 1625 clesiae‚
323 1568 485 1607 conc.
505 1567 526 1615 ‚·
550 1546 612 1604 in
641 1544 844 1604 ordine
865 1543 940 1602 ad
963 1554 1314 1624 potestatem
1339 1542 1402 1600 in
1429 1542 1739 1601 Ecclesiam
1771 1545 2156 1605 exercendam
2181 1593 2197 1621 ,

89 1669 217 1727 neq.
249 1646 462 1705 Mirum
491 1653 577 1701 est
602 1687 618 1716 ,
648 1662 826 1722 quam
854 1638 1015 1698 abusi
1042 1638 1260 1698 fuerint
1286 1636 1453 1696 aulici
1477 1638 1784 1718 scriptores
1821 1640 2027 1702 festivo
2047 1647 2203 1720 ejus—

86 1741 244 1801 modi
276 1738 429 1797 dicto
451 1783 467 1812 ,
505 1736 663 1819 quod
698 1735 1112 1794 Constantinus
1140 1733 1294 1791 inter
1327 1732 1526 1812 epulas
1558 1754 1664 1814 per
1685 1737 1883 1811 jocum
1915 1737 2195 1817 protulit!

86 1837 214 1895 Non
248 1833 404 1892 aliud
429 1833 601 1891 effato
628 1830 726 1889 illo
754 1830 1046 1911 piissimus
1074 1830 1398 1908 Imperator
1421 1828 1739 1907 significare
1768 1828 1951 1889 voluit
1971 1876 1986 1905 7
2020 1853 2198 1912 quam

86 1929 242 2011 quod
281 1928 541 2009 Episcopi
577 1926 652 1985 ad
692 1926 915 1984 bonum
948 1923 1210 1983 Ecclesiae
1241 1923 1673 1982 constituissent
1701 1969 1717 1998 ,
1757 1925 1881 2005 ipse
1914 1926 2074 1988 velut
2105 1949 2201 1988 ec-

87 2024 269 2084 clesiae
305 2023 574 2085 defensor
609 2020 975 2082 adniteretur
1009 2017 1337 2080 executioni
1370 2017 1651 2078 mandare
1680 2018 1813 2099 (2);
1852 2031 1954 2079 aut
1983 2023 2160 2081 etiam
2181 2068 2197 2101 ,

161 2269 225 2334 (l)
251 2267 388 2316 Hist.
404 2266 516 2316 eccl.
535 2268 741 2330 secani,
759 2284 862 2332 cap.
881 2284 931 2333 7,
954 2276 1041 2315 art.
1056 2264 1104 2328 8,

97 2349 168 2400 Dc
194 2350 365 2399 Car-olo
388 2350 470 2401 M.

164 2433 229 2496 (ᾖ)
271 2432 339 2479 Εη
358 2468 372 2490 ‚
388 2432 624 2496 quomodo
649 2449 747 2479 rem
773 2440 915 2480 totam
946 2430 1113 2479 referat

95 2512 338 2572 Eusebius,
359 2514 445 2561 lib.
472 2531 536 2573 iv,
564 2517 643 2562 Dc
660 2516 762 2561 vita
777 2510 1109 2562 Constantini.

94 2594 214 2643 Cum
237 2597 555 2659 praemisisset,
587 2612 690 2660 cap.
720 2595 784 2643 23
805 2631 818 2654 ,
843 2595 988 2659 legem
1002 2610 1111 2642 eum

95 2675 272 2725 dedisse
299 2677 359 2724 ad
402 2676 615 2740 praesides
649 2677 990 2741 provinciarum
1010 2712 1023 2735 ‚
1059 2684 1112 2722 ut

96 2760 222 2809 diem
247 2761 529 2807 dominicam
556 2761 694 2810 etiam
724 2761 812 2824 ipsi
846 2775 1113 2807 veneraren-

102 2852 176 2890 tur
194 2879 208 2903 ,
237 2852 280 2890 ct
304 2843 402 2890 dies
429 2842 566 2889 festos
595 2841 856 2906 Martyrum
880 2857 988 2888 cum
1007 2840 1113 2888 reli-

106 2926 208 2989 quis
236 2923 629 2987 solemnitatibus,
662 2921 848 2982 subdit,
879 2939 980 2986 cap.
999 2922 1067 2986 24
1092 2933 1108 2965 2

115 3004 354 3069 Quocirca
382 3022 480 3052 non
510 3004 742 3065 absurde,
769 3020 880 3052 cum
910 3002 1114 3069 Episco-

26 3093 30 3099 '
106 3101 191 3149 poc
223 3087 484 3151 aliquando
509 3088 726 3135 convivio
756 3088 992 3152 exciperet
1013 3122 1026 3146 ,
1066 3102 1115 3134 ec

111 3181 288 3230 quoquc
311 3168 611 3235 Episcopum
632 3185 730 3218 esse
752 3167 879 3216 discit
895 3205 909 3227 ,
930 3167 1116 3232 hissera
1152 3208 1155 3210 a

113 3247 269 3294 verbis
299 3265 415 3297 usuc
445 3270 464 3300 .·
495 3250 631 3299 nobis
650 3249 971 3316 praesentibus
991 3286 1008 3313 ‚
1037 3265 1116 3297 voa

112 3327 326 3391 quidem,
345 3332 504 3395 inquit
521 3371 534 3392 ,
555 3336 613 3381 in
635 3334 719 3394 iis,
745 3349 848 3397 quoe
869 3334 1000 3380 intra
1018 3329 1117 3380 Ec-

111 3410 299 3458 clesiam
311 3421 440 3472 cunt,
454 3413 502 3461 Ε
500 3417 687 3482 pise-opi
699 3415 934 3479 (istic.qu
946 3417 1117 3464 veroin

107 3495 208 3551 iis,
240 3510 345 3557 quoe
382 3505 513 3543 extra
552 3509 812 3559 qermuur,
844 3498 1118 3563 Episcopus

60 3635 73 3650 ‚
111 3590 217 3622 cum
246 3590 276 3621 a
314 3572 408 3622 Deo
434 3579 731 3628 constitutus.
767 3579 972 3645 Itaque,
1005 3596 1118 3628 con-

110 3654 222 3706 silia
246 3655 439 3718 capiens
466 3655 610 3704 dictio
637 3662 947 3723 conqruentia
963 3695 980 3721 ,
1018 3677 1117 3710 om-

274 3736 339 3795 T.
387 3736 535 3795 V111.

1185 2282 1273 2313 nec
1310 2266 1515 2330 imperio
1546 2281 1632 2313 suo
1672 2266 1903 2331 subjectos
1941 2269 2203 2334 episcopali

1185 2345 1510 2395 sollicitudine
1541 2346 1874 2410 qubernabat;
1919 2359 1963 2395 et
2003 2351 2198 2413 quibus-

1186 2445 1385 2493 cumque
1421 2429 1573 2476 modis
1585 2437 1800 2494 poterat,
1829 2437 1885 2476 ut
1912 2447 2077 2478 veram
2089 2434 2202 2497 pic·-

1187 2518 1330 2557 tatem
1362 2518 1740 2558 consectarentur
1758 2548 1772 2570 ,
1808 2512 2061 2561 incitabat.
2087 2512 2199 2578 Quis

1187 2609 1323 2656 porro
1348 2596 1399 2639 in
1414 2592 1487 2639 his
1503 2609 1600 2640 non
1612 2592 1764 2640 videat
1786 2629 1800 2651 ‚
1827 2592 2086 2657 piissimum
2102 2596 2199 2643 lm-

1188 2684 1442 2738 peratorem
1458 2674 1525 2721 nil
1551 2673 1679 2722 aliud
1705 2674 1914 2723 adductis
1941 2676 2091 2724 verbis
2105 2679 2198 2742 sig-

1188 2757 1378 2805 nificare
1399 2755 1627 2814 voluisse,
1660 2774 1801 2822 quam
1828 2774 1875 2804 ac
1903 2757 2195 2819 effecturum,

1190 2848 1240 2886 ut
1258 2840 1401 2903 pietas
1431 2839 1630 2902 vigeret,
1657 2844 1704 2886 et
1732 2836 1945 2886 Ecclesiae
1973 2839 2091 2904 leges
2108 2858 2198 2890 ser-

1190 2930 1404 2968 varentur
1419 2954 1437 2980 ‚
1467 2936 1520 2968 ac
1542 2919 1713 2967 ethnici
1729 2921 1812 2983 ipsi
1828 2920 1886 2968 ad
1899 2921 2197 2972 christianam

1191 3003 1459 3068 religionem
1513 3002 1879 3067 amplectendam
1914 3004 2199 3054 adduceren-

1192 3085 1304 3134 tur?
1335 3085 1519 3151 Optime
1547 3084 1703 3133 Petrus
1742 3085 1801 3133 de
1837 3076 2024 3146 Marad,
2069 3088 2197 3137 Con-

1192 3167 1354 3216 cordia
1382 3166 1635 3216 sacerdotii
1674 3174 1718 3214 et
1753 3167 1977 3232 imperii,
2006 3169 2091 3219 lib.
2127 3183 2196 3231 ιι,

1193 3266 1308 3314 cap.>
1326 3265 1385 3297 10
1402 3286 1418 3305 ‚
1449 3268 1500 3298 n.
1525 3265 1551 3313 7
1584 3265 1598 3295 ε
1629 3244 1756 3296 Solet
1777 3283 1792 3308 ‚
1821 3248 2013 3309 scribit,
2038 3252 2104 3298 ad
2118 3270 2198 3300 as-

1197 3331 1446 3381 §croadam
1476 3329 1793 3395 Principibus
1815 3331 2002 3381 tuenda!
2034 3331 2202 3382 Eccle-

1198 3415 1287 3463 siae
1317 3414 1644 3462 auctoritatem
1667 3413 1880 3478 proferri
1907 3415 2101 3463 celebris
2117 3414 2203 3464 illa

1203 3495 1510 3545 Constantini
1544 3493 1610 3542 ad
1624 3493 1676 3542 E
1669 3497 1893 3561 piscopos
1908 3498 2059 3543 oratio
2072 3530 2088 3556 ,
2105 3513 2202 3560 qua

1197 3580 1304 3629 illos
1341 3583 1470 3627 intra
1500 3578 1799 3641 Ecclesiam,
1839 3595 1887 3626 sc
1925 3587 2083 3627 aretem
2118 3598 2204 3629 ex-

1198 3670 1274 3714 tra
1295 3660 1566 3715 Ecclesiam
1590 3662 1894 3712 constitutum
1911 3658 2203 3729 Episcopum

1850 3740 1928 3799 19
