2514 4218
310 207 390 265 92

899 231 1094 270 TRACT.
1143 232 1213 267 DE
1256 230 1408 271 Locls
1452 233 1834 276 THEOLOGICIS.

306 369 380 428 Et
403 379 541 430 ante
557 370 749 453 ipsum
773 371 1196 432 Tertullianus:
1229 371 1775 455 Communicamus,
1800 378 2111 455 scribebat„
2132 382 2415 446 Ecclesiis

305 468 672 544 apostolicis,
706 469 867 548 quod
893 468 1055 524 nulli
1079 466 1356 525 doctrina
1379 467 1617 528 diversa
1646 472 1774 551 (1),
1807 495 2021 556 nempe
2047 474 2120 534 ob
2157 479 2413 554 ejusdem

305 559 443 620 fidei
470 563 776 622 unitatem.
807 560 970 620 Idem
1003 559 1170 619 docet
1196 562 1262 619 S.
1282 560 1642 641 Augustinus
1667 565 1728 623 in
1755 565 1904 627 libro
1934 571 2023 629 De
2045 578 2274 631 unitate
2301 574 2416 633 Ec-

306 657 496 716 clesioe
526 658 655 737 (2),
691 667 750 715 et
786 655 996 737 reliqui
1035 657 1409 717 unanimiter.
1455 660 1823 740 Quapropter
1865 664 2129 747 Episcopi
2180 669 2415 728 africani

306 753 370 811 in
401 752 664 812 Sardinia
697 750 891 810 exules
933 773 947 809 :
994 752 1308 824 Membra,
1335 753 1640 835 inquiunt,
1673 758 2053 818 ecclesiast-ici
2073 769 2414 842 corporis...

305 853 370 906 in
407 852 639 906 unitate
660 847 804 926 fidei
835 867 1140 927 compayes
1168 852 1378 907 retinet
1409 854 1666 908 ustilatis
1693 850 1805 930 (3).

391 941 525 999 159.
571 941 724 1000 Hinc
755 941 871 1001 duo
897 954 1034 1000 sunt
1054 988 1070 1018 ,
1102 965 1234 1024 quae
1257 944 1522 1004 homines
1551 944 1624 1003 ab
1656 945 1900 1006 Ecclesia
1929 949 2294 1030 potissimum
2322 974 2417 1013 ex—

304 1035 550 1096 cludunt
569 1080 586 1100 .
609 1036 839 1098 haeresis
864 1084 879 1112 ,
902 1060 1016 1120 qua
1038 1037 1261 1098 tollitur
1278 1041 1469 1099 unitas
1496 1040 1662 1118 fidei,
1687 1053 1744 1101 et
1768 1042 2014 1104 schisma
2032 1091 2048 1121 ,
2080 1068 2196 1128 quo
2214 1047 2416 1108 adimi-

302 1142 402 1190 tur
423 1131 716 1192 charitatis
748 1155 851 1193 seu
889 1135 1315 1195 communionis
1342 1138 1557 1196 unitaS.
1607 1139 1689 1196 Ex
1711 1137 2043 1199 alterutrius
2080 1154 2180 1201 aut
2207 1145 2415 1204 utrius-

303 1230 450 1311 que}
467 1228 698 1288 defectu
760 1230 966 1311 quovis
1004 1241 1270 1312 tempore
1321 1232 1580 1292 Ecclesiae
1628 1236 1826 1293 Patres
1878 1246 2060 1294 sectas
2111 1235 2185 1295 ab
2244 1240 2417 1300 unica

298 1345 440 1387 vera
479 1325 727 1385 Ecclesia
757 1325 972 1385 Christi
1001 1326 1425 1404 distinxerunt,
1466 1340 1526 1388 et
1560 1340 1760 1388 contra
1790 1351 1884 1389 eas
1922 1331 2043 1391 sive
2086 1332 2259 1392 simul
2296 1334 2418 1396 sive

302 1443 563 1482 seorsum
603 1433 865 1504 sumptas
899 1435 1271 1503 pugnarunt,
1300 1436 1366 1482 ut
1392 1423 1518 1483 illas
1542 1436 1706 1484 extra
1737 1425 1889 1487 viam
1924 1425 2123 1486 salutis
2150 1426 2418 1489 aberrare

281 1517 698 1578 ostenderent.
742 1520 1032 1590 Quoniam
1063 1540 1203 1580 vero
1228 1519 1490 1579 Christus
1525 1519 1836 1580 Ecclesiam
1873 1543 2040 1581 suam
2070 1544 2253 1583 unam
2290 1545 2417 1585 esse

299 1613 488 1676 voluit
516 1626 641 1674 tum
670 1615 897 1675 unitate
933 1614 1079 1673 fidei·
1109 1626 1239 1673 tum
1280 1615 1504 1675 unitate
1541 1615 1870 1690 cliaritatiS‚
1912 1616 2114 1678 debuit
2155 1641 2284 1679 eam
2324 1621 2420 1680 in-

300 1720 525 1769 struere
557 1709 763 1770 mediis
794 1711 1018 1770 idoneis
1047 1709 1123 1769 ad
1153 1721 1464 1792 utramque
1501 1711 1791 1769 unitatem
1828 1721 2044 1771 sartam
2080 1724 2419 1797 tectamque

299 1805 650 1866 servandam
677 1852 692 1881 ‚
729 1827 863 1865 cum
892 1807 1024 1864 finis
1044 1807 1181 1865 'sine
1211 1805 1416 1865 mediis
1445 1804 1698 1865 obtineri
1723 1816 1994 1887 nequeat.
2030 1809 2107 1868 Ex
2143 1809 2253 1869 hoc
2282 1832 2423 1870 vero

298 1901 580 1977 infertur,
621 1902 782 1983 quod
807 1901 880 1960 ab
912 1902 1077 1961 initio
1109 1902 1494 1984 praemisimus
1515 1948 1530 1977 .,
1570 1902 1806 1960 unitatis
1838 1914 2039 1962 notam
2071 1926 2196 1964 non
2227 1905 2420 1965 solum

298 1996 605 2079 complecti
643 1998 931 2057 unitatem
956 1997 1092 2056 fidei
1124 2009 1183 2057 et
1219 1997 1645 2057 communionis
1667 2042 1683 2073 7
1733 1998 1839 2057 sed
1872 2010 2153 2079 praeterea
2192 2002 2419 2082 princi-

297 2093 461 2175 pium
482 2139 498 2169 7
529 2114 601 2152 ex
644 2115 759 2174 quo
777 2094 982 2171 {unitas
1010 2093 1136 2153 haec
1165 2093 1404 2174 profluit
1441 2104 1500 2153 et
1529 2104 1907 2153 conservatur
1927 2139 1942 2169 ,
1985 2094 2143 2176 quod
2179 2095 2419 2177 quidem

297 2188 457 2248 aliud
490 2209 612 2248 esse
642 2210 762 2248 non
787 2200 982 2270 potest
1016 2189 1127 2249 nisi
1154 2189 1484 2249 auctoritaS.
1517 2189 1638 2248 Hac
1662 2189 1821 2249 enim
1847 2187 2036 2259 solum
2058 2190 2124 2249 fit
2143 2234 2160 2265 .,
2186 2201 2253 2249 ut
2278 2191 2415 2252 fidei

365 2426 431 2490 (1)
458 2424 530 2475 De
541 2426 827 2492 Praescript.
846 2441 948 2491 cap.
967 2441 1024 2474 21
1049 2464 1061 2485 ‚
1082 2414 1194 2475 edit.
1209 2426 1313 2491 Rig.

363 2507 435 2574 (2)
472 2508 586 2573 Cap.
627 2507 659 2572 4
695 2545 708 2567 ,
753 2508 835 2556 ubi
876 2508 1034 2556 scribit
1085 2513 1109 2556 ε·
1166 2508 1317 2556 Totus

298 2589 521 2638 Christus
561 2599 705 2655 caput
751 2599 796 2637 et
824 2606 996 2655 corpus
1030 2597 1116 2638 est.
1157 2589 1318 2655 Caput

293 2674 574 2738 um‘yenieus
600 2673 703 2721 Dei
724 2672 895 2720 Filius
915 2710 927 2732 ‚
952 2682 995 2720 et
1020 2689 1192 2737 corpus
1213 2674 1314 2737 ejus

292 2754 548 2819 Ecclesia,
585 2771 785 2821 sponsus
819 2764 864 2802 et
883 2771 1057 2821 sponsa
1086 2792 1098 2814 ‚
1139 2754 1233 2802 duo
1257 2756 1314 2802 in

292 2857 438 2890 carne
469 2856 587 2889 una.
619 2841 921 2904 Quicumque
948 2837 1006 2886 de
1030 2840 1135 2904 ipsc
1155 2839 1315 2904 capite

294 2925 354 2972 ab
392 2921 660 2989 Scriptus-is
695 2921 875 2970 sanctis
907 2921 1202 2969 dissentiunt
1238 2920 1311 2984 (id

295 2996 362 3055 est
379 3044 392 3066 ‚
427 3023 524 3055 non
555 3016 713 3055 tenent
731 3022 888 3054 veram
911 3005 1053 3052 fidem
1071 3006 1106 3068 )‚
1123 3003 1314 3051 etiamsi

292 3091 351 3137 in
377 3090 600 3137 omnibus
626 3090 741 3138 locis
766 3088 1079 3136 inveniantur
1107 3089 1167 3135 in
1200 3087 1312 3151 qui-

294 3170 384 3219 lms
414 3171 635 3221 Ecclesia
661 3174 913 3237 desiqnata
942 3176 1042 3230 est,
1070 3186 1171 3217 non
1200 3176 1316 3216 sunt

293 3258 352 3305 in
375 3254 611 3309 Ecclesia.
631 3256 684 3304 E
686 3265 702 3303 t
729 3271 899 3304 rursus
926 3257 1233 3320 quicumque,
1256 3251 1314 3299 de

292 3339 398 3405 ipso
424 3340 579 3403 capite
613 3336 883 3405 Scripturis
919 3337 1099 3384 sanctis
1125 3350 1313 3381 consen·

293 3424 424 3471 liunt
442 3459 456 3483 ‚
486 3430 533 3469 et
573 3421 757 3470 unitati
784 3418 1020 3468 Ecclesioe
1050 3433 1150 3465 non
1187 3433 1314 3465 ccm-

294 3506 548 3553 mum'cant
568 3540 582 3563 ‚
599 3520 698 3551 non
724 3505 905 3550 suntin
920 3500 1171 3564 Ecclesia;
1199 3498 1314 3563 quia

293 3587 352 3636 de
382 3586 572 3636 Christi
585 3602 777 3651 corpore
797 3623 811 3646 ,
837 3586 965 3651 quod
987 3593 1057 3634 est
1070 3581 1311 3635 Ecclesia,

295 3671 354 3720 ab
385 3672 542 3739 ipsius
577 3669 764 3719 Christi
782 3669 1110 3735 testificatione
1128 3667 1314 3716 dissen-

301 3757 444 3806 tium.
469 3754 583 3822 Quae
615 3754 784 3805 deinde
816 3754 916 3803 fuse
946 3754 1146 3815 evolvit,
1175 3761 1314 3802 utos-

1393 2426 1571 2487 tendat,
1597 2425 1721 2492 quod
1743 2462 1756 2485 ‚
1788 2425 2000 2474 alterutra
2020 2425 2284 2474 conditione
2297 2425 2411 2474 defi-

1392 2512 1544 2558 ciente
1566 2544 1580 2567 ,
1615 2518 1694 2556 aut
1731 2510 1918 2556 unitatis
1958 2507 2067 2555 fidei
2112 2517 2192 2555 aut
2224 2509 2410 2555 unitatis

1392 2593 1732 2639 communionis
1749 2626 1762 2648 ‚
1789 2607 1928 2638 nemo
1954 2589 2092 2652 possit
2122 2590 2299 2636 censeri
2315 2606 2409 2638 esse

1391 2674 1442 2719 in
1459 2688 1564 2719 vera
1581 2670 1751 2718 Christi
1785 2670 1985 2718 Ecclesia
2000 2705 2017 2731 ‚
2041 2685 2143 2736 quae
2163 2680 2409 2736 utramque

1391 2756 1614 2802 unitatem
1652 2755 1703 2800 in
1737 2769 1818 2800 suo
1862 2763 2087 2817 conceptu
2137 2752 2332 2802 involvit
2362 2764 2407 2802 et

1389 2836 1610 2886 includit.
2012 2841 2014 2843 ’

1455 2917 1528 2982 (3)
1562 2918 1618 2965 In
1643 2918 1778 2982 epist.
1813 2916 2055 2984 Synodica
2078 2951 2095 2978 ,
2130 2932 2233 2984 quae
2259 2917 2410 2966 credi-

1367 2988 1463 3050 tur
1489 3000 1534 3050 S.
1552 3001 1586 3049 F
1592 3000 1787 3067 ulgentii
1821 3036 1834 3060 ,
1858 3001 1964 3049 data
1990 3015 2113 3048 anno
2131 2998 2226 3047 521
2252 3038 2265 3060 ‚
2287 2999 2409 3064 apud

1389 3083 1625 3133 Harduin.
1646 3083 1782 3132 Acta
1801 3081 1951 3132 Conc.
1971 3093 2085 3131 tom.
2100 3097 2147 3138 11,
2165 3077 2407 3130 col.1o55.

1390 3168 1490 3217 Alia
1516 3165 1652 3232 plura
1677 3164 1866 3213 Patrum
1901 3167 1951 3213 in
1987 3165 2109 3212 hanc
2143 3180 2241 3211 rem
2277 3165 2407 3211 testi·

1391 3251 1547 3299 monia
1583 3226 1671 3298 cfr.
1714 3247 1840 3312 apud
1869 3246 2027 3295 Nicole
2062 3248 2113 3293 in
2138 3263 2212 3310 op.
2258 3243 2411 3294 Unite

1389 3332 1447 3381 de
1475 3315 1708 3396 l'E'qlise.
1754 3330 1876 3378 lib.i
1906 3365 1921 3385 ,
1966 3328 2044 3376 ch.
2091 3344 2156 3393 73
2191 3344 2278 3376 nec
2312 3343 2408 3374 non

1392 3413 1893 3481 aputhhomassinum
1913 3447 1929 3467 ,
1962 3413 2012 3457 in
2032 3427 2107 3475 op.
2150 3409 2317 3457 Traitc
2350 3407 2406 3455 de

1395 3499 1560 3549 l’tmitc
1581 3496 1639 3546 dc
1653 3495 1685 3544 l’
1693 3494 1739 3543 Ε
1738 3493 1858 3561 9lise
1875 3531 1888 3554 ,
1906 3493 2030 3541 Paris
2053 3490 2198 3559 1687,
2216 3503 2329 3540 tom.
2352 3507 2403 3551 u,

1396 3594 1515 3650 part.
1558 3596 1584 3629 1
1616 3590 1661 3630 et
1693 3594 1726 3628 ιι
1759 3595 1773 3639 ;
1810 3577 1932 3644 apud
1964 3576 2262 3626 Ballerinium
2282 3610 2296 3634 ‚
2336 3571 2408 3622 De

1399 3667 1451 3715 vi
1475 3681 1533 3713 ac
1561 3664 1749 3713 ratione
1777 3662 2017 3727 primatus
2035 3696 2050 3721 ‚
2079 3658 2225 3709 Ferm.
2259 3651 2403 3722 1766,

1401 3743 1500 3815 cap'.
1545 3763 1619 3797 10.
