2514 4218
315 198 394 258 90
909 222 1104 261 macr.
1153 223 1222 259 nn
1265 222 1416 263 mois
1459 227 1829 265 THEOLOGlcls.

312 359 556 420 Ecclesia
582 382 649 422 ea
687 361 807 422 sola
831 375 940 439 est,
980 383 1110 444 quae
1133 383 1241 445 per
1265 362 1508 424 modum
1531 367 1700 427 unius
1725 390 1756 427 a
1784 366 2015 428 Christo
2040 366 2304 428 instituta
2328 382 2416 430 est

310 455 386 516 ad
417 456 603 517 instar
628 457 914 521 individui
943 459 1194 521 viventis
1221 480 1293 519 ex
1323 461 1518 520 anima
1548 470 1606 521 et
1635 483 1903 545 corpore,
1947 474 2006 523 et
2027 462 2263 545 quidem
2286 485 2415 524 cor-

309 573 451 634 pore
479 554 727 635 integro,
750 554 920 636 quale
951 556 1177 636 exurgit
1200 577 1270 616 ex
1293 557 1480 639 capite
1508 568 1568 616 et
1594 557 1871 617 membris
1893 560 1974 618 ita
1994 560 2147 619 inter
2170 581 2231 620 se
2251 581 2419 620 coor—

311 647 562 727 dinatis,
589 661 654 709 ut
686 660 859 731 caput
881 651 1080 731 praesit
1098 698 1113 727 ,
1143 652 1406 712 membra
1436 653 1751 712 arctissime
1775 655 1930 713 inter
1960 675 2019 713 se
2049 677 2308 715 connexa
2333 657 2419 715 ei·-

307 741 444 804 dem
476 744 736 819 subsint,
774 743 848 803 ab
879 767 1063 829 eoque
1099 759 1375 829 regantur
1396 794 1411 824 a
1443 760 1818 831 motumque,
1871 759 1938 807 ut
1959 749 2039 807 ita
2068 749 2255 810 dicam
2282 797 2298 826 .,
2342 750 2417 810 ab

306 838 511 900 eodem
552 839 853 922 accipiant.
900 844 1034 903 Jam
1068 865 1207 904 vero
1238 845 1552 905 recensitas
1577 855 1743 903 notas
1767 866 1872 903 nos
1901 843 2112 906 ducere
2147 845 2209 904 in
2244 846 2416 924 hujus

305 933 566 995 Ecclesiae
588 935 994 1016 cognitionem,
1014 950 1177 1022 patet
1191 940 1289 1001 vel
1308 940 1427 1003 levi
1448 941 1718 1000 instituto
1743 932 2104 1021 singularum
2128 942 2427 1020 examine,

304 1029 459 1110 quod
497 1030 577 1091 sic
605 1053 712 1114 per
737 1044 933 1114 partes
970 1035 1358 1116 aggredimur.

1020 1198 1112 1251 DE
1148 1198 1331 1254 NOTA
1368 1199 1693 1254 UNITATIS.

386 1345 522 1406 156.
560 1347 763 1408 Unitas
785 1349 1049 1411 Ecclesiae
1068 1351 1131 1410 in
1150 1351 1461 1435 Scripturis
1477 1362 1813 1412 constanter
1825 1350 2186 1432 praedicatur.
2219 1350 2427 1412 Chris-

299 1451 392 1499 tus
427 1442 588 1503 enim
632 1456 801 1505 vocat
848 1445 1158 1507 Ecclesiam
1196 1470 1450 1529 reqnum
1487 1470 1702 1519 suum,
1742 1450 1921 1520 ovile,
1968 1449 2250 1521 domum,
2294 1450 2420 1510 Ec-

297 1538 538 1598 clesiam
572 1562 750 1600 suam
782 1563 1015 1625 semper
1049 1544 1112 1602 in
1147 1543 1427 1624 singulari
1466 1565 1747 1620 numer03
1789 1543 2095 1627 Apostolus
2125 1566 2264 1605 vero
2284 1566 2418 1626 pas-

297 1634 408 1693 sim
445 1635 660 1696 Christi
693 1636 1004 1698 Ecclesiam
1038 1650 1206 1702 vocat
1242 1661 1461 1719 corpus
1496 1640 1754 1709 Christi,
1793 1640 1955 1721 quod
1990 1651 2145 1699 certe
2182 1639 2419 1699 nonnisi

296 1751 484 1791 unum
524 1754 650 1808 esse
690 1745 901 1817 potest.
945 1736 1456 1816 Supervacaneum
1501 1746 1701 1793 autem
1740 1745 1892 1793 esset
1928 1754 2237 1814 congerere
2282 1756 2418 1794 san-

293 1838 523 1888 ctorum
559 1831 800 1890 Patrum
849 1831 1183 1891 testimonia
1224 1831 1436 1892 adhoc
1462 1830 1969 1906 confirmandum,
2024 1852 2156 1890 cum
2200 1842 2261 1891 et
2307 1831 2419 1891 ad-

295 1925 534 1985 versarii
566 1925 678 2008 ipsi
715 1926 777 1986 id
806 1920 1100 1988 fateantur
1138 1927 1251 2009 (l)

383 2021 520 2082 157.
569 2023 705 2082 Haec
741 2034 939 2083 autem
968 2024 1162 2083 unitas
1192 2024 1420 2104 exurgit
1445 2045 1516 2083 ex
1544 2024 1770 2082 unitate
1786 2022 1938 2101 fidei
1971 2033 2029 2082 et
2054 2022 2415 2093 charitatis,

294 2137 395 2176 seu
423 2122 893 2189 communionis,
935 2141 1050 2201 quo
1081 2120 1148 2179 fit
1186 2129 1252 2178 ut
1280 2119 1321 2178 ii
1352 2140 1554 2178 omnes
1577 2164 1592 2194 a
1617 2118 1718 2200 qui
1751 2117 1826 2177 ad
1847 2117 2134 2177 unitatem
2159 2115 2420 2176 Ecclesiae

290 2213 630 2294 pertinent,
684 2214 950 2276 eamdem
988 2214 1165 2275 fidem
1199 2216 1460 2297 profiteri
1502 2226 1562 2274 et
1598 2214 1868 2274 eamdem
1910 2225 2110 2272 tenere
2145 2233 2414 2271 commu-

292 2307 532 2368 nionem
569 2308 845 2370 debeant.
887 2311 943 2369 Si
981 2322 1227 2393 utraque
1264 2322 1366 2370 aut
1399 2310 1678 2370 alterutra
1707 2309 1895 2383 desit,
1937 2307 2199 2367 Ecclesiae
2221 2307 2414 2366 unitas

292 2423 403 2462 nec
442 2415 528 2463 est
550 2449 566 2479 ‚
619 2427 813 2487 neque
854 2406 1078 2489 concipi
1114 2418 1328 2489 potest.
1365 2407 1597 2466 Etenim
1639 2404 1714 2464 ad
1749 2404 2038 2465 unitatem
2072 2402 2208 2463 fidei
2255 2401 2414 2484 quod

291 2510 548 2581 spectat,
587 2512 727 2560 nota
757 2513 897 2561 sunt
929 2502 1187 2585 Apostoli
1223 2501 1398 2564 verba
1433 2525 1447 2561 :
1497 2502 1667 2586 Unus
1703 2503 2035 2570 Dominus,
2077 2519 2208 2557 una
2225 2498 2373 2574 fides·
2387 2541 2411 2569 ,

290 2615 489 2655 unum
526 2598 830 2677 baptisma
863 2599 997 2678 (2);
1040 2598 1114 2657 ad
1160 2602 1449 2657 unitatem
1496 2618 1635 2658 vero
1668 2595 1961 2655 charitatis
2001 2615 2103 2652 seu
2146 2614 2414 2652 commu-

290 2691 482 2750 nionis
518 2693 677 2774 quod
710 2694 920 2752 attinet
954 2738 970 2767 ,
1008 2705 1402 2774 praeterquam
1438 2690 1597 2773 quod
1655 2690 1916 2748 Christus
1971 2699 2236 2747 mortuus
2275 2709 2409 2770 per-

290 2785 548 2864 hibetur,
570 2799 641 2848 ιιι
651 2789 809 2868 filios
827 2791 957 2858 Dei,
980 2792 1090 2868 qui
1107 2789 1576 2869 erantdisporsi‚
1597 2795 1978 2866 conyreyarct
1999 2788 2068 2842 in
2087 2805 2284 2843 unum
2301 2783 2414 2863 (3),

1394 2992 1544 3041 burch
1563 3027 1577 3050 ‚
1609 2993 1661 3039 in
1690 3000 1899 3039 controv.
1918 2987 1988 3039 De
2006 2993 2131 3038 notio
2147 3005 2231 3036 seu
2259 2988 2419 3052 signis

1395 3075 1654 3136 Εοοῖεείω,
1686 3085 1805 3140 part.
1839 3085 1959 3140 post.
1994 3072 2020 3140 §
2050 3089 2113 3132 2,
2155 3074 2261 3121 licet
2298 3072 2414 3118 Pro-

359 2995 431 3059 (l)
464 2996 600 3046 Plura
620 2997 882 3046 testimonia
902 2994 986 3044 Dr.
1007 2993 1204 3056 Palmer,
1224 3011 1304 3060 op.

292 3080 371 3128 cit.
418 3075 489 3127 De
533 3077 787 3139 Ecclesia,
832 3088 949 3145 part.
988 3092 1036 3139 1,
1084 3095 1187 3143 cap.
1239 3076 1303 3141 4,

290 3172 397 3210 sect.
429 3176 460 3209 2
482 3198 495 3220 ,
529 3164 731 3228 congerit
759 3181 813 3212 ex
827 3161 1019 3211 Calvino
1037 3195 1052 3220 ,
1078 3178 1134 3210 ex
1160 3160 1310 3226 angli-

291 3246 417 3293 canis
439 3280 454 3304 ,
484 3245 838 3311 presbyterianis
860 3282 874 3304 ,
895 3243 1200 3304 methodistis‚
1217 3253 1308 3293 etc.

290 3328 371 3392 qui
407 3328 685 3376 unanimiter
711 3329 1016 3391 profitentur,
1050 3342 1184 3391 grave
1216 3342 1312 3374 esse

299 3418 542 3474 peccatum
558 3408 767 3458 scindere
791 3413 1015 3458 unitatem
1038 3447 1052 3469 ,
1083 3425 1138 3457 ac
1150 3425 1311 3458 omnes

292 3492 440 3540 teneri
472 3491 530 3540 ad
557 3494 939 3541 communionem
972 3510 1081 3541 cum
1111 3493 1166 3540 iis
1184 3525 1198 3551 ,
1227 3492 1309 3556 qui

292 3584 541 3623 censentur
556 3590 710 3627 veram
732 3574 902 3624 Christi
916 3575 1173 3625 Ecclesiam
1195 3590 1308 3622 con-

294 3659 496 3707 stituere.
537 3656 717 3706 Verum
760 3657 877 3705 illud
911 3657 1071 3706 sedulo
1099 3654 1309 3706 animad-

294 3739 565 3789 vertendum
579 3749 646 3790 est
658 3755 770 3788 cum
783 3738 1020 3789 Fratribus
1030 3739 1088 3790 de
1099 3738 1310 3788 Walem-

1398 3168 1620 3226 testantes
1675 3174 1837 3206 omnes
1883 3193 1898 3217 ‚
1974 3156 2136 3205 saltem
2206 3156 2412 3219 ipsorum

1399 3249 1638 3307 tempore,
1671 3242 1940 3306 agnoverint
1962 3237 2215 3286 Ecclesiam
2247 3253 2412 3295 unam,

1401 3324 1552 3375 nullas
1570 3335 1726 3372 tamen
1739 3321 2045 3371 confessiones
2061 3319 2415 3368 protestantium

1402 3426 1573 3475 ponere
1610 3407 1840 3457 unitatem
1876 3414 2104 3469 tanquam
2152 3411 2313 3452 notam
2335 3399 2407 3449 vel

1399 3488 1584 3559 signu‘m
1607 3505 1726 3539 verae
1763 3487 1994 3538 Ecclesiae.

1467 3573 1532 3638 (2)
1572 3571 1746 3639 Ephes.
1773 3587 1840 3630 iv,
1879 3567 1929 3617 5.

1466 3654 1530 3720 (3)
1564 3653 1702 3703 Joan.
1739 3666 1815 3713 xl,
1874 3649 1958 3700 52.
1996 3648 2087 3699 Ubi
2118 3648 2283 3714 pariter
2317 3645 2418 3694 ani-

1398 3735 1778 3788 madvertendum
1798 3744 1895 3795 est,
1935 3750 2043 3782 cum
2063 3730 2261 3780 dicimus
2279 3763 2294 3788 ,
2330 3742 2414 3775 no-
