2514 4218
515 268 673 304 PART.
718 267 758 302 1.
803 266 926 304 CAP.
973 268 1058 306 111.
1104 270 1172 306 DE
1215 269 1479 308 ECCLESIAE
1522 270 1699 309 nous.

2024 252 2137 313 147

133 412 271 471 243.
305 413 475 470 Deest
506 420 698 468 autem
732 409 841 468 hoc
869 411 995 491 ipso
1027 411 1388 471 societatibus
1417 411 1507 471 his
1534 412 1803 472 omnibus
1840 416 2126 477 catholici-

57 519 144 565 tas
166 511 399 594 ejusque
426 514 564 562 nota
585 528 600 576 ς
628 504 675 562 si
700 505 857 563 enim
874 504 984 563 illis
1003 503 1164 564 deest
1184 506 1374 564 unitas
1391 551 1407 579 ,
1432 506 1720 587 quomodo
1740 510 1952 589 poterit
1983 512 2142 593 apud

57 621 150 660 eas
188 598 461 658 identitas
498 597 629 657 fidei
675 610 735 657 et
774 598 1193 667 communionis
1235 600 1537 662 inveniri?
1579 602 1827 661 Historia
1864 604 2139 665 variatio-

53 708 198 752 num
221 682 737 774 locupletissimum
765 703 865 752 est*
885 703 1294 771 argumentum
1327 695 1608 771 ejusmodi
1641 695 1915 757 desectus,
1947 700 2144 758 Posse-v

57 809 183 845 mus
212 786 317 845 hos
356 809 560 847 omnes
585 806 900 869 provocare
919 792 1102 846 coetus
1127 785 1201 843 ad
1228 785 1518 847 edendam
1545 789 1680 849 fidei
1699 791 2145 872 professionem,

52 903 182 963 quae
230 882 550 940 communis
595 881 690 948 vel
725 881 824 939 uni
858 879 1098 937 illorum
1143 879 1249 954 sit,
1299 891 1359 939 et
1392 902 1517 962 quae
1557 902 1787 966 semper
1817 886 1972 967 apud
2012 909 2148 947 eum

52 977 405 1051 obtinuerit,
463 978 509 1035 si
547 977 740 1035 forsan
783 972 1030 1054 excipias
1064 980 1299 1053 partem
1328 976 1665 1055 negativam.
1697 991 1756 1039 et
1788 982 2147 1043 aversionem

57 1094 88 1129 a
120 1072 412 1132 communi
453 1073 964 1153 ipsorummatre,
1011 1066 1256 1127 Ecclesia
1289 1090 1501 1151 nempe
1538 1091 1776 1132 romana
1815 1096 1912 1134 seu
1948 1076 2151 1135 catho-

54 1164 186 1223 lica.
210 1165 368 1223 Nihil
384 1165 634 1223 dicemus
652 1161 723 1220 de
744 1160 1062 1242 particuliS,
1095 1162 1159 1219 in
1183 1184 1324 1243 quas
1339 1158 1696 1246 unaquaeque
1723 1169 1957 1229 societas
1983 1170 2153 1231 disse-

57 1270 252 1332 catur,
288 1280 413 1340 quae
451 1259 548 1334 vix
586 1256 878 1315 numerari
911 1266 1190 1337 possunt,
1235 1277 1368 1315 cum
1403 1257 1525 1317 haec
1553 1261 1850 1321 notissima
1900 1264 2016 1324 sint
2037 1265 2146 1346 (1).

58 1469 162 1500 sum
203 1454 252 1498 in
293 1448 453 1513 Anglia
494 1446 686 1510 docere3
730 1445 1021 1508 Fletcherum
1040 1481 1055 1506 ,

60 1532 260 1597 Wesleyi
276 1529 552 1593 discipulum
574 1565 587 1588 ,
613 1529 855 1577 docentem
882 1528 1062 1576 Metho-

58 1615 197 1662 distas
245 1628 456 1666 accusare
502 1608 785 1674 legalitatem
831 1610 1060 1658 bonorum

58 1711 281 1760 operum,
328 1709 541 1740 excusare
579 1691 831 1752 adulteria,
868 1689 1062 1738 homici-

61 1776 137 1823 dia
157 1812 170 1834 ,
202 1785 290 1823 etc.
315 1773 476 1839 Neque
493 1775 652 1838 reponi
667 1782 831 1838 potest,
857 1773 939 1820 bos
966 1772 1061 1819 ho-

57 1861 207 1907 mines
233 1863 317 1906 aut
347 1866 487 1904 sectas
512 1858 782 1917 excessisse3
830 1852 1061 1921 siquidem

57 1939 157 1988 haec
202 1940 455 1987 necessario
517 1938 755 2001 profluunt
799 1952 858 1985 ex
899 1937 1061 1983 intima

59 2021 413 2085 protestantismi
458 2018 689 2078 doctrina,
734 2027 786 2066 ut
825 2026 949 2082 patet
984 2033 1064 2081 per

62 2118 111 2149 se
130 2139 145 2161 ,
180 2113 223 2149 et
258 2102 506 2149 clarissimo
533 2103 583 2148 in
614 2101 794 2148 lumine
822 2098 1063 2147 collocavit

61 2180 268 2230 Moe‘hler
297 2185 350 2230 in
385 2178 552 2230 celebri
582 2199 663 2230 sua
693 2180 989 2246 Symbolica,
1017 2189 1061 2230 et

52 2271 176 2326 patet
204 2272 419 2326 praeterea
447 2280 500 2324 ex
538 2264 647 2327 ipsis
675 2261 864 2310 Lutheri
885 2250 1055 2326 princi-

52 2346 156 2408 piis.
187 2342 303 2390 Nam
323 2345 374 2390 in
389 2343 473 2392 lib.
508 2341 585 2389 De
606 2342 781 2406 captiv.
820 2341 1059 2407 Babylon.

55 2442 153 2488 cap·
184 2422 266 2471 De
310 2423 544 2489 baptismo
586 2442 605 2470 .·
632 2420 704 2468 'V
702 2422 826 2481 ides,
874 2425 1059 2486 inquit,

53 2521 197 2570 quam
224 2503 355 2551 dives
390 2513 456 2551 est
473 2503 607 2551 homo
635 2503 930 2551 christianus
963 2505 1064 2550 sive

58 2586 332 2650 baptizatas
356 2622 369 2645 ,
424 2587 513 2649 qni
564 2587 708 2633 etiam
755 2584 911 2632 volens
963 2600 1064 2632 non

51 2672 205 2732 potest
216 2666 414 2732 perdere
444 2666 642 2715 salutem
670 2668 1064 2730 quantiscumque

51 2751 262 2815 peccatis
277 2787 290 2807 ,
322 2749 423 2795 nisi
433 2747 552 2796 nolit
568 2747 770 2796 credere.
788 2745 938 2796 Nulla
950 2764 1063 2813 pec-

59 2839 165 2878 cata
196 2846 304 2878 eam
329 2830 563 2878 damnare
585 2837 811 2895 possunt,
842 2830 946 2876 nisi
965 2826 1062 2876 sola

62 2911 393 2961 incredulitas.
415 2911 472 2959 Et
496 2914 550 2958 in.
564 2928 697 2959 serm·
720 2909 800 2958 De
813 2912 1063 2975 piscatura

64 2990 205 3040 Petri
237 3011 252 3041 τ
286 2991 422 3058 Erqa
469 2991 631 3040 Deum
675 3009 772 3040 non
807 2993 1056 3059 operibus,

65 3074 145 3120 sed
185 3074 316 3121 nuda
353 3074 450 3138 fide
490 3074 781 3139 indiqemns.
833 3072 1063 3123 Debemus

69 3155 192 3201 enim
211 3172 319 3203 cum
350 3155 442 3204 solo
462 3153 607 3204 Isaac
634 3158 797 3205 venire
814 3193 827 3215 ,
855 3155 941 3203 hoc
962 3163 1029 3203 est
1045 3193 1058 3216 ,

71 3243 178 3282 oum
204 3238 333 3300 fide3
372 3255 526 3287 servos
549 3249 593 3288 et
618 3242 783 3287 asinas
804 3276 816 3297 ‚
857 3238 944 3288 hoc
967 3246 1061 3298 est,

74 3330 214 3379 opera
287 3319 501 3369 deorsam
565 3321 802 3370 demittere
867 3322 1063 3387 oportet.

83 3392 272 3458 Quanto
315 3400 580 3466 sceleratior
615 3419 663 3451 es
681 3440 694 3463 ,
740 3411 870 3450 tanto
920 3404 1065 3451 citius

81 3475 218 3524 Deus
255 3493 391 3526 suam
433 3485 639 3545 qratiam
677 3483 912 3548 infundit.
957 3483 1066 3532 Haec

83 3558 261 3624 aliaque
289 3562 508 3626 ejusmodi
525 3564 709 3614 Lutheri
738 3566 959 3631 principia
982 3567 1066 3615 cfr.

82 3641 202 3703 apud
217 3639 434 3689 Coccium
453 3678 467 3700 ,
495 3660 572 3707 op.
595 3647 675 3695 eit.
704 3663 807 3712 pag.
836 3663 852 3695 1
868 3663 885 3694 1
904 3645 979 3699 ¹5..
1004 3646 1071 3694 Ex

90 3721 160 3768 his
189 3722 464 3786 collegerunt
488 3722 831 3789 Antiuomiani,
866 3730 916 3777 in
943 3727 1071 3777 Con-

1138 1446 1254 1508 sess.
1271 1443 1619 1512 Mansseldensi
1639 1450 1771 1497 :Lex
1789 1465 1890 1498 non
1909 1459 1977 1500 est
1991 1454 2155 1518 diqna,

1142 1536 1196 1574 at
1223 1537 1414 1575 vocet-ar
1451 1530 1649 1577 verbnm
1681 1530 1786 1578 Dei
1796 1552 1817 1590 ,-
1864 1533 1911 1579 si
1931 1534 2156 1584 meretrix

1105 1630 1110 1634 ·
1142 1625 1191 1656 es
1211 1646 1224 1668 ,
1260 1611 1308 1657 si
1331 1619 1586 1672 scortator,
1619 1613 1665 1659 si
1697 1611 1919 1675 adulter,
1949 1614 2026 1663 vel
2045 1619 2155 1681 qni-

1142 1706 1341 1754 cumque
1357 1690 1486 1739 alius
1502 1729 1516 1751 ,
1549 1700 1737 1740 tantum
1760 1693 1897 1744 crede
1916 1731 1930 1756 ,
1961 1704 2008 1743 et
2027 1713 2077 1744 es
2100 1699 2155 1745 in

1143 1772 1226 1818 via
1267 1770 1470 1834 salutis,
1518 1789 1628 1820 cnm
1665 1776 1723 1821 in
1762 1775 1918 1823 medio
1963 1760 2154 1842 peccati

1144 1850 1306 1902 hoeres.
1333 1853 1597 1919 Decaloyus
1613 1854 1680 1902 ad
1705 1855 1891 1904 curiam
1910 1859 2121 1922 pertinet
2140 1898 2154 1920 ,

1143 1949 1243 1980 non
1255 1932 1321 1980 ad
1335 1943 1607 1998 snyqestam
1621 1950 1643 1996 ‚⁰
1661 1937 2036 2002 quibuscumque
2048 1956 2158 1988 cnm

1146 2015 1285 2062 Mose
1317 2030 1392 2062 res
1427 2023 1524 2076 est,
1577 2023 1704 2063 recta
1739 2019 1822 2064 via
1858 2017 2062 2067 tendant
2095 2020 2163 2069 ad

1144 2095 1384 2144 diabolum
1410 2133 1422 2155 ,
1469 2098 1566 2144 imo
1598 2097 1665 2145 ad
1695 2097 1872 2151 malam
1909 2116 2010 2148 rem
2048 2118 2161 2150 cnm

1144 2178 1302 2227 Mose.
1349 2175 1545 2226 Dictum
1575 2178 1715 2227 Petri
1749 2196 1764 2229 ε
1795 2180 1984 2230 Ceo-tam
2010 2183 2161 2246 facite

1144 2261 1436 2308 vocationem
1471 2268 1675 2307 vestram
1702 2277 1794 2325 per
1833 2262 1959 2311 bona
1981 2271 2125 2329 'opera
2142 2302 2157 2325 ‚

1145 2348 1216 2388 est
1245 2339 1432 2389 inutile.
1468 2341 1880 2406 Quandocumque
1914 2344 2009 2392 tibi
2046 2346 2159 2394 talis

1145 2420 1330 2468 incedit
1371 2423 1594 2484 coyitatio
1611 2455 1629 2480 ‚
1674 2413 1761 2469 hoc
1796 2415 1870 2469 vel
1904 2422 1986 2472 illo
2022 2407 2159 2475 modo

1146 2503 1200 2548 in
1237 2500 1435 2549 ecclesia
1465 2518 1564 2548 rem
1597 2503 1704 2566 qeri
1733 2501 1897 2550 debere
1913 2540 1926 2564 ,
1972 2499 2027 2551 at
2061 2497 2162 2555 sint

1146 2583 1363 2631 homines
1385 2583 1517 2643 boni,
1538 2582 1727 2632 honesti
1738 2621 1752 2644 ,
1773 2587 1933 2633 sancti
1953 2594 1999 2634 et
2014 2591 2155 2650 casti,

1129 2665 1242 2729 jam
1267 2663 1502 2711 aberrasti
1515 2663 1574 2711 ab
1589 2661 1856 2729 Evanqelio
1872 2701 1887 2727 ,
1920 2676 2009 2715 etc.
2031 2665 2152 2718 Ibid.

1143 2743 1246 2792 Jam
1285 2761 1422 2804 vero,
1474 2745 1667 2793 ubinam
1708 2749 1872 2810 pagani
1912 2749 2155 2812 ipsitalia

1145 2825 1437 2873 docuerunt?
1500 2824 1539 2872 O
1603 2827 1842 2891 praeclaros
1900 2843 2150 2878 sacrorum

1142 2905 1498 2955 emendatores!
1535 2905 1574 2954 Ο
1604 2909 1800 2972 egregios
1827 2924 2028 2958 romanae
2047 2910 2144 2962 „Ec-

1148 2987 1296 3035 clesiae
1321 2987 1650 3052 reformatores
1670 2989 1690 3036 .'
2006 2975 2008 2978 ,

1214 3068 1284 3132 (1)
1303 3067 1399 3118 Cfr.
1424 3087 1478 3117 ex
1494 3066 1695 3134 antiquis
1708 3067 1759 3118 S.
1775 3068 1996 3134 Irenaeus,
2017 3071 2151 3124 Ado.

1145 3148 1360 3209 hoeresoe,
1379 3149 1464 3198 lib.
1487 3166 1545 3213 v;
1564 3147 1614 3198 S.
1635 3149 1946 3214 Epiphanius,
1961 3150 2046 3201 lib.
2071 3170 2151 3220 ηις

1146 3230 1197 3279 S.
1224 3230 1506 3296 Augustinus
1524 3267 1538 3291 ,
1564 3229 1636 3279 De
1657 3229 1941 3295 hcet-esibus,
1972 3235 2055 3285 lib.
2093 3254 2111 3299 ¹.
2135 3255 2150 3301 3

1147 3312 1498 3372 Theodoretus,
1542 3312 1895 3363 Hoereticarum
1932 3316 2151 3380 fabular.

1145 3395 1230 3444 lib.
1262 3404 1321 3459 ῆς
1347 3395 1613 3443 Philastrius
1640 3393 1864 3445 Brixiens.
1897 3396 2148 3448 Hoereseo-

1145 3478 1301 3544 loqia,
1327 3481 1379 3527 in
1391 3475 1627 3527 Biblioth.
1649 3477 1856 3526 Patrum
1872 3479 1983 3528 dela
2007 3481 2149 3545 Bigne

1150 3562 1264 3613 edit.
1295 3578 1330 3608 11
1351 3598 1365 3620 ,
1399 3560 1523 3609 Paris
1559 3557 1686 3628 1689
1703 3597 1717 3621 ,
1744 3571 1858 3610 tom.
1888 3579 1966 3625 1v;
1992 3582 2047 3613 ex
2070 3582 2146 3614 re-

1147 3641 1427 3694 centioribus
1471 3638 1688 3702 Remini,
1729 3637 1909 3691 latoria
1946 3643 2003 3691 di
2032 3652 2150 3695 tutte

1153 3725 1193 3775 le
1231 3725 1408 3788 eresie‚·
1444 3722 1612 3775 Paletta
1631 3762 1645 3788 ,
1690 3722 1735 3775 S
1735 3727 1859 3773 toria
1897 3729 2147 3793 raqio‘nata

1808 3806 1902 3866 10.
