<?xml version="1.0" encoding="UTF-8"?>
<!DOCTYPE html PUBLIC "-//W3C//DTD XHTML 1.0 Transitional//EN"
    "http://www.w3.org/TR/xhtml1/DTD/xhtml1-transitional.dtd">
<html xmlns="http://www.w3.org/1999/xhtml" xml:lang="en" lang="en">
 <head>
  <title>
</title>
<meta http-equiv="Content-Type" content="text/html;charset=utf-8" />
  <meta name='ocr-system' content='tesseract 3.04.00' />
  <meta name='ocr-capabilities' content='ocr_page ocr_carea ocr_par ocr_line ocrx_word'/>
</head>
<body>
  <div class='ocr_page' id='page_1' title='image "a603693808perruoft_0345.png"; bbox 0 0 2514 4218; ppageno 0'>
   <div class='ocr_carea' id='block_1_1' title="bbox 392 176 1861 226">
    <p class='ocr_par' dir='ltr' id='par_1_1' title="bbox 392 176 1861 226">
     <span class='ocr_line' id='line_1_1' title="bbox 392 176 1861 226; baseline -0.004 -6"><span class='ocrx_word' id='word_1_1' title='bbox 392 184 555 220; x_wconf 76' lang='lat' dir='ltr'>PAR&#39;r.</span> <span class='ocrx_word' id='word_1_2' title='bbox 604 181 646 218; x_wconf 80' lang='lat' dir='ltr'>l·</span> <span class='ocrx_word' id='word_1_3' title='bbox 693 180 846 218; x_wconf 69' lang='lat' dir='ltr'>snm.</span> <span class='ocrx_word' id='word_1_4' title='bbox 896 180 961 216; x_wconf 88' lang='lat'>11.</span> <span class='ocrx_word' id='word_1_5' title='bbox 1011 181 1134 218; x_wconf 84' lang='lat' dir='ltr'><strong>GAP.</strong></span> <span class='ocrx_word' id='word_1_6' title='bbox 1181 182 1226 217; x_wconf 87' lang='lat'>1.</span> <span class='ocrx_word' id='word_1_7' title='bbox 1276 181 1343 216; x_wconf 79' lang='lat' dir='ltr'>DE</span> <span class='ocrx_word' id='word_1_8' title='bbox 1384 177 1548 217; x_wconf 80' lang='lat' dir='ltr'>PETRI</span> <span class='ocrx_word' id='word_1_9' title='bbox 1590 176 1861 226; x_wconf 70' lang='lat' dir='ltr'>PumA&#39;rU.</span> 
     </span>
    </p>
   </div>
   <div class='ocr_carea' id='block_1_2' title="bbox 2074 152 2192 214">
    <p class='ocr_par' dir='ltr' id='par_1_2' title="bbox 2074 152 2192 214">
     <span class='ocr_line' id='line_1_2' title="bbox 2074 152 2192 214; baseline 0.008 -1"><span class='ocrx_word' id='word_1_10' title='bbox 2074 152 2192 214; x_wconf 80' lang='lat'>333</span> 
     </span>
    </p>
   </div>
   <div class='ocr_carea' id='block_1_3' title="bbox 55 317 2192 880">
    <p class='ocr_par' dir='ltr' id='par_1_3' title="bbox 55 317 2192 880">
     <span class='ocr_line' id='line_1_3' title="bbox 141 317 2187 405; baseline -0.005 -19"><span class='ocrx_word' id='word_1_11' title='bbox 141 328 280 386; x_wconf 78' lang='lat'><strong>492.</strong></span> <span class='ocrx_word' id='word_1_12' title='bbox 325 327 526 405; x_wconf 85' lang='lat' dir='ltr'><strong>Neque</strong></span> <span class='ocrx_word' id='word_1_13' title='bbox 548 332 826 404; x_wconf 76' lang='lat' dir='ltr'>praeterea</span> <span class='ocrx_word' id='word_1_14' title='bbox 861 321 1147 400; x_wconf 87' lang='lat' dir='ltr'>ejusmodi</span> <span class='ocrx_word' id='word_1_15' title='bbox 1178 320 1570 403; x_wconf 83' lang='lat' dir='ltr'>principatum</span> <span class='ocrx_word' id='word_1_16' title='bbox 1594 317 1797 378; x_wconf 89' lang='lat' dir='ltr'>Jacobi</span> <span class='ocrx_word' id='word_1_17' title='bbox 1814 318 2032 380; x_wconf 82' lang='lat' dir='ltr'>evincit</span> <span class='ocrx_word' id='word_1_18' title='bbox 2054 321 2187 396; x_wconf 82' lang='lat' dir='ltr'>ejus</span> 
     </span>
     <span class='ocr_line' id='line_1_4' title="bbox 60 413 2181 505; baseline -0.005 -22"><span class='ocrx_word' id='word_1_19' title='bbox 60 424 422 505; x_wconf 78' lang='lat' dir='ltr'>episcopatus</span> <span class='ocrx_word' id='word_1_20' title='bbox 478 418 1042 497; x_wconf 79' lang='lat' dir='ltr'>hierosolymitanus,</span> <span class='ocrx_word' id='word_1_21' title='bbox 1095 418 1246 476; x_wconf 87' lang='lat' dir='ltr'>Nam</span> <span class='ocrx_word' id='word_1_22' title='bbox 1320 415 1454 475; x_wconf 89' lang='lat' dir='ltr'>licet</span> <span class='ocrx_word' id='word_1_23' title='bbox 1499 414 1872 494; x_wconf 81' lang='lat' dir='ltr'>Solymorum</span> <span class='ocrx_word' id='word_1_24' title='bbox 1925 413 2181 474; x_wconf 76' lang='lat' dir='ltr'>Ecclesia</span> 
     </span>
     <span class='ocr_line' id='line_1_5' title="bbox 58 510 2184 599; baseline -0.003 -23"><span class='ocrx_word' id='word_1_25' title='bbox 58 519 246 599; x_wconf 90' lang='lat' dir='ltr'>prima</span> <span class='ocrx_word' id='word_1_26' title='bbox 274 515 448 574; x_wconf 87' lang='lat' dir='ltr'>fuerit</span> <span class='ocrx_word' id='word_1_27' title='bbox 476 516 869 593; x_wconf 75' lang='lat' dir='ltr'><em>antiquitate,</em></span> <span class='ocrx_word' id='word_1_28' title='bbox 899 533 1025 570; x_wconf 90' lang='lat' dir='ltr'>non</span> <span class='ocrx_word' id='word_1_29' title='bbox 1046 522 1245 570; x_wconf 82' lang='lat' dir='ltr'>tamen</span> <span class='ocrx_word' id='word_1_30' title='bbox 1277 512 1467 593; x_wconf 90' lang='lat' dir='ltr'>prima</span> <span class='ocrx_word' id='word_1_31' title='bbox 1495 510 1605 568; x_wconf 90' lang='lat' dir='ltr'>fuit</span> <span class='ocrx_word' id='word_1_32' title='bbox 1629 511 1923 588; x_wconf 71' lang='lat' dir='ltr'>diym&#39;tace</span> <span class='ocrx_word' id='word_1_33' title='bbox 1956 520 2016 568; x_wconf 89' lang='lat' dir='ltr'>et</span> <span class='ocrx_word' id='word_1_34' title='bbox 2038 532 2184 570; x_wconf 86' lang='lat' dir='ltr'>ma-</span> 
     </span>
     <span class='ocr_line' id='line_1_6' title="bbox 56 603 2182 692; baseline -0.003 -22"><span class='ocrx_word' id='word_1_35' title='bbox 56 612 320 692; x_wconf 74' lang='lat' dir='ltr'>gisteri03</span> <span class='ocrx_word' id='word_1_36' title='bbox 346 609 616 671; x_wconf 90' lang='lat' dir='ltr'>universa</span> <span class='ocrx_word' id='word_1_37' title='bbox 632 608 792 667; x_wconf 89' lang='lat' dir='ltr'>enim</span> <span class='ocrx_word' id='word_1_38' title='bbox 824 605 1070 666; x_wconf 83' lang='lat' dir='ltr'>Ecclesia</span> <span class='ocrx_word' id='word_1_39' title='bbox 1089 606 1492 686; x_wconf 81' lang='lat' dir='ltr'>praestantiam</span> <span class='ocrx_word' id='word_1_40' title='bbox 1510 604 1807 685; x_wconf 82' lang='lat' dir='ltr'>dignitatis</span> <span class='ocrx_word' id='word_1_41' title='bbox 1833 605 1901 662; x_wconf 76' lang='lat' dir='ltr'>in</span> <span class='ocrx_word' id='word_1_42' title='bbox 1931 603 2182 664; x_wconf 82' lang='lat' dir='ltr'>Ecclesia</span> 
     </span>
     <span class='ocr_line' id='line_1_7' title="bbox 55 699 2192 785; baseline -0.002 -21"><span class='ocrx_word' id='word_1_43' title='bbox 55 727 296 764; x_wconf 89' lang='lat' dir='ltr'>romana</span> <span class='ocrx_word' id='word_1_44' title='bbox 317 725 549 785; x_wconf 85' lang='lat' dir='ltr'>semper</span> <span class='ocrx_word' id='word_1_45' title='bbox 578 703 813 783; x_wconf 85' lang='lat' dir='ltr'>agnovit</span> <span class='ocrx_word' id='word_1_46' title='bbox 834 702 945 784; x_wconf 91' lang='lat' dir='ltr'>(l).</span> <span class='ocrx_word' id='word_1_47' title='bbox 975 699 1252 759; x_wconf 85' lang='lat' dir='ltr'>Praeclare</span> <span class='ocrx_word' id='word_1_48' title='bbox 1275 702 1447 759; x_wconf 85' lang='lat' dir='ltr'>Joan.</span> <span class='ocrx_word' id='word_1_49' title='bbox 1481 700 1924 782; x_wconf 79' lang='lat' dir='ltr'>Chrysostomus</span> <span class='ocrx_word' id='word_1_50' title='bbox 1960 722 1981 757; x_wconf 78' lang='lat'>:-</span> <span class='ocrx_word' id='word_1_51' title='bbox 2006 701 2192 781; x_wconf 57' lang='lat' dir='ltr'>Quod*</span> 
     </span>
     <span class='ocr_line' id='line_1_8' title="bbox 55 796 2184 880; baseline -0.002 -21"><span class='ocrx_word' id='word_1_52' title='bbox 55 806 113 859; x_wconf 77' lang='lat' dir='ltr'>si</span> <span class='ocrx_word' id='word_1_53' title='bbox 135 805 274 880; x_wconf 73' lang='lat' dir='ltr'>quis</span> <span class='ocrx_word' id='word_1_54' title='bbox 317 802 545 859; x_wconf 68' lang='lat' dir='ltr'>dixerit</span> <span class='ocrx_word' id='word_1_55' title='bbox 574 825 593 859; x_wconf 92' lang='lat'>.·</span> <span class='ocrx_word' id='word_1_56' title='bbox 632 799 761 858; x_wconf 74' lang='lat' dir='ltr'>Cur</span> <span class='ocrx_word' id='word_1_57' title='bbox 796 818 928 878; x_wconf 74' lang='lat' dir='ltr'>erqo</span> <span class='ocrx_word' id='word_1_58' title='bbox 977 797 1244 855; x_wconf 75' lang='lat' dir='ltr'>Jaeohus</span> <span class='ocrx_word' id='word_1_59' title='bbox 1289 797 1840 875; x_wconf 72' lang='lat' dir='ltr'>Hierosolymorum</span> <span class='ocrx_word' id='word_1_60' title='bbox 1893 796 2184 856; x_wconf 65' lang='lat' dir='ltr'>thronum</span> 
     </span>
    </p>
   </div>
   <div class='ocr_carea' id='block_1_4' title="bbox 54 895 815 975">
    <p class='ocr_par' dir='ltr' id='par_1_4' title="bbox 54 895 815 975">
     <span class='ocr_line' id='line_1_9' title="bbox 54 895 815 975; baseline -0.004 -21"><span class='ocrx_word' id='word_1_61' title='bbox 54 895 333 975; x_wconf 65' lang='lat' dir='ltr'>accepit?</span> <span class='ocrx_word' id='word_1_62' title='bbox 374 895 754 974; x_wconf 78' lang='lat' dir='ltr'>Respondebo</span> <span class='ocrx_word' id='word_1_63' title='bbox 796 918 815 951; x_wconf 90' lang='grc'>.·</span> 
     </span>
    </p>
   </div>
   <div class='ocr_carea' id='block_1_5' title="bbox 873 891 2185 970">
    <p class='ocr_par' dir='ltr' id='par_1_5' title="bbox 873 891 2185 970">
     <span class='ocr_line' id='line_1_10' title="bbox 873 891 2185 970; baseline 0 -19"><span class='ocrx_word' id='word_1_64' title='bbox 873 892 1128 951; x_wconf 80' lang='lat' dir='ltr'>Petrum</span> <span class='ocrx_word' id='word_1_65' title='bbox 1180 913 1304 951; x_wconf 79' lang='lat' dir='ltr'>non</span> <span class='ocrx_word' id='word_1_66' title='bbox 1349 891 1557 951; x_wconf 74' lang='lat' dir='ltr'>throni</span> <span class='ocrx_word' id='word_1_67' title='bbox 1590 892 1777 970; x_wconf 72' lang='lat' dir='ltr'>hujus</span> <span class='ocrx_word' id='word_1_68' title='bbox 1799 938 1817 962; x_wconf 92' lang='lat'>‚</span> <span class='ocrx_word' id='word_1_69' title='bbox 1854 893 1960 951; x_wconf 84' lang='lat' dir='ltr'>sed</span> <span class='ocrx_word' id='word_1_70' title='bbox 2000 894 2185 951; x_wconf 68' lang='lat' dir='ltr'>totius</span> 
     </span>
    </p>
   </div>
   <div class='ocr_carea' id='block_1_6' title="bbox 54 986 2185 1071">
    <p class='ocr_par' dir='ltr' id='par_1_6' title="bbox 54 986 2185 1071">
     <span class='ocr_line' id='line_1_11' title="bbox 54 986 2185 1071; baseline -0.001 -21"><span class='ocrx_word' id='word_1_71' title='bbox 54 993 216 1050; x_wconf 77' lang='lat' dir='ltr'>orbis</span> <span class='ocrx_word' id='word_1_72' title='bbox 265 992 556 1051; x_wconf 76' lang='lat' dir='ltr'>doctorem</span> <span class='ocrx_word' id='word_1_73' title='bbox 592 1012 632 1049; x_wconf 86' lang='lat' dir='ltr'>a</span> <span class='ocrx_word' id='word_1_74' title='bbox 675 989 908 1051; x_wconf 80' lang='lat' dir='ltr'>Christo</span> <span class='ocrx_word' id='word_1_75' title='bbox 943 996 1236 1045; x_wconf 76' lang='lat' dir='ltr'>statutum</span> <span class='ocrx_word' id='word_1_76' title='bbox 1286 990 1486 1066; x_wconf 39' lang='lat' dir='ltr'>fuisse*</span> <span class='ocrx_word' id='word_1_77' title='bbox 1532 988 1646 1069; x_wconf 77' lang='lat'><strong>(2).</strong></span> <span class='ocrx_word' id='word_1_78' title='bbox 1708 989 1780 1047; x_wconf 84' lang='lat' dir='ltr'>Et</span> <span class='ocrx_word' id='word_1_79' title='bbox 1832 986 2015 1070; x_wconf 89' lang='lat' dir='ltr'>paulo</span> <span class='ocrx_word' id='word_1_80' title='bbox 2042 998 2185 1071; x_wconf 83' lang='lat' dir='ltr'>post</span> 
     </span>
    </p>
   </div>
   <div class='ocr_carea' id='block_1_7' title="bbox 43 1177 1071 2312">
    <p class='ocr_par' dir='ltr' id='par_1_7' title="bbox 43 1177 1071 2312">
     <span class='ocr_line' id='line_1_12' title="bbox 57 1177 1070 1248; baseline -0.003 -18"><span class='ocrx_word' id='word_1_81' title='bbox 57 1200 216 1231; x_wconf 89' lang='lat' dir='ltr'>norem</span> <span class='ocrx_word' id='word_1_82' title='bbox 259 1182 485 1245; x_wconf 86' lang='lat' dir='ltr'>Domini,</span> <span class='ocrx_word' id='word_1_83' title='bbox 525 1179 659 1248; x_wconf 83' lang='lat' dir='ltr'>cujus</span> <span class='ocrx_word' id='word_1_84' title='bbox 698 1189 792 1229; x_wconf 87' lang='lat' dir='ltr'>erat</span> <span class='ocrx_word' id='word_1_85' title='bbox 820 1177 991 1240; x_wconf 86' lang='lat' dir='ltr'>frater,</span> <span class='ocrx_word' id='word_1_86' title='bbox 1026 1189 1070 1228; x_wconf 87' lang='lat' dir='ltr'>et</span> 
     </span>
     <span class='ocr_line' id='line_1_13' title="bbox 54 1261 1068 1330; baseline -0.005 -17"><span class='ocrx_word' id='word_1_87' title='bbox 54 1276 97 1313; x_wconf 89' lang='lat' dir='ltr'>et</span> <span class='ocrx_word' id='word_1_88' title='bbox 112 1268 219 1330; x_wconf 90' lang='lat' dir='ltr'>quia</span> <span class='ocrx_word' id='word_1_89' title='bbox 235 1264 651 1330; x_wconf 83' lang='lat' dir='ltr'>Hierosolymorum</span> <span class='ocrx_word' id='word_1_90' title='bbox 672 1261 926 1326; x_wconf 86' lang='lat' dir='ltr'>Episcopus</span> <span class='ocrx_word' id='word_1_91' title='bbox 949 1269 1068 1320; x_wconf 83' lang='lat' dir='ltr'>erat,</span> 
     </span>
     <span class='ocr_line' id='line_1_14' title="bbox 55 1343 1067 1412; baseline -0.005 -18"><span class='ocrx_word' id='word_1_92' title='bbox 55 1346 136 1394; x_wconf 87' lang='lat' dir='ltr'>ubi</span> <span class='ocrx_word' id='word_1_93' title='bbox 164 1346 260 1394; x_wconf 86' lang='lat' dir='ltr'>haec</span> <span class='ocrx_word' id='word_1_94' title='bbox 288 1346 590 1412; x_wconf 81' lang='lat' dir='ltr'>gerebantur,</span> <span class='ocrx_word' id='word_1_95' title='bbox 621 1343 841 1409; x_wconf 87' lang='lat' dir='ltr'>idemque</span> <span class='ocrx_word' id='word_1_96' title='bbox 876 1344 1067 1390; x_wconf 82' lang='lat' dir='ltr'>maximi</span> 
     </span>
     <span class='ocr_line' id='line_1_15' title="bbox 55 1423 1068 1493; baseline -0.005 -17"><span class='ocrx_word' id='word_1_97' title='bbox 55 1430 257 1476; x_wconf 89' lang='lat' dir='ltr'>nominis</span> <span class='ocrx_word' id='word_1_98' title='bbox 307 1426 427 1493; x_wconf 86' lang='lat' dir='ltr'>apud</span> <span class='ocrx_word' id='word_1_99' title='bbox 471 1424 658 1485; x_wconf 83' lang='lat' dir='ltr'>Judaeos</span> <span class='ocrx_word' id='word_1_100' title='bbox 701 1423 762 1472; x_wconf 89' lang='lat' dir='ltr'>ob</span> <span class='ocrx_word' id='word_1_101' title='bbox 813 1426 1068 1472; x_wconf 78' lang='lat' dir='ltr'>sanctitatis</span> 
     </span>
     <span class='ocr_line' id='line_1_16' title="bbox 56 1504 1071 1575; baseline -0.005 -16"><span class='ocrx_word' id='word_1_102' title='bbox 56 1512 349 1575; x_wconf 87' lang='lat' dir='ltr'>opinionem,</span> <span class='ocrx_word' id='word_1_103' title='bbox 370 1517 420 1555; x_wconf 87' lang='lat' dir='ltr'>ut</span> <span class='ocrx_word' id='word_1_104' title='bbox 437 1506 585 1572; x_wconf 89' lang='lat' dir='ltr'>liquet</span> <span class='ocrx_word' id='word_1_105' title='bbox 613 1524 666 1554; x_wconf 84' lang='lat' dir='ltr'>ex</span> <span class='ocrx_word' id='word_1_106' title='bbox 688 1504 890 1571; x_wconf 88' lang='lat' dir='ltr'>Josepho</span> <span class='ocrx_word' id='word_1_107' title='bbox 921 1517 964 1554; x_wconf 90' lang='lat' dir='ltr'>et</span> <span class='ocrx_word' id='word_1_108' title='bbox 983 1506 1071 1554; x_wconf 86' lang='lat' dir='ltr'>He·</span> 
     </span>
     <span class='ocr_line' id='line_1_17' title="bbox 53 1587 1066 1658; baseline -0.004 -18"><span class='ocrx_word' id='word_1_109' title='bbox 53 1595 257 1658; x_wconf 83' lang='lat' dir='ltr'>gesippo.</span> <span class='ocrx_word' id='word_1_110' title='bbox 290 1589 384 1638; x_wconf 81' lang='lat' dir='ltr'>cfr.</span> <span class='ocrx_word' id='word_1_111' title='bbox 414 1591 464 1636; x_wconf 92' lang='lat' dir='ltr'>in</span> <span class='ocrx_word' id='word_1_112' title='bbox 502 1587 688 1636; x_wconf 87' lang='lat' dir='ltr'>Comm.</span> <span class='ocrx_word' id='word_1_113' title='bbox 730 1591 781 1636; x_wconf 91' lang='lat' dir='ltr'>in</span> <span class='ocrx_word' id='word_1_114' title='bbox 815 1589 943 1636; x_wconf 89' lang='lat' dir='ltr'>hunc</span> <span class='ocrx_word' id='word_1_115' title='bbox 974 1590 1066 1637; x_wconf 91' lang='lat' dir='ltr'>loc.</span> 
     </span>
     <span class='ocr_line' id='line_1_18' title="bbox 53 1671 1069 1735; baseline -0.003 -14"><span class='ocrx_word' id='word_1_116' title='bbox 53 1673 265 1728; x_wconf 78' lang='lat' dir='ltr'>Ceterum</span> <span class='ocrx_word' id='word_1_117' title='bbox 277 1689 383 1721; x_wconf 84' lang='lat' dir='ltr'>vere</span> <span class='ocrx_word' id='word_1_118' title='bbox 393 1671 638 1732; x_wconf 69' lang='lat' dir='ltr'>haereticis,</span> <span class='ocrx_word' id='word_1_119' title='bbox 653 1671 702 1718; x_wconf 90' lang='lat' dir='ltr'>id</span> <span class='ocrx_word' id='word_1_120' title='bbox 716 1681 799 1730; x_wconf 82' lang='lat' dir='ltr'>est,</span> <span class='ocrx_word' id='word_1_121' title='bbox 817 1681 1069 1735; x_wconf 84' lang='lat' dir='ltr'>protestan-</span> 
     </span>
     <span class='ocr_line' id='line_1_19' title="bbox 52 1755 1066 1819; baseline -0.001 -16"><span class='ocrx_word' id='word_1_122' title='bbox 52 1755 175 1803; x_wconf 87' lang='lat' dir='ltr'>tibus</span> <span class='ocrx_word' id='word_1_123' title='bbox 217 1757 358 1803; x_wconf 85' lang='lat' dir='ltr'>aetatis</span> <span class='ocrx_word' id='word_1_124' title='bbox 394 1765 555 1802; x_wconf 82' lang='lat' dir='ltr'>nostrae</span> <span class='ocrx_word' id='word_1_125' title='bbox 592 1763 748 1818; x_wconf 89' lang='lat' dir='ltr'>aptare</span> <span class='ocrx_word' id='word_1_126' title='bbox 784 1771 1030 1819; x_wconf 86' lang='lat' dir='ltr'>possumus</span> <span class='ocrx_word' id='word_1_127' title='bbox 1052 1791 1066 1814; x_wconf 85' lang='lat'><strong>,</strong></span> 
     </span>
     <span class='ocr_line' id='line_1_20' title="bbox 53 1836 1070 1903; baseline -0.001 -18"><span class='ocrx_word' id='word_1_128' title='bbox 53 1837 178 1903; x_wconf 89' lang='lat' dir='ltr'>quod</span> <span class='ocrx_word' id='word_1_129' title='bbox 207 1837 265 1885; x_wconf 87' lang='lat' dir='ltr'>dc</span> <span class='ocrx_word' id='word_1_130' title='bbox 297 1838 516 1885; x_wconf 82' lang='lat' dir='ltr'>haereticis</span> <span class='ocrx_word' id='word_1_131' title='bbox 547 1836 689 1884; x_wconf 81' lang='lat' dir='ltr'>aetatis</span> <span class='ocrx_word' id='word_1_132' title='bbox 710 1853 805 1884; x_wconf 88' lang='lat' dir='ltr'>suae</span> <span class='ocrx_word' id='word_1_133' title='bbox 839 1837 1070 1885; x_wconf 83' lang='lat' dir='ltr'>scribebat</span> 
     </span>
     <span class='ocr_line' id='line_1_21' title="bbox 49 1915 1066 1982; baseline -0.001 -16"><span class='ocrx_word' id='word_1_134' title='bbox 49 1915 323 1967; x_wconf 83' lang='lat' dir='ltr'>Anastasius</span> <span class='ocrx_word' id='word_1_135' title='bbox 372 1918 548 1966; x_wconf 87' lang='lat' dir='ltr'>Sinaita</span> <span class='ocrx_word' id='word_1_136' title='bbox 571 1957 586 1981; x_wconf 80' lang='lat'>,</span> <span class='ocrx_word' id='word_1_137' title='bbox 638 1921 688 1966; x_wconf 90' lang='lat' dir='ltr'>in</span> <span class='ocrx_word' id='word_1_138' title='bbox 736 1936 815 1982; x_wconf 88' lang='lat' dir='ltr'>op.</span> <span class='ocrx_word' id='word_1_139' title='bbox 870 1921 945 1966; x_wconf 89' lang='lat' dir='ltr'>cui</span> <span class='ocrx_word' id='word_1_140' title='bbox 993 1922 1066 1972; x_wconf 78' lang='lat' dir='ltr'>tit.</span> 
     </span>
     <span class='ocr_line' id='line_1_22' title="bbox 50 1997 1068 2060; baseline 0 -13"><span class='ocrx_word' id='word_1_141' title='bbox 50 1997 268 2060; x_wconf 70' lang='grc' dir='ltr'>Ὀδηγᾶς,</span> <span class='ocrx_word' id='word_1_142' title='bbox 293 2019 372 2050; x_wconf 89' lang='lat' dir='ltr'>seu</span> <span class='ocrx_word' id='word_1_143' title='bbox 396 1998 508 2048; x_wconf 74' lang='lat' dir='ltr'>Dux</span> <span class='ocrx_word' id='word_1_144' title='bbox 523 2001 643 2059; x_wconf 79' lang='lat' dir='ltr'>viae,</span> <span class='ocrx_word' id='word_1_145' title='bbox 676 1999 929 2049; x_wconf 80' lang='lat' dir='ltr'>Adversus</span> <span class='ocrx_word' id='word_1_146' title='bbox 961 2017 1068 2047; x_wconf 81' lang='lat' dir='ltr'>aee-</span> 
     </span>
     <span class='ocr_line' id='line_1_23' title="bbox 43 2080 1064 2146; baseline 0.003 -19"><span class='ocrx_word' id='word_1_147' title='bbox 43 2080 363 2146; x_wconf 78' lang='lat' dir='ltr'>phalos,cap.</span> <span class='ocrx_word' id='word_1_148' title='bbox 397 2082 473 2142; x_wconf 80' lang='lat'>13,</span> <span class='ocrx_word' id='word_1_149' title='bbox 503 2081 877 2145; x_wconf 83' lang='lat' dir='ltr'>edit.Ingolstad.</span> <span class='ocrx_word' id='word_1_150' title='bbox 907 2080 1064 2143; x_wconf 84' lang='lat'>1606,</span> 
     </span>
     <span class='ocr_line' id='line_1_24' title="bbox 50 2160 290 2227; baseline -0.004 -17"><span class='ocrx_word' id='word_1_151' title='bbox 50 2179 157 2227; x_wconf 84' lang='lat' dir='ltr'>pag.</span> <span class='ocrx_word' id='word_1_152' title='bbox 194 2160 290 2225; x_wconf 71' lang='lat'>240</span> 
     </span>
     <span class='ocr_line' id='line_1_25' title="bbox 55 2239 1065 2312; baseline 0.003 -21"><span class='ocrx_word' id='word_1_153' title='bbox 55 2239 243 2292; x_wconf 64' lang='grc' dir='ltr'>ἑοῖκοιστν</span> <span class='ocrx_word' id='word_1_154' title='bbox 269 2241 622 2308; x_wconf 60' lang='grc' dir='ltr'>μονοφθάλμοις</span> <span class='ocrx_word' id='word_1_155' title='bbox 641 2242 756 2294; x_wconf 68' lang='lat' dir='ltr'>veo-&gt;v</span> <span class='ocrx_word' id='word_1_156' title='bbox 785 2241 1035 2312; x_wconf 65' lang='grc' dir='ltr'><strong><em>οἷνθρῶποις</em></strong></span> <span class='ocrx_word' id='word_1_157' title='bbox 1050 2285 1065 2309; x_wconf 83' lang='grc'>,</span> 
     </span>
    </p>
   </div>
   <div class='ocr_carea' id='block_1_8' title="bbox 333 2161 1066 2228">
    <p class='ocr_par' dir='ltr' id='par_1_8' title="bbox 333 2161 1066 2228">
     <span class='ocr_line' id='line_1_26' title="bbox 333 2161 1066 2228; baseline 0.005 -18"><span class='ocrx_word' id='word_1_158' title='bbox 333 2179 349 2210; x_wconf 74' lang='lat'>2</span> <span class='ocrx_word' id='word_1_159' title='bbox 384 2163 517 2210; x_wconf 81' lang='grc' dir='ltr'>Ἀλλ’</span> <span class='ocrx_word' id='word_1_160' title='bbox 551 2164 587 2211; x_wconf 80' lang='grc' dir='ltr'>οἱ</span> <span class='ocrx_word' id='word_1_161' title='bbox 631 2164 854 2228; x_wconf 64' lang='lat' dir='ltr'>unipes-exiit</span> <span class='ocrx_word' id='word_1_162' title='bbox 899 2161 1022 2212; x_wconf 64' lang='grc' dir='ltr'>παῖδ’</span> <span class='ocrx_word' id='word_1_163' title='bbox 1025 2185 1066 2216; x_wconf 88' lang='grc' dir='ltr'>ες</span> 
     </span>
    </p>
   </div>
   <div class='ocr_carea' id='block_1_9' title="bbox 51 2323 1068 2394">
    <p class='ocr_par' dir='ltr' id='par_1_9' title="bbox 51 2323 1068 2394">
     <span class='ocr_line' id='line_1_27' title="bbox 51 2323 1068 2394; baseline 0.001 -18"><span class='ocrx_word' id='word_1_164' title='bbox 51 2323 115 2376; x_wconf 52' lang='lat' dir='ltr'>roe*</span> <span class='ocrx_word' id='word_1_165' title='bbox 152 2323 234 2389; x_wconf 70' lang='grc' dir='ltr'>μὲν</span> <span class='ocrx_word' id='word_1_166' title='bbox 268 2335 349 2375; x_wconf 57' lang='grc' dir='ltr'>τῦ,</span> <span class='ocrx_word' id='word_1_167' title='bbox 396 2323 592 2393; x_wconf 70' lang='grc' dir='ltr'>πατέρων</span> <span class='ocrx_word' id='word_1_168' title='bbox 629 2330 956 2394; x_wconf 60' lang='grc' dir='ltr'>καθαιροῦντες,</span> <span class='ocrx_word' id='word_1_169' title='bbox 1007 2325 1068 2377; x_wconf 68' lang='grc' dir='ltr'>τοὶ</span> 
     </span>
    </p>
   </div>
   <div class='ocr_carea' id='block_1_10' title="bbox 50 2407 1095 2483">
    <p class='ocr_par' dir='ltr' id='par_1_10' title="bbox 50 2407 1095 2483">
     <span class='ocr_line' id='line_1_28' title="bbox 50 2407 1095 2483; baseline -0.002 -25"><span class='ocrx_word' id='word_1_170' title='bbox 50 2407 108 2458; x_wconf 61' lang='grc' dir='ltr'>δὲ</span> <span class='ocrx_word' id='word_1_171' title='bbox 139 2415 427 2476; x_wconf 57' lang='grc' dir='ltr'>παρορῶντες</span> <span class='ocrx_word' id='word_1_172' title='bbox 450 2448 462 2470; x_wconf 89' lang='grc'><strong>,</strong></span> <span class='ocrx_word' id='word_1_173' title='bbox 503 2428 673 2474; x_wconf 85' lang='lat' dir='ltr'>nempe</span> <span class='ocrx_word' id='word_1_174' title='bbox 706 2426 720 2459; x_wconf 71' lang='grc' dir='ltr'>ἕ</span> <span class='ocrx_word' id='word_1_175' title='bbox 754 2409 828 2458; x_wconf 86' lang='lat' dir='ltr'>Et</span> <span class='ocrx_word' id='word_1_176' title='bbox 851 2410 1095 2483; x_wconf 35' lang='lat' dir='ltr'>haeretici‘</span> 
     </span>
    </p>
   </div>
   <div class='ocr_carea' id='block_1_11' title="bbox 36 2492 1069 3702">
    <p class='ocr_par' dir='ltr' id='par_1_11' title="bbox 36 2492 1069 3621">
     <span class='ocr_line' id='line_1_29' title="bbox 46 2492 1069 2558; baseline 0.001 -18"><span class='ocrx_word' id='word_1_177' title='bbox 46 2492 236 2557; x_wconf 76' lang='lat' dir='ltr'>quidem</span> <span class='ocrx_word' id='word_1_178' title='bbox 271 2493 453 2540; x_wconf 80' lang='lat' dir='ltr'>similes</span> <span class='ocrx_word' id='word_1_179' title='bbox 472 2501 588 2539; x_wconf 77' lang='lat' dir='ltr'>sunt</span> <span class='ocrx_word' id='word_1_180' title='bbox 615 2492 881 2541; x_wconf 76' lang='lat' dir='ltr'>monoculis</span> <span class='ocrx_word' id='word_1_181' title='bbox 893 2510 916 2554; x_wconf 81' lang='lat'>,⁰</span> <span class='ocrx_word' id='word_1_182' title='bbox 938 2510 1069 2558; x_wconf 80' lang='lat' dir='ltr'>quae-</span> 
     </span>
     <span class='ocr_line' id='line_1_30' title="bbox 45 2572 1066 2638; baseline 0.001 -17"><span class='ocrx_word' id='word_1_183' title='bbox 45 2574 156 2623; x_wconf 83' lang='lat' dir='ltr'>dam</span> <span class='ocrx_word' id='word_1_184' title='bbox 173 2576 304 2623; x_wconf 78' lang='lat' dir='ltr'>enim</span> <span class='ocrx_word' id='word_1_185' title='bbox 327 2572 534 2622; x_wconf 77' lang='lat' dir='ltr'>Petrum</span> <span class='ocrx_word' id='word_1_186' title='bbox 567 2575 721 2638; x_wconf 89' lang='lat' dir='ltr'>(idem</span> <span class='ocrx_word' id='word_1_187' title='bbox 746 2574 821 2622; x_wconf 91' lang='lat' dir='ltr'>dic</span> <span class='ocrx_word' id='word_1_188' title='bbox 851 2575 909 2623; x_wconf 87' lang='lat' dir='ltr'>de</span> <span class='ocrx_word' id='word_1_189' title='bbox 938 2574 1066 2622; x_wconf 87' lang='lat' dir='ltr'>Scri-</span> 
     </span>
     <span class='ocr_line' id='line_1_31' title="bbox 45 2654 1065 2723; baseline 0 -19"><span class='ocrx_word' id='word_1_190' title='bbox 45 2660 191 2723; x_wconf 86' lang='lat' dir='ltr'>pturis</span> <span class='ocrx_word' id='word_1_191' title='bbox 221 2657 236 2719; x_wconf 89' lang='lat'><strong>)</strong></span> <span class='ocrx_word' id='word_1_192' title='bbox 283 2656 412 2704; x_wconf 78' lang='lat' dir='ltr'>diota</span> <span class='ocrx_word' id='word_1_193' title='bbox 460 2654 779 2720; x_wconf 65' lang='lat' dir='ltr'>intelliqun23</span> <span class='ocrx_word' id='word_1_194' title='bbox 818 2655 920 2704; x_wconf 84' lang='lat' dir='ltr'>alia</span> <span class='ocrx_word' id='word_1_195' title='bbox 957 2673 1065 2704; x_wconf 80' lang='lat' dir='ltr'>vero</span> 
     </span>
     <span class='ocr_line' id='line_1_32' title="bbox 36 2738 1063 2805; baseline 0.002 -20"><span class='ocrx_word' id='word_1_196' title='bbox 36 2744 348 2805; x_wconf 77' lang='lat' dir='ltr'>praetereunt.</span> <span class='ocrx_word' id='word_1_197' title='bbox 382 2738 601 2798; x_wconf 84' lang='lat' dir='ltr'>Etenim,</span> <span class='ocrx_word' id='word_1_198' title='bbox 633 2741 670 2786; x_wconf 88' lang='lat' dir='ltr'>si</span> <span class='ocrx_word' id='word_1_199' title='bbox 708 2739 837 2787; x_wconf 91' lang='lat' dir='ltr'>hunc</span> <span class='ocrx_word' id='word_1_200' title='bbox 869 2740 1063 2787; x_wconf 89' lang='lat' dir='ltr'>unicum</span> 
     </span>
     <span class='ocr_line' id='line_1_33' title="bbox 42 2819 1065 2886; baseline 0.001 -18"><span class='ocrx_word' id='word_1_201' title='bbox 42 2821 198 2870; x_wconf 90' lang='lat' dir='ltr'>locum</span> <span class='ocrx_word' id='word_1_202' title='bbox 218 2822 418 2886; x_wconf 83' lang='lat' dir='ltr'>excipias</span> <span class='ocrx_word' id='word_1_203' title='bbox 444 2819 597 2868; x_wconf 86' lang='lat' dir='ltr'>Galat.</span> <span class='ocrx_word' id='word_1_204' title='bbox 630 2837 665 2866; x_wconf 85' lang='lat'>11</span> <span class='ocrx_word' id='word_1_205' title='bbox 683 2857 696 2878; x_wconf 89' lang='lat'>‚</span> <span class='ocrx_word' id='word_1_206' title='bbox 721 2836 772 2885; x_wconf 87' lang='lat'>9,</span> <span class='ocrx_word' id='word_1_207' title='bbox 803 2829 850 2868; x_wconf 90' lang='lat' dir='ltr'>et</span> <span class='ocrx_word' id='word_1_208' title='bbox 873 2821 1065 2886; x_wconf 88' lang='lat' dir='ltr'>quidem</span> 
     </span>
     <span class='ocr_line' id='line_1_34' title="bbox 44 2902 1064 2968; baseline 0 -17"><span class='ocrx_word' id='word_1_209' title='bbox 44 2903 360 2968; x_wconf 89' lang='lat' dir='ltr'>probabilibus</span> <span class='ocrx_word' id='word_1_210' title='bbox 388 2903 445 2951; x_wconf 90' lang='lat' dir='ltr'>de</span> <span class='ocrx_word' id='word_1_211' title='bbox 463 2905 642 2963; x_wconf 87' lang='lat' dir='ltr'>causis,</span> <span class='ocrx_word' id='word_1_212' title='bbox 675 2902 870 2968; x_wconf 86' lang='lat' dir='ltr'>ubique,</span> <span class='ocrx_word' id='word_1_213' title='bbox 901 2905 1064 2951; x_wconf 84' lang='lat' dir='ltr'>sivein</span> 
     </span>
     <span class='ocr_line' id='line_1_35' title="bbox 47 2983 1061 3050; baseline 0.003 -19"><span class='ocrx_word' id='word_1_214' title='bbox 47 2983 336 3050; x_wconf 73' lang='lat' dir='ltr'>Evangeffis,</span> <span class='ocrx_word' id='word_1_215' title='bbox 373 2989 467 3033; x_wconf 89' lang='lat' dir='ltr'>sive</span> <span class='ocrx_word' id='word_1_216' title='bbox 509 2987 555 3032; x_wconf 90' lang='lat' dir='ltr'>in</span> <span class='ocrx_word' id='word_1_217' title='bbox 600 2984 702 3032; x_wconf 90' lang='lat' dir='ltr'>aliis</span> <span class='ocrx_word' id='word_1_218' title='bbox 740 2983 856 3031; x_wconf 88' lang='lat' dir='ltr'>Novi</span> <span class='ocrx_word' id='word_1_219' title='bbox 902 2984 1061 3034; x_wconf 86' lang='lat' dir='ltr'>Testa-</span> 
     </span>
     <span class='ocr_line' id='line_1_36' title="bbox 48 3064 1060 3125; baseline 0.003 -13"><span class='ocrx_word' id='word_1_220' title='bbox 48 3069 190 3114; x_wconf 80' lang='lat' dir='ltr'>menti</span> <span class='ocrx_word' id='word_1_221' title='bbox 215 3067 370 3125; x_wconf 86' lang='lat' dir='ltr'>libris,</span> <span class='ocrx_word' id='word_1_222' title='bbox 396 3067 477 3115; x_wconf 90' lang='lat' dir='ltr'>ubi</span> <span class='ocrx_word' id='word_1_223' title='bbox 506 3069 679 3115; x_wconf 84' lang='lat' dir='ltr'>mentio</span> <span class='ocrx_word' id='word_1_224' title='bbox 715 3066 768 3112; x_wconf 83' lang='lat' dir='ltr'>fit</span> <span class='ocrx_word' id='word_1_225' title='bbox 798 3064 918 3114; x_wconf 79' lang='lat' dir='ltr'>Petri</span> <span class='ocrx_word' id='word_1_226' title='bbox 947 3067 1060 3115; x_wconf 88' lang='lat' dir='ltr'>alio-</span> 
     </span>
     <span class='ocr_line' id='line_1_37' title="bbox 49 3148 1062 3216; baseline 0.004 -23"><span class='ocrx_word' id='word_1_227' title='bbox 49 3164 244 3214; x_wconf 84' lang='lat' dir='ltr'>rumque</span> <span class='ocrx_word' id='word_1_228' title='bbox 280 3148 599 3216; x_wconf 84' lang='lat' dir='ltr'>Apostolorum</span> <span class='ocrx_word' id='word_1_229' title='bbox 626 3184 641 3211; x_wconf 87' lang='lat'>,</span> <span class='ocrx_word' id='word_1_230' title='bbox 682 3158 945 3197; x_wconf 86' lang='lat' dir='ltr'>constanter</span> <span class='ocrx_word' id='word_1_231' title='bbox 975 3148 1062 3197; x_wconf 91' lang='lat' dir='ltr'>Pe-</span> 
     </span>
     <span class='ocr_line' id='line_1_38' title="bbox 47 3232 1061 3293; baseline 0.005 -19"><span class='ocrx_word' id='word_1_232' title='bbox 47 3237 140 3276; x_wconf 85' lang='lat' dir='ltr'>trus</span> <span class='ocrx_word' id='word_1_233' title='bbox 171 3232 320 3293; x_wconf 85' lang='lat' dir='ltr'>primo</span> <span class='ocrx_word' id='word_1_234' title='bbox 356 3232 456 3280; x_wconf 84' lang='lat' dir='ltr'>loeo</span> <span class='ocrx_word' id='word_1_235' title='bbox 503 3242 805 3293; x_wconf 85' lang='lat' dir='ltr'>recensetur;</span> <span class='ocrx_word' id='word_1_236' title='bbox 852 3237 1061 3280; x_wconf 84' lang='lat' dir='ltr'>attamen</span> 
     </span>
     <span class='ocr_line' id='line_1_39' title="bbox 47 3311 1055 3378; baseline 0.005 -22"><span class='ocrx_word' id='word_1_237' title='bbox 47 3312 156 3375; x_wconf 90' lang='lat' dir='ltr'>quia</span> <span class='ocrx_word' id='word_1_238' title='bbox 187 3311 262 3358; x_wconf 89' lang='lat' dir='ltr'>hic</span> <span class='ocrx_word' id='word_1_239' title='bbox 283 3314 429 3374; x_wconf 87' lang='lat' dir='ltr'>primo</span> <span class='ocrx_word' id='word_1_240' title='bbox 467 3314 568 3362; x_wconf 91' lang='lat' dir='ltr'>loco</span> <span class='ocrx_word' id='word_1_241' title='bbox 609 3316 797 3378; x_wconf 89' lang='lat' dir='ltr'>ponitur</span> <span class='ocrx_word' id='word_1_242' title='bbox 822 3312 1020 3361; x_wconf 87' lang='lat' dir='ltr'>Jacobus</span> <span class='ocrx_word' id='word_1_243' title='bbox 1042 3351 1055 3372; x_wconf 89' lang='lat'>‚</span> 
     </span>
     <span class='ocr_line' id='line_1_40' title="bbox 45 3379 1060 3456; baseline 0.006 -18"><span class='ocrx_word' id='word_1_244' title='bbox 45 3379 215 3440; x_wconf 83' lang='lat' dir='ltr'>deinde</span> <span class='ocrx_word' id='word_1_245' title='bbox 247 3391 423 3456; x_wconf 88' lang='lat' dir='ltr'>Cephas</span> <span class='ocrx_word' id='word_1_246' title='bbox 454 3398 719 3444; x_wconf 87' lang='lat' dir='ltr'>nominatur</span> <span class='ocrx_word' id='word_1_247' title='bbox 738 3433 750 3454; x_wconf 89' lang='lat'>‚</span> <span class='ocrx_word' id='word_1_248' title='bbox 776 3406 923 3444; x_wconf 89' lang='lat' dir='ltr'>cetera</span> <span class='ocrx_word' id='word_1_249' title='bbox 958 3413 1060 3444; x_wconf 89' lang='lat' dir='ltr'>om-</span> 
     </span>
     <span class='ocr_line' id='line_1_41' title="bbox 46 3476 1054 3539; baseline 0.007 -19"><span class='ocrx_word' id='word_1_250' title='bbox 46 3476 122 3521; x_wconf 88' lang='lat' dir='ltr'>nia</span> <span class='ocrx_word' id='word_1_251' title='bbox 151 3476 412 3523; x_wconf 84' lang='lat' dir='ltr'>testimonia</span> <span class='ocrx_word' id='word_1_252' title='bbox 449 3487 769 3539; x_wconf 84' lang='lat' dir='ltr'>praetereuntes</span> <span class='ocrx_word' id='word_1_253' title='bbox 786 3514 801 3536; x_wconf 92' lang='lat'>,</span> <span class='ocrx_word' id='word_1_254' title='bbox 829 3478 1054 3538; x_wconf 82' lang='lat' dir='ltr'>inferunt,</span> 
     </span>
     <span class='ocr_line' id='line_1_42' title="bbox 42 3544 923 3621; baseline 0.006 -17"><span class='ocrx_word' id='word_1_255' title='bbox 42 3555 269 3604; x_wconf 83' lang='lat' dir='ltr'>Jacobum</span> <span class='ocrx_word' id='word_1_256' title='bbox 294 3559 572 3621; x_wconf 88' lang='lat' dir='ltr'>superiorem</span> <span class='ocrx_word' id='word_1_257' title='bbox 595 3559 735 3608; x_wconf 81' lang='lat' dir='ltr'>fuisse</span> <span class='ocrx_word' id='word_1_258' title='bbox 752 3559 886 3609; x_wconf 88' lang='lat' dir='ltr'>Petro</span> <span class='ocrx_word' id='word_1_259' title='bbox 902 3544 923 3609; x_wconf 74' lang='lat' dir='ltr'>!v</span> 
     </span>
    </p>

    <p class='ocr_par' dir='ltr' id='par_1_12' title="bbox 107 3636 1056 3702">
     <span class='ocr_line' id='line_1_43' title="bbox 107 3636 1056 3702; baseline 0.007 -19"><span class='ocrx_word' id='word_1_260' title='bbox 107 3637 176 3702; x_wconf 95' lang='lat' dir='ltr'>(l)</span> <span class='ocrx_word' id='word_1_261' title='bbox 214 3637 309 3685; x_wconf 85' lang='lat' dir='ltr'>Cfr.</span> <span class='ocrx_word' id='word_1_262' title='bbox 327 3638 546 3688; x_wconf 85' lang='lat' dir='ltr'>Emman.</span> <span class='ocrx_word' id='word_1_263' title='bbox 578 3636 875 3692; x_wconf 83' lang='lat' dir='ltr'>Schelstraete</span> <span class='ocrx_word' id='word_1_264' title='bbox 902 3658 917 3689; x_wconf 73' lang='grc' dir='ltr'><strong><em>ε</em></strong></span> <span class='ocrx_word' id='word_1_265' title='bbox 945 3641 1056 3690; x_wconf 78' lang='lat' dir='ltr'>An-</span> 
     </span>
    </p>
   </div>
   <div class='ocr_carea' id='block_1_12' title="bbox 38 3718 1054 3790">
    <p class='ocr_par' dir='ltr' id='par_1_13' title="bbox 38 3718 1054 3790">
     <span class='ocr_line' id='line_1_44' title="bbox 38 3718 1054 3790; baseline 0.006 -24"><span class='ocrx_word' id='word_1_266' title='bbox 38 3721 239 3786; x_wconf 76' lang='lat' dir='ltr'>tiquitas</span> <span class='ocrx_word' id='word_1_267' title='bbox 250 3718 499 3784; x_wconf 65' lang='lat' dir='ltr'>Eoo-Issico,</span> <span class='ocrx_word' id='word_1_268' title='bbox 517 3719 672 3771; x_wconf 84' lang='lat' dir='ltr'>Romae</span> <span class='ocrx_word' id='word_1_269' title='bbox 698 3720 846 3790; x_wconf 85' lang='lat'><strong>1697,</strong></span> <span class='ocrx_word' id='word_1_270' title='bbox 860 3733 980 3774; x_wconf 85' lang='lat' dir='ltr'>tom.</span> <span class='ocrx_word' id='word_1_271' title='bbox 997 3741 1054 3787; x_wconf 81' lang='grc' dir='ltr'>ιι,</span> 
     </span>
    </p>
   </div>
   <div class='ocr_carea' id='block_1_13' title="bbox 1141 1178 2180 3542">
    <p class='ocr_par' dir='ltr' id='par_1_14' title="bbox 1141 1178 2180 3117">
     <span class='ocr_line' id='line_1_45' title="bbox 1152 1178 2180 1253; baseline 0.004 -26"><span class='ocrx_word' id='word_1_272' title='bbox 1152 1179 1332 1228; x_wconf 86' lang='lat' dir='ltr'>dissert.</span> <span class='ocrx_word' id='word_1_273' title='bbox 1353 1198 1398 1237; x_wconf 84' lang='lat' dir='ltr'>v,</span> <span class='ocrx_word' id='word_1_274' title='bbox 1429 1197 1526 1246; x_wconf 89' lang='lat' dir='ltr'>cap.</span> <span class='ocrx_word' id='word_1_275' title='bbox 1545 1178 1603 1230; x_wconf 87' lang='lat'>51</span> <span class='ocrx_word' id='word_1_276' title='bbox 1629 1217 1642 1241; x_wconf 91' lang='lat'>,</span> <span class='ocrx_word' id='word_1_277' title='bbox 1658 1180 1739 1230; x_wconf 87' lang='lat' dir='ltr'>ubi</span> <span class='ocrx_word' id='word_1_278' title='bbox 1762 1181 1985 1241; x_wconf 84' lang='lat' dir='ltr'>ostendit,</span> <span class='ocrx_word' id='word_1_279' title='bbox 2020 1181 2180 1253; x_wconf 82' lang='lat' dir='ltr'>sedem</span> 
     </span>
     <span class='ocr_line' id='line_1_46' title="bbox 1152 1259 2178 1330; baseline 0.004 -22"><span class='ocrx_word' id='word_1_280' title='bbox 1152 1259 1607 1326; x_wconf 85' lang='lat' dir='ltr'>hierosolymitanam</span> <span class='ocrx_word' id='word_1_281' title='bbox 1650 1263 1801 1311; x_wconf 81' lang='lat' dir='ltr'>solum</span> <span class='ocrx_word' id='word_1_282' title='bbox 1846 1264 2037 1313; x_wconf 90' lang='lat' dir='ltr'>honoris</span> <span class='ocrx_word' id='word_1_283' title='bbox 2078 1265 2178 1330; x_wconf 86' lang='lat' dir='ltr'>pri·</span> 
     </span>
     <span class='ocr_line' id='line_1_47' title="bbox 1153 1342 2176 1408; baseline 0.006 -19"><span class='ocrx_word' id='word_1_284' title='bbox 1153 1342 1370 1408; x_wconf 84' lang='lat' dir='ltr'>vilegium</span> <span class='ocrx_word' id='word_1_285' title='bbox 1405 1358 1498 1407; x_wconf 83' lang='lat' dir='ltr'>prae</span> <span class='ocrx_word' id='word_1_286' title='bbox 1533 1347 1704 1392; x_wconf 84' lang='lat' dir='ltr'>caeteris</span> <span class='ocrx_word' id='word_1_287' title='bbox 1735 1343 1986 1393; x_wconf 84' lang='lat' dir='ltr'>Palaestinae</span> <span class='ocrx_word' id='word_1_288' title='bbox 2009 1348 2176 1396; x_wconf 83' lang='lat' dir='ltr'>civita-</span> 
     </span>
     <span class='ocr_line' id='line_1_48' title="bbox 1150 1423 2180 1493; baseline 0.007 -22"><span class='ocrx_word' id='word_1_289' title='bbox 1150 1425 1276 1473; x_wconf 89' lang='lat' dir='ltr'>tibus</span> <span class='ocrx_word' id='word_1_290' title='bbox 1302 1443 1328 1472; x_wconf 91' lang='lat' dir='ltr'>a</span> <span class='ocrx_word' id='word_1_291' title='bbox 1354 1435 1556 1489; x_wconf 87' lang='lat' dir='ltr'>tempore</span> <span class='ocrx_word' id='word_1_292' title='bbox 1576 1425 1681 1473; x_wconf 83' lang='lat' dir='ltr'>AElii</span> <span class='ocrx_word' id='word_1_293' title='bbox 1699 1423 1926 1475; x_wconf 90' lang='lat' dir='ltr'>Hadriani</span> <span class='ocrx_word' id='word_1_294' title='bbox 1943 1445 2090 1493; x_wconf 76' lang='lat' dir='ltr'>usque</span> <span class='ocrx_word' id='word_1_295' title='bbox 2117 1426 2180 1477; x_wconf 76' lang='lat' dir='ltr'>ad</span> 
     </span>
     <span class='ocr_line' id='line_1_49' title="bbox 1151 1507 2174 1575; baseline 0.005 -22"><span class='ocrx_word' id='word_1_296' title='bbox 1151 1509 1304 1572; x_wconf 85' lang='lat' dir='ltr'>quarti</span> <span class='ocrx_word' id='word_1_297' title='bbox 1329 1507 1469 1555; x_wconf 88' lang='lat' dir='ltr'>seculi</span> <span class='ocrx_word' id='word_1_298' title='bbox 1486 1507 1630 1555; x_wconf 88' lang='lat' dir='ltr'>finem</span> <span class='ocrx_word' id='word_1_299' title='bbox 1653 1510 1894 1568; x_wconf 88' lang='lat' dir='ltr'>meruisse,</span> <span class='ocrx_word' id='word_1_300' title='bbox 1920 1519 2022 1573; x_wconf 87' lang='lat' dir='ltr'>post</span> <span class='ocrx_word' id='word_1_301' title='bbox 2038 1509 2174 1575; x_wconf 61' lang='lat' dir='ltr'>quod*</span> 
     </span>
     <span class='ocr_line' id='line_1_50' title="bbox 1151 1587 2171 1654; baseline 0.003 -19"><span class='ocrx_word' id='word_1_302' title='bbox 1151 1598 1333 1653; x_wconf 86' lang='lat' dir='ltr'>tempus</span> <span class='ocrx_word' id='word_1_303' title='bbox 1360 1587 1559 1653; x_wconf 84' lang='lat' dir='ltr'>Cyrillus</span> <span class='ocrx_word' id='word_1_304' title='bbox 1596 1588 1867 1653; x_wconf 83' lang='lat' dir='ltr'>dignitatem</span> <span class='ocrx_word' id='word_1_305' title='bbox 1900 1591 2171 1654; x_wconf 84' lang='lat' dir='ltr'>metropoli-</span> 
     </span>
     <span class='ocr_line' id='line_1_51' title="bbox 1153 1669 2177 1737; baseline 0.004 -20"><span class='ocrx_word' id='word_1_306' title='bbox 1153 1680 1313 1719; x_wconf 86' lang='lat' dir='ltr'>tanam</span> <span class='ocrx_word' id='word_1_307' title='bbox 1338 1706 1355 1730; x_wconf 85' lang='lat'><em>,</em></span> <span class='ocrx_word' id='word_1_308' title='bbox 1400 1669 1604 1718; x_wconf 84' lang='lat' dir='ltr'>Joannes</span> <span class='ocrx_word' id='word_1_309' title='bbox 1651 1688 1759 1719; x_wconf 86' lang='lat' dir='ltr'>vero</span> <span class='ocrx_word' id='word_1_310' title='bbox 1804 1671 2177 1737; x_wconf 81' lang='lat' dir='ltr'>autocephaliam</span> 
     </span>
     <span class='ocr_line' id='line_1_52' title="bbox 1151 1751 2177 1817; baseline 0.005 -18"><span class='ocrx_word' id='word_1_311' title='bbox 1151 1752 1510 1817; x_wconf 78' lang='lat' dir='ltr'>praetenderent.</span> <span class='ocrx_word' id='word_1_312' title='bbox 1554 1751 1675 1801; x_wconf 88' lang='lat' dir='ltr'>Sane</span> <span class='ocrx_word' id='word_1_313' title='bbox 1715 1752 1955 1801; x_wconf 82' lang='lat' dir='ltr'>Nicaenum</span> <span class='ocrx_word' id='word_1_314' title='bbox 1998 1754 2177 1804; x_wconf 90' lang='lat' dir='ltr'>Conci--</span> 
     </span>
     <span class='ocr_line' id='line_1_53' title="bbox 1150 1834 2170 1902; baseline 0.002 -20"><span class='ocrx_word' id='word_1_315' title='bbox 1150 1835 1288 1894; x_wconf 90' lang='lat' dir='ltr'>lium,</span> <span class='ocrx_word' id='word_1_316' title='bbox 1318 1850 1425 1882; x_wconf 88' lang='lat' dir='ltr'>can.</span> <span class='ocrx_word' id='word_1_317' title='bbox 1448 1851 1512 1881; x_wconf 87' lang='lat' dir='ltr'>vn</span> <span class='ocrx_word' id='word_1_318' title='bbox 1530 1871 1542 1894; x_wconf 92' lang='lat'>,</span> <span class='ocrx_word' id='word_1_319' title='bbox 1571 1835 1669 1882; x_wconf 84' lang='lat' dir='ltr'>haec</span> <span class='ocrx_word' id='word_1_320' title='bbox 1696 1834 1838 1883; x_wconf 87' lang='lat' dir='ltr'>habet</span> <span class='ocrx_word' id='word_1_321' title='bbox 1859 1850 1873 1883; x_wconf 72' lang='grc' dir='ltr'>ε</span> <span class='ocrx_word' id='word_1_322' title='bbox 1898 1834 2033 1902; x_wconf 81' lang='lat' dir='ltr'>Quia</span> <span class='ocrx_word' id='word_1_323' title='bbox 2059 1852 2170 1885; x_wconf 81' lang='lat' dir='ltr'>eon-</span> 
     </span>
     <span class='ocr_line' id='line_1_54' title="bbox 1149 1915 2174 1984; baseline 0.003 -20"><span class='ocrx_word' id='word_1_324' title='bbox 1149 1915 1348 1964; x_wconf 80' lang='lat' dir='ltr'>suetudo</span> <span class='ocrx_word' id='word_1_325' title='bbox 1395 1916 1605 1964; x_wconf 75' lang='lat' dir='ltr'>obtinuit</span> <span class='ocrx_word' id='word_1_326' title='bbox 1647 1924 1692 1964; x_wconf 84' lang='lat' dir='ltr'>et</span> <span class='ocrx_word' id='word_1_327' title='bbox 1721 1918 1922 1984; x_wconf 79' lang='lat' dir='ltr'>amiqua</span> <span class='ocrx_word' id='word_1_328' title='bbox 1951 1917 2174 1981; x_wconf 71' lang='lat' dir='ltr'>traditio,</span> 
     </span>
     <span class='ocr_line' id='line_1_55' title="bbox 1150 1997 2171 2064; baseline 0.002 -18"><span class='ocrx_word' id='word_1_329' title='bbox 1150 2008 1205 2046; x_wconf 69' lang='lat' dir='ltr'>ut</span> <span class='ocrx_word' id='word_1_330' title='bbox 1219 1999 1378 2047; x_wconf 81' lang='lat' dir='ltr'>AElioe</span> <span class='ocrx_word' id='word_1_331' title='bbox 1395 1997 1667 2064; x_wconf 72' lang='lat' dir='ltr'>Episcopus</span> <span class='ocrx_word' id='word_1_332' title='bbox 1687 1999 1945 2047; x_wconf 79' lang='lat' dir='ltr'>honoretur</span> <span class='ocrx_word' id='word_1_333' title='bbox 1962 2038 1974 2060; x_wconf 95' lang='lat'>‚</span> <span class='ocrx_word' id='word_1_334' title='bbox 1996 2000 2171 2051; x_wconf 80' lang='lat' dir='ltr'>habeat</span> 
     </span>
     <span class='ocr_line' id='line_1_56' title="bbox 1149 2081 2169 2145; baseline 0.004 -18"><span class='ocrx_word' id='word_1_335' title='bbox 1149 2081 1346 2129; x_wconf 73' lang='lat' dir='ltr'>honoris</span> <span class='ocrx_word' id='word_1_336' title='bbox 1374 2083 1761 2145; x_wconf 76' lang='lat' dir='ltr'>consequentiam</span> <span class='ocrx_word' id='word_1_337' title='bbox 1784 2119 1797 2141; x_wconf 89' lang='lat'>,</span> <span class='ocrx_word' id='word_1_338' title='bbox 1830 2081 1964 2130; x_wconf 84' lang='lat' dir='ltr'>salva</span> <span class='ocrx_word' id='word_1_339' title='bbox 1995 2090 2169 2131; x_wconf 75' lang='lat' dir='ltr'>metro-</span> 
     </span>
     <span class='ocr_line' id='line_1_57' title="bbox 1141 2162 2173 2230; baseline 0.005 -22"><span class='ocrx_word' id='word_1_340' title='bbox 1141 2162 1248 2228; x_wconf 81' lang='lat' dir='ltr'>poli</span> <span class='ocrx_word' id='word_1_341' title='bbox 1265 2163 1470 2228; x_wconf 79' lang='lat' dir='ltr'>propria</span> <span class='ocrx_word' id='word_1_342' title='bbox 1494 2162 1747 2227; x_wconf 77' lang='lat' dir='ltr'>diqnitate.</span> <span class='ocrx_word' id='word_1_343' title='bbox 1785 2162 1966 2228; x_wconf 83' lang='lat' dir='ltr'>Quibus</span> <span class='ocrx_word' id='word_1_344' title='bbox 1993 2175 2173 2230; x_wconf 87' lang='lat' dir='ltr'>postre-</span> 
     </span>
     <span class='ocr_line' id='line_1_58' title="bbox 1149 2245 2173 2297; baseline 0.004 -4"><span class='ocrx_word' id='word_1_345' title='bbox 1149 2247 1239 2293; x_wconf 86' lang='lat' dir='ltr'>mis</span> <span class='ocrx_word' id='word_1_346' title='bbox 1267 2245 1421 2294; x_wconf 83' lang='lat' dir='ltr'>verbis</span> <span class='ocrx_word' id='word_1_347' title='bbox 1445 2245 1597 2294; x_wconf 88' lang='lat' dir='ltr'>Patres</span> <span class='ocrx_word' id='word_1_348' title='bbox 1620 2245 1794 2294; x_wconf 81' lang='lat' dir='ltr'>Nicaeni</span> <span class='ocrx_word' id='word_1_349' title='bbox 1813 2247 1984 2296; x_wconf 87' lang='lat' dir='ltr'>salvam</span> <span class='ocrx_word' id='word_1_350' title='bbox 2009 2248 2173 2297; x_wconf 78' lang='lat' dir='ltr'>volunt</span> 
     </span>
     <span class='ocr_line' id='line_1_59' title="bbox 1151 2327 2170 2395; baseline 0.006 -21"><span class='ocrx_word' id='word_1_351' title='bbox 1151 2328 1416 2392; x_wconf 89' lang='lat' dir='ltr'>metropolis</span> <span class='ocrx_word' id='word_1_352' title='bbox 1434 2327 1736 2377; x_wconf 84' lang='lat' dir='ltr'>Caesareensis</span> <span class='ocrx_word' id='word_1_353' title='bbox 1751 2330 2027 2395; x_wconf 82' lang='lat' dir='ltr'>dignitatem</span> <span class='ocrx_word' id='word_1_354' title='bbox 2049 2368 2062 2390; x_wconf 94' lang='lat'>,</span> <span class='ocrx_word' id='word_1_355' title='bbox 2085 2349 2170 2380; x_wconf 88' lang='lat' dir='ltr'>cu-</span> 
     </span>
     <span class='ocr_line' id='line_1_60' title="bbox 1145 2408 2169 2478; baseline 0.005 -20"><span class='ocrx_word' id='word_1_356' title='bbox 1145 2412 1223 2476; x_wconf 87' lang='lat' dir='ltr'>jus</span> <span class='ocrx_word' id='word_1_357' title='bbox 1255 2408 1576 2477; x_wconf 86' lang='lat' dir='ltr'>Hierosolyma</span> <span class='ocrx_word' id='word_1_358' title='bbox 1609 2421 1721 2459; x_wconf 90' lang='lat' dir='ltr'>tunc</span> <span class='ocrx_word' id='word_1_359' title='bbox 1745 2422 1840 2460; x_wconf 90' lang='lat' dir='ltr'>erat</span> <span class='ocrx_word' id='word_1_360' title='bbox 1861 2412 2169 2478; x_wconf 81' lang='lat' dir='ltr'>suffraganea.</span> 
     </span>
     <span class='ocr_line' id='line_1_61' title="bbox 1149 2491 2169 2558; baseline 0.006 -19"><span class='ocrx_word' id='word_1_361' title='bbox 1149 2491 1358 2541; x_wconf 90' lang='lat' dir='ltr'>Primum</span> <span class='ocrx_word' id='word_1_362' title='bbox 1378 2510 1558 2558; x_wconf 87' lang='lat' dir='ltr'>semper</span> <span class='ocrx_word' id='word_1_363' title='bbox 1584 2493 1739 2541; x_wconf 91' lang='lat' dir='ltr'>locum</span> <span class='ocrx_word' id='word_1_364' title='bbox 1768 2493 1934 2542; x_wconf 88' lang='lat' dir='ltr'>habuit</span> <span class='ocrx_word' id='word_1_365' title='bbox 1961 2493 2169 2545; x_wconf 81' lang='lat' dir='ltr'>Ecclesia</span> 
     </span>
     <span class='ocr_line' id='line_1_62' title="bbox 1147 2572 2170 2641; baseline 0.005 -20"><span class='ocrx_word' id='word_1_366' title='bbox 1147 2572 1359 2622; x_wconf 85' lang='lat' dir='ltr'>Romana</span> <span class='ocrx_word' id='word_1_367' title='bbox 1403 2577 1454 2621; x_wconf 87' lang='lat' dir='ltr'>in</span> <span class='ocrx_word' id='word_1_368' title='bbox 1488 2580 1584 2622; x_wconf 86' lang='lat' dir='ltr'>tota</span> <span class='ocrx_word' id='word_1_369' title='bbox 1622 2577 1926 2641; x_wconf 85' lang='lat' dir='ltr'>antiquitate,</span> <span class='ocrx_word' id='word_1_370' title='bbox 1971 2576 2170 2627; x_wconf 84' lang='lat' dir='ltr'>Alexan-</span> 
     </span>
     <span class='ocr_line' id='line_1_63' title="bbox 1148 2655 2161 2716; baseline 0.006 -13"><span class='ocrx_word' id='word_1_371' title='bbox 1148 2655 1283 2704; x_wconf 88' lang='lat' dir='ltr'>drina</span> <span class='ocrx_word' id='word_1_372' title='bbox 1312 2656 1569 2704; x_wconf 87' lang='lat' dir='ltr'>secundum</span> <span class='ocrx_word' id='word_1_373' title='bbox 1589 2694 1602 2716; x_wconf 86' lang='lat'>,</span> <span class='ocrx_word' id='word_1_374' title='bbox 1639 2659 1825 2704; x_wconf 85' lang='lat' dir='ltr'>tertium</span> <span class='ocrx_word' id='word_1_375' title='bbox 1858 2671 1961 2705; x_wconf 82' lang='lat' dir='ltr'>vero</span> <span class='ocrx_word' id='word_1_376' title='bbox 1997 2658 2161 2708; x_wconf 84' lang='lat' dir='ltr'>Antio-</span> 
     </span>
     <span class='ocr_line' id='line_1_64' title="bbox 1147 2737 2163 2803; baseline 0.006 -19"><span class='ocrx_word' id='word_1_377' title='bbox 1147 2737 1294 2785; x_wconf 87' lang='lat' dir='ltr'>chena</span> <span class='ocrx_word' id='word_1_378' title='bbox 1312 2771 1327 2798; x_wconf 89' lang='lat'><strong><em>,</em></strong></span> <span class='ocrx_word' id='word_1_379' title='bbox 1371 2739 1514 2803; x_wconf 87' lang='lat' dir='ltr'>idque</span> <span class='ocrx_word' id='word_1_380' title='bbox 1559 2740 1610 2786; x_wconf 91' lang='lat' dir='ltr'>in</span> <span class='ocrx_word' id='word_1_381' title='bbox 1650 2739 1877 2787; x_wconf 88' lang='lat' dir='ltr'>honorem</span> <span class='ocrx_word' id='word_1_382' title='bbox 1918 2738 1969 2789; x_wconf 87' lang='lat' dir='ltr'>S.</span> <span class='ocrx_word' id='word_1_383' title='bbox 2009 2739 2163 2803; x_wconf 87' lang='lat' dir='ltr'>Petri,</span> 
     </span>
     <span class='ocr_line' id='line_1_65' title="bbox 1147 2820 2167 2886; baseline 0.006 -19"><span class='ocrx_word' id='word_1_384' title='bbox 1147 2822 1324 2886; x_wconf 53' lang='lat' dir='ltr'>qui‘aut</span> <span class='ocrx_word' id='word_1_385' title='bbox 1341 2822 1392 2867; x_wconf 90' lang='lat' dir='ltr'>in</span> <span class='ocrx_word' id='word_1_386' title='bbox 1416 2820 1506 2867; x_wconf 91' lang='lat' dir='ltr'>illis</span> <span class='ocrx_word' id='word_1_387' title='bbox 1526 2820 1740 2868; x_wconf 87' lang='lat' dir='ltr'>Ecclesiis</span> <span class='ocrx_word' id='word_1_388' title='bbox 1766 2821 1915 2881; x_wconf 88' lang='lat' dir='ltr'>sedit,</span> <span class='ocrx_word' id='word_1_389' title='bbox 1942 2832 2023 2870; x_wconf 88' lang='lat' dir='ltr'>aut</span> <span class='ocrx_word' id='word_1_390' title='bbox 2041 2825 2167 2873; x_wconf 86' lang='lat' dir='ltr'>misit</span> 
     </span>
     <span class='ocr_line' id='line_1_66' title="bbox 1146 2902 2165 2971; baseline 0.007 -21"><span class='ocrx_word' id='word_1_391' title='bbox 1146 2902 1428 2968; x_wconf 86' lang='lat' dir='ltr'>discipulum</span> <span class='ocrx_word' id='word_1_392' title='bbox 1466 2921 1604 2953; x_wconf 90' lang='lat' dir='ltr'>suum</span> <span class='ocrx_word' id='word_1_393' title='bbox 1636 2903 1821 2969; x_wconf 86' lang='lat' dir='ltr'>speciali</span> <span class='ocrx_word' id='word_1_394' title='bbox 1858 2906 2076 2956; x_wconf 82' lang='lat' dir='ltr'>missione</span> <span class='ocrx_word' id='word_1_395' title='bbox 2104 2906 2165 2971; x_wconf 81' lang='lat' dir='ltr'>ad</span> 
     </span>
     <span class='ocr_line' id='line_1_67' title="bbox 1146 2985 2164 3055; baseline 0.007 -24"><span class='ocrx_word' id='word_1_396' title='bbox 1146 3001 1249 3032; x_wconf 85' lang='lat' dir='ltr'>eam</span> <span class='ocrx_word' id='word_1_397' title='bbox 1302 2986 1634 3034; x_wconf 84' lang='lat' dir='ltr'>instituendam</span> <span class='ocrx_word' id='word_1_398' title='bbox 1668 3020 1684 3048; x_wconf 90' lang='lat'>,</span> <span class='ocrx_word' id='word_1_399' title='bbox 1740 2985 1950 3035; x_wconf 88' lang='lat' dir='ltr'>Marcum</span> <span class='ocrx_word' id='word_1_400' title='bbox 1995 3005 2164 3055; x_wconf 84' lang='lat' dir='ltr'>nempe</span> 
     </span>
     <span class='ocr_line' id='line_1_68' title="bbox 1147 3066 1491 3117; baseline 0.012 -4"><span class='ocrx_word' id='word_1_401' title='bbox 1147 3066 1491 3117; x_wconf 81' lang='lat' dir='ltr'>Alexandriam.</span> 
     </span>
    </p>

    <p class='ocr_par' dir='ltr' id='par_1_15' title="bbox 1142 3146 2159 3542">
     <span class='ocr_line' id='line_1_69' title="bbox 1216 3146 2159 3214; baseline 0.01 -20"><span class='ocrx_word' id='word_1_402' title='bbox 1216 3149 1279 3214; x_wconf 53' lang='grc' dir='ltr'>(ᾖ)</span> <span class='ocrx_word' id='word_1_403' title='bbox 1315 3153 1370 3198; x_wconf 82' lang='grc' dir='ltr'>Εἰ</span> <span class='ocrx_word' id='word_1_404' title='bbox 1392 3147 1446 3199; x_wconf 60' lang='grc' dir='ltr'>δὲ</span> <span class='ocrx_word' id='word_1_405' title='bbox 1465 3146 1593 3210; x_wconf 69' lang='grc' dir='ltr'><strong><em>λέγοι</em></strong></span> <span class='ocrx_word' id='word_1_406' title='bbox 1612 3169 1700 3210; x_wconf 75' lang='grc' dir='ltr'>τις,</span> <span class='ocrx_word' id='word_1_407' title='bbox 1724 3154 1819 3204; x_wconf 72' lang='grc' dir='ltr'>πὸς</span> <span class='ocrx_word' id='word_1_408' title='bbox 1836 3147 1901 3200; x_wconf 68' lang='grc' dir='ltr'>οἷν</span> <span class='ocrx_word' id='word_1_409' title='bbox 1918 3152 1941 3200; x_wconf 75' lang='grc' dir='ltr'><em>ὅ</em></span> <span class='ocrx_word' id='word_1_410' title='bbox 1958 3151 2159 3212; x_wconf 71' lang='grc' dir='ltr'><strong><em>Ῑοῖκωβος</em></strong></span> 
     </span>
     <span class='ocr_line' id='line_1_70' title="bbox 1144 3226 2157 3299; baseline 0.005 -20"><span class='ocrx_word' id='word_1_411' title='bbox 1144 3226 1216 3279; x_wconf 62' lang='grc' dir='ltr'>’τὸ</span> <span class='ocrx_word' id='word_1_412' title='bbox 1239 3229 1371 3297; x_wconf 71' lang='grc' dir='ltr'><strong><em>θρόνον</em></strong></span> <span class='ocrx_word' id='word_1_413' title='bbox 1395 3228 1535 3292; x_wconf 72' lang='grc' dir='ltr'><strong><em>ἵλοιβε</em></strong></span> <span class='ocrx_word' id='word_1_414' title='bbox 1555 3237 1637 3281; x_wconf 69' lang='grc' dir='ltr'>τᾶν</span> <span class='ocrx_word' id='word_1_415' title='bbox 1662 3232 2001 3299; x_wconf 67' lang='grc' dir='ltr'>Ἰεροσ-ολόμονς</span> <span class='ocrx_word' id='word_1_416' title='bbox 2027 3236 2157 3284; x_wconf 68' lang='grc' dir='ltr'>ἶκεῖυο</span> 
     </span>
     <span class='ocr_line' id='line_1_71' title="bbox 1143 3309 2154 3383; baseline 0.004 -22"><span class='ocrx_word' id='word_1_417' title='bbox 1143 3309 1195 3362; x_wconf 57' lang='lat'>02⁸»</span> <span class='ocrx_word' id='word_1_418' title='bbox 1231 3313 1429 3379; x_wconf 68' lang='grc' dir='ltr'>εἴποιμι,</span> <span class='ocrx_word' id='word_1_419' title='bbox 1466 3311 1533 3363; x_wconf 70' lang='grc' dir='ltr'>ἔτι</span> <span class='ocrx_word' id='word_1_420' title='bbox 1581 3320 1730 3365; x_wconf 69' lang='grc' dir='ltr'><strong><em>τοῦτον</em></strong></span> <span class='ocrx_word' id='word_1_421' title='bbox 1774 3317 1821 3366; x_wconf 80' lang='grc' dir='ltr'>ου’</span> <span class='ocrx_word' id='word_1_422' title='bbox 1854 3322 1934 3366; x_wconf 67' lang='grc' dir='ltr'>τοῦ</span> <span class='ocrx_word' id='word_1_423' title='bbox 1969 3317 2154 3383; x_wconf 60' lang='grc' dir='ltr'>θρίνου,</span> 
     </span>
     <span class='ocr_line' id='line_1_72' title="bbox 1142 3392 2154 3466; baseline 0.001 -21"><span class='ocrx_word' id='word_1_424' title='bbox 1142 3392 1271 3446; x_wconf 74' lang='grc' dir='ltr'>οἷλλοὶ</span> <span class='ocrx_word' id='word_1_425' title='bbox 1312 3402 1392 3452; x_wconf 67' lang='grc' dir='ltr'>τῆς</span> <span class='ocrx_word' id='word_1_426' title='bbox 1441 3395 1693 3461; x_wconf 73' lang='grc' dir='ltr'><strong><em>οἰκουμένης</em></strong></span> <span class='ocrx_word' id='word_1_427' title='bbox 1738 3397 2036 3466; x_wconf 69' lang='grc' dir='ltr'>ἔχειροτὸνησε</span> <span class='ocrx_word' id='word_1_428' title='bbox 2078 3396 2154 3447; x_wconf 65' lang='grc' dir='ltr'>δι-</span> 
     </span>
     <span class='ocr_line' id='line_1_73' title="bbox 1143 3475 2153 3542; baseline 0.002 -15"><span class='ocrx_word' id='word_1_429' title='bbox 1143 3475 1395 3529; x_wconf 65' lang='grc' dir='ltr'>δάσκαλον.</span> <span class='ocrx_word' id='word_1_430' title='bbox 1418 3480 1528 3528; x_wconf 89' lang='lat' dir='ltr'>Loc.</span> <span class='ocrx_word' id='word_1_431' title='bbox 1559 3483 1640 3530; x_wconf 87' lang='lat' dir='ltr'>cit.</span> <span class='ocrx_word' id='word_1_432' title='bbox 1673 3499 1726 3530; x_wconf 87' lang='lat' dir='ltr'>ex</span> <span class='ocrx_word' id='word_1_433' title='bbox 1758 3484 1916 3531; x_wconf 85' lang='lat' dir='ltr'>Hom.</span> <span class='ocrx_word' id='word_1_434' title='bbox 1938 3495 2153 3542; x_wconf 65' lang='lat' dir='ltr'>tunm,</span> 
     </span>
    </p>
   </div>
   <div class='ocr_carea' id='block_1_14' title="bbox 1139 3560 2152 3695">
    <p class='ocr_par' dir='ltr' id='par_1_16' title="bbox 1139 3560 2152 3695">
     <span class='ocr_line' id='line_1_74' title="bbox 1139 3560 2152 3631; baseline 0.003 -22"><span class='ocrx_word' id='word_1_435' title='bbox 1139 3562 1199 3609; x_wconf 73' lang='lat' dir='ltr'>in</span> <span class='ocrx_word' id='word_1_436' title='bbox 1226 3560 1375 3612; x_wconf 77' lang='lat' dir='ltr'>Joan.</span> <span class='ocrx_word' id='word_1_437' title='bbox 1416 3573 1527 3612; x_wconf 88' lang='lat' dir='ltr'>tom.</span> <span class='ocrx_word' id='word_1_438' title='bbox 1577 3576 1687 3626; x_wconf 74' lang='lat' dir='ltr'>vui,</span> <span class='ocrx_word' id='word_1_439' title='bbox 1728 3582 1831 3631; x_wconf 82' lang='lat' dir='ltr'>pag.</span> <span class='ocrx_word' id='word_1_440' title='bbox 1881 3561 2018 3629; x_wconf 82' lang='lat'><strong>527.&#39;</strong></span> <span class='ocrx_word' id='word_1_441' title='bbox 2042 3563 2152 3613; x_wconf 87' lang='lat' dir='ltr'>edit.</span> 
     </span>
     <span class='ocr_line' id='line_1_75' title="bbox 1140 3642 1309 3695; baseline 0.012 -3"><span class='ocrx_word' id='word_1_442' title='bbox 1140 3642 1309 3695; x_wconf 83' lang='lat' dir='ltr'>Montf.</span> 
     </span>
    </p>
   </div>
  </div>
 </body>
</html>
