<?xml version="1.0" encoding="UTF-8"?>
<!DOCTYPE html PUBLIC "-//W3C//DTD XHTML 1.0 Transitional//EN"
    "http://www.w3.org/TR/xhtml1/DTD/xhtml1-transitional.dtd">
<html xmlns="http://www.w3.org/1999/xhtml" xml:lang="en" lang="en">
 <head>
  <title>
</title>
<meta http-equiv="Content-Type" content="text/html;charset=utf-8" />
  <meta name='ocr-system' content='tesseract 3.04.00' />
  <meta name='ocr-capabilities' content='ocr_page ocr_carea ocr_par ocr_line ocrx_word'/>
</head>
<body>
  <div class='ocr_page' id='page_1' title='image "a603693808perruoft_0462.png"; bbox 0 0 2514 4218; ppageno 0'>
   <div class='ocr_carea' id='block_1_1' title="bbox 282 122 1837 182">
    <p class='ocr_par' dir='ltr' id='par_1_1' title="bbox 282 122 1837 182">
     <span class='ocr_line' id='line_1_1' title="bbox 282 122 1837 182; baseline -0.006 0"><span class='ocrx_word' id='word_1_1' title='bbox 282 122 398 182; x_wconf 80' lang='lat'>450</span> <span class='ocrx_word' id='word_1_2' title='bbox 894 134 1090 174; x_wconf 73' lang='lat' dir='ltr'>rnAcr.</span> <span class='ocrx_word' id='word_1_3' title='bbox 1145 136 1211 169; x_wconf 74' lang='lat' dir='ltr'>nn</span> <span class='ocrx_word' id='word_1_4' title='bbox 1258 133 1407 170; x_wconf 67' lang='lat' dir='ltr'>Locis</span> <span class='ocrx_word' id='word_1_5' title='bbox 1450 132 1837 172; x_wconf 72' lang='lat' dir='ltr'>mnonocmis.</span> 
     </span>
    </p>
   </div>
   <div class='ocr_carea' id='block_1_2' title="bbox 282 275 2455 2668">
    <p class='ocr_par' dir='ltr' id='par_1_2' title="bbox 282 275 2431 647">
     <span class='ocr_line' id='line_1_2' title="bbox 286 275 2428 368; baseline -0.005 -21"><span class='ocrx_word' id='word_1_6' title='bbox 286 291 707 368; x_wconf 76' lang='lat' dir='ltr'>repraesentat3</span> <span class='ocrx_word' id='word_1_7' title='bbox 748 284 873 358; x_wconf 86' lang='lat' dir='ltr'>jam</span> <span class='ocrx_word' id='word_1_8' title='bbox 939 298 1075 337; x_wconf 88' lang='lat' dir='ltr'>vero</span> <span class='ocrx_word' id='word_1_9' title='bbox 1119 275 1275 334; x_wconf 85' lang='lat' dir='ltr'>solus</span> <span class='ocrx_word' id='word_1_10' title='bbox 1316 296 1465 334; x_wconf 91' lang='lat' dir='ltr'>rom.</span> <span class='ocrx_word' id='word_1_11' title='bbox 1511 275 1778 335; x_wconf 85' lang='lat' dir='ltr'><strong>Pontifex</strong></span> <span class='ocrx_word' id='word_1_12' title='bbox 1809 280 1946 355; x_wconf 72' lang='lat' dir='ltr'>jure</span> <span class='ocrx_word' id='word_1_13' title='bbox 1984 277 2187 338; x_wconf 89' lang='lat' dir='ltr'>divino</span> <span class='ocrx_word' id='word_1_14' title='bbox 2228 280 2428 359; x_wconf 84' lang='lat' dir='ltr'>praesi-</span> 
     </span>
     <span class='ocr_line' id='line_1_3' title="bbox 284 369 2431 454; baseline -0.004 -13"><span class='ocrx_word' id='word_1_15' title='bbox 284 383 384 442; x_wconf 90' lang='lat' dir='ltr'>det</span> <span class='ocrx_word' id='word_1_16' title='bbox 412 378 677 438; x_wconf 78' lang='lat' dir='ltr'>Ecclesiae</span> <span class='ocrx_word' id='word_1_17' title='bbox 719 377 1052 446; x_wconf 59' lang='lat' dir='ltr'>universae-3</span> <span class='ocrx_word' id='word_1_18' title='bbox 1088 372 1212 453; x_wconf 87' lang='lat' dir='ltr'>ipse</span> <span class='ocrx_word' id='word_1_19' title='bbox 1250 369 1500 453; x_wconf 84' lang='lat' dir='ltr'>proinde</span> <span class='ocrx_word' id='word_1_20' title='bbox 1545 371 1701 430; x_wconf 83' lang='lat' dir='ltr'>solus</span> <span class='ocrx_word' id='word_1_21' title='bbox 1745 383 1942 453; x_wconf 90' lang='lat' dir='ltr'>potest</span> <span class='ocrx_word' id='word_1_22' title='bbox 1985 374 2293 454; x_wconf 83' lang='lat' dir='ltr'>Episcopos</span> <span class='ocrx_word' id='word_1_23' title='bbox 2333 395 2431 433; x_wconf 90' lang='lat' dir='ltr'>co-</span> 
     </span>
     <span class='ocr_line' id='line_1_4' title="bbox 283 469 2431 558; baseline -0.004 -22"><span class='ocrx_word' id='word_1_24' title='bbox 283 498 435 558; x_wconf 83' lang='lat' dir='ltr'>gere,</span> <span class='ocrx_word' id='word_1_25' title='bbox 452 484 627 555; x_wconf 91' lang='lat' dir='ltr'>atque</span> <span class='ocrx_word' id='word_1_26' title='bbox 647 473 716 531; x_wconf 91' lang='lat' dir='ltr'>iis</span> <span class='ocrx_word' id='word_1_27' title='bbox 734 469 989 530; x_wconf 82' lang='lat' dir='ltr'>collectis</span> <span class='ocrx_word' id='word_1_28' title='bbox 1012 479 1294 549; x_wconf 79' lang='lat' dir='ltr'><strong>tanquam</strong></span> <span class='ocrx_word' id='word_1_29' title='bbox 1318 478 1494 549; x_wconf 86' lang='lat' dir='ltr'>caput</span> <span class='ocrx_word' id='word_1_30' title='bbox 1526 488 1592 526; x_wconf 90' lang='lat' dir='ltr'>ac</span> <span class='ocrx_word' id='word_1_31' title='bbox 1625 488 1934 549; x_wconf 87' lang='lat' dir='ltr'>supremus</span> <span class='ocrx_word' id='word_1_32' title='bbox 1959 481 2159 551; x_wconf 86' lang='lat' dir='ltr'>pastor</span> <span class='ocrx_word' id='word_1_33' title='bbox 2184 490 2431 551; x_wconf 85' lang='lat' dir='ltr'>praeesse</span> 
     </span>
     <span class='ocr_line' id='line_1_5' title="bbox 282 563 1198 647; baseline -0.011 -15"><span class='ocrx_word' id='word_1_34' title='bbox 282 582 342 632; x_wconf 86' lang='lat' dir='ltr'>et</span> <span class='ocrx_word' id='word_1_35' title='bbox 379 591 580 631; x_wconf 89' lang='lat' dir='ltr'>eorum</span> <span class='ocrx_word' id='word_1_36' title='bbox 620 579 746 626; x_wconf 89' lang='lat' dir='ltr'>acta</span> <span class='ocrx_word' id='word_1_37' title='bbox 784 563 1056 647; x_wconf 88' lang='lat' dir='ltr'>probare</span> <span class='ocrx_word' id='word_1_38' title='bbox 1196 630 1198 632; x_wconf 13' lang='lat' dir='ltr'>v</span> 
     </span>
    </p>

    <p class='ocr_par' dir='ltr' id='par_1_3' title="bbox 284 657 2447 2373">
     <span class='ocr_line' id='line_1_6' title="bbox 369 657 2434 742; baseline -0.003 -17"><span class='ocrx_word' id='word_1_39' title='bbox 369 666 507 725; x_wconf 85' lang='lat'>655.</span> <span class='ocrx_word' id='word_1_40' title='bbox 559 662 728 736; x_wconf 82' lang='lat' dir='ltr'>Quod</span> <span class='ocrx_word' id='word_1_41' title='bbox 759 682 898 720; x_wconf 87' lang='lat' dir='ltr'>vero</span> <span class='ocrx_word' id='word_1_42' title='bbox 933 659 1235 742; x_wconf 79' lang='lat' dir='ltr'>speciatim</span> <span class='ocrx_word' id='word_1_43' title='bbox 1263 660 1479 718; x_wconf 82' lang='lat' dir='ltr'>attinet</span> <span class='ocrx_word' id='word_1_44' title='bbox 1505 657 1579 717; x_wconf 88' lang='lat' dir='ltr'>ad</span> <span class='ocrx_word' id='word_1_45' title='bbox 1602 659 2110 720; x_wconf 88' lang='lat' dir='ltr'>confirmationem</span> <span class='ocrx_word' id='word_1_46' title='bbox 2141 660 2434 720; x_wconf 88' lang='lat' dir='ltr'>Concilio-</span> 
     </span>
     <span class='ocr_line' id='line_1_7' title="bbox 287 753 2426 837; baseline -0.003 -15"><span class='ocrx_word' id='word_1_47' title='bbox 287 784 420 823; x_wconf 89' lang='lat' dir='ltr'>rum</span> <span class='ocrx_word' id='word_1_48' title='bbox 455 758 989 829; x_wconf 85' lang='lat' dir='ltr'>oecumenicorum,</span> <span class='ocrx_word' id='word_1_49' title='bbox 1014 755 1177 814; x_wconf 89' lang='lat' dir='ltr'>illam</span> <span class='ocrx_word' id='word_1_50' title='bbox 1208 753 1284 813; x_wconf 88' lang='lat' dir='ltr'>ad</span> <span class='ocrx_word' id='word_1_51' title='bbox 1317 754 1509 813; x_wconf 92' lang='lat' dir='ltr'>solum</span> <span class='ocrx_word' id='word_1_52' title='bbox 1541 757 1691 814; x_wconf 86' lang='lat' dir='ltr'>rom.</span> <span class='ocrx_word' id='word_1_53' title='bbox 1723 755 2070 814; x_wconf 88' lang='lat' dir='ltr'>Pontificem</span> <span class='ocrx_word' id='word_1_54' title='bbox 2098 755 2426 837; x_wconf 89' lang='lat' dir='ltr'>pertinere,</span> 
     </span>
     <span class='ocr_line' id='line_1_8' title="bbox 287 850 2433 941; baseline -0.002 -25"><span class='ocrx_word' id='word_1_55' title='bbox 287 857 610 941; x_wconf 86' lang='lat' dir='ltr'>praesertim</span> <span class='ocrx_word' id='word_1_56' title='bbox 655 854 702 912; x_wconf 88' lang='lat' dir='ltr'>si</span> <span class='ocrx_word' id='word_1_57' title='bbox 734 874 928 934; x_wconf 91' lang='lat' dir='ltr'>neque</span> <span class='ocrx_word' id='word_1_58' title='bbox 960 873 1067 934; x_wconf 86' lang='lat' dir='ltr'>per</span> <span class='ocrx_word' id='word_1_59' title='bbox 1095 872 1156 911; x_wconf 90' lang='lat' dir='ltr'>se</span> <span class='ocrx_word' id='word_1_60' title='bbox 1177 897 1193 920; x_wconf 71' lang='grc'>,</span> <span class='ocrx_word' id='word_1_61' title='bbox 1226 873 1418 932; x_wconf 92' lang='lat' dir='ltr'>neque</span> <span class='ocrx_word' id='word_1_62' title='bbox 1458 873 1565 933; x_wconf 89' lang='lat' dir='ltr'>per</span> <span class='ocrx_word' id='word_1_63' title='bbox 1604 850 1825 932; x_wconf 82' lang='lat' dir='ltr'>legatos</span> <span class='ocrx_word' id='word_1_64' title='bbox 1862 874 1995 911; x_wconf 89' lang='lat' dir='ltr'>suos</span> <span class='ocrx_word' id='word_1_65' title='bbox 2017 852 2227 911; x_wconf 91' lang='lat' dir='ltr'>iisdem</span> <span class='ocrx_word' id='word_1_66' title='bbox 2250 852 2433 912; x_wconf 89' lang='lat' dir='ltr'>inter-</span> 
     </span>
     <span class='ocr_line' id='line_1_9' title="bbox 284 946 2433 1029; baseline -0.002 -17"><span class='ocrx_word' id='word_1_67' title='bbox 284 953 487 1012; x_wconf 86' lang='lat' dir='ltr'>fuisset</span> <span class='ocrx_word' id='word_1_68' title='bbox 515 997 531 1025; x_wconf 66' lang='lat'>,</span> <span class='ocrx_word' id='word_1_69' title='bbox 564 948 775 1008; x_wconf 74' lang='lat' dir='ltr'>exinde</span> <span class='ocrx_word' id='word_1_70' title='bbox 813 958 1080 1021; x_wconf 64' lang='lat' dir='ltr'>constat,</span> <span class='ocrx_word' id='word_1_71' title='bbox 1124 946 1281 1028; x_wconf 91' lang='lat' dir='ltr'>quod</span> <span class='ocrx_word' id='word_1_72' title='bbox 1335 946 1449 1005; x_wconf 88' lang='lat' dir='ltr'>nisi</span> <span class='ocrx_word' id='word_1_73' title='bbox 1495 948 1618 1029; x_wconf 91' lang='lat' dir='ltr'>ipse</span> <span class='ocrx_word' id='word_1_74' title='bbox 1671 946 1994 1006; x_wconf 88' lang='lat' dir='ltr'>Concilium</span> <span class='ocrx_word' id='word_1_75' title='bbox 2042 949 2433 1008; x_wconf 89' lang='lat' dir='ltr'>confirmave-</span> 
     </span>
     <span class='ocr_line' id='line_1_10' title="bbox 286 1041 2432 1126; baseline -0.003 -18"><span class='ocrx_word' id='word_1_76' title='bbox 286 1049 363 1108; x_wconf 85' lang='lat' dir='ltr'>rit</span> <span class='ocrx_word' id='word_1_77' title='bbox 389 1092 404 1111; x_wconf 81' lang='grc'>,</span> <span class='ocrx_word' id='word_1_78' title='bbox 440 1047 562 1106; x_wconf 88' lang='lat' dir='ltr'>sive</span> <span class='ocrx_word' id='word_1_79' title='bbox 601 1043 991 1126; x_wconf 79' lang='lat' dir='ltr'>acceptaverit</span> <span class='ocrx_word' id='word_1_80' title='bbox 1019 1089 1034 1116; x_wconf 40' lang='grc' dir='ltr'>,Ι</span> <span class='ocrx_word' id='word_1_81' title='bbox 1077 1041 1236 1103; x_wconf 89' lang='lat' dir='ltr'>illive</span> <span class='ocrx_word' id='word_1_82' title='bbox 1275 1043 1638 1103; x_wconf 78' lang='lat' dir='ltr'>consenserit</span> <span class='ocrx_word' id='word_1_83' title='bbox 1673 1089 1687 1116; x_wconf 60' lang='lat' dir='ltr'>a</span> <span class='ocrx_word' id='word_1_84' title='bbox 1718 1043 1830 1102; x_wconf 88' lang='lat' dir='ltr'>hoc</span> <span class='ocrx_word' id='word_1_85' title='bbox 1871 1065 2064 1125; x_wconf 88' lang='lat' dir='ltr'>neque</span> <span class='ocrx_word' id='word_1_86' title='bbox 2105 1043 2432 1104; x_wconf 89' lang='lat' dir='ltr'>oecumeni—</span> 
     </span>
     <span class='ocr_line' id='line_1_11' title="bbox 288 1137 2433 1221; baseline -0.003 -18"><span class='ocrx_word' id='word_1_87' title='bbox 288 1165 418 1204; x_wconf 91' lang='lat' dir='ltr'>cum</span> <span class='ocrx_word' id='word_1_88' title='bbox 434 1142 509 1200; x_wconf 91' lang='lat' dir='ltr'>sit</span> <span class='ocrx_word' id='word_1_89' title='bbox 528 1187 543 1216; x_wconf 57' lang='lat' dir='ltr'>a</span> <span class='ocrx_word' id='word_1_90' title='bbox 567 1161 758 1221; x_wconf 90' lang='lat' dir='ltr'>neque</span> <span class='ocrx_word' id='word_1_91' title='bbox 784 1141 847 1198; x_wconf 91' lang='lat' dir='ltr'>in</span> <span class='ocrx_word' id='word_1_92' title='bbox 870 1139 986 1197; x_wconf 90' lang='lat' dir='ltr'>suis</span> <span class='ocrx_word' id='word_1_93' title='bbox 1006 1137 1238 1217; x_wconf 87' lang='lat' dir='ltr'>judiciis</span> <span class='ocrx_word' id='word_1_94' title='bbox 1266 1137 1711 1198; x_wconf 82' lang='lat' dir='ltr'>irreformabile.</span> <span class='ocrx_word' id='word_1_95' title='bbox 1742 1140 1892 1198; x_wconf 89' lang='lat' dir='ltr'>Nam</span> <span class='ocrx_word' id='word_1_96' title='bbox 1912 1150 2153 1199; x_wconf 91' lang='lat' dir='ltr'>eatenus</span> <span class='ocrx_word' id='word_1_97' title='bbox 2179 1138 2433 1199; x_wconf 78' lang='lat' dir='ltr'>liabetur</span> 
     </span>
     <span class='ocr_line' id='line_1_12' title="bbox 289 1232 2437 1317; baseline -0.002 -19"><span class='ocrx_word' id='word_1_98' title='bbox 289 1239 376 1298; x_wconf 92' lang='lat' dir='ltr'>uti</span> <span class='ocrx_word' id='word_1_99' title='bbox 403 1237 832 1298; x_wconf 87' lang='lat' dir='ltr'>oecumenicum</span> <span class='ocrx_word' id='word_1_100' title='bbox 889 1247 948 1294; x_wconf 89' lang='lat' dir='ltr'>et</span> <span class='ocrx_word' id='word_1_101' title='bbox 999 1232 1311 1293; x_wconf 88' lang='lat' dir='ltr'>infallibile</span> <span class='ocrx_word' id='word_1_102' title='bbox 1361 1234 1725 1308; x_wconf 68' lang='lat' dir='ltr'>Concilium,</span> <span class='ocrx_word' id='word_1_103' title='bbox 1775 1247 2063 1317; x_wconf 89' lang='lat' dir='ltr'>quatenus</span> <span class='ocrx_word' id='word_1_104' title='bbox 2121 1234 2437 1294; x_wconf 89' lang='lat' dir='ltr'>Ecclesiam</span> 
     </span>
     <span class='ocr_line' id='line_1_13' title="bbox 287 1329 2428 1414; baseline -0.002 -21"><span class='ocrx_word' id='word_1_105' title='bbox 287 1335 625 1396; x_wconf 86' lang='lat' dir='ltr'>universam</span> <span class='ocrx_word' id='word_1_106' title='bbox 671 1341 1088 1414; x_wconf 61' lang='lat' dir='ltr'>repraesentat„</span> <span class='ocrx_word' id='word_1_107' title='bbox 1140 1330 1234 1390; x_wconf 92' lang='lat' dir='ltr'>cui</span> <span class='ocrx_word' id='word_1_108' title='bbox 1281 1329 1765 1390; x_wconf 86' lang='lat' dir='ltr'>infallibilitatem</span> <span class='ocrx_word' id='word_1_109' title='bbox 1824 1331 2089 1391; x_wconf 87' lang='lat' dir='ltr'>Christus</span> <span class='ocrx_word' id='word_1_110' title='bbox 2137 1331 2428 1414; x_wconf 89' lang='lat' dir='ltr'>promisit.</span> 
     </span>
     <span class='ocr_line' id='line_1_14' title="bbox 291 1426 2439 1509; baseline -0.002 -20"><span class='ocrx_word' id='word_1_111' title='bbox 291 1431 425 1490; x_wconf 87' lang='lat' dir='ltr'>Jam</span> <span class='ocrx_word' id='word_1_112' title='bbox 446 1451 585 1490; x_wconf 87' lang='lat' dir='ltr'>vero</span> <span class='ocrx_word' id='word_1_113' title='bbox 616 1427 742 1487; x_wconf 91' lang='lat' dir='ltr'>sine</span> <span class='ocrx_word' id='word_1_114' title='bbox 762 1450 914 1486; x_wconf 88' lang='lat' dir='ltr'>rom.</span> <span class='ocrx_word' id='word_1_115' title='bbox 942 1426 1255 1498; x_wconf 82' lang='lat' dir='ltr'>Pontifice.,</span> <span class='ocrx_word' id='word_1_116' title='bbox 1292 1427 1392 1508; x_wconf 93' lang='lat' dir='ltr'>qui</span> <span class='ocrx_word' id='word_1_117' title='bbox 1415 1428 1593 1485; x_wconf 90' lang='lat' dir='ltr'>totius</span> <span class='ocrx_word' id='word_1_118' title='bbox 1628 1426 1889 1487; x_wconf 87' lang='lat' dir='ltr'>Ecclesiae</span> <span class='ocrx_word' id='word_1_119' title='bbox 1921 1438 2096 1509; x_wconf 88' lang='lat' dir='ltr'>caput</span> <span class='ocrx_word' id='word_1_120' title='bbox 2118 1437 2207 1487; x_wconf 88' lang='lat' dir='ltr'>est</span> <span class='ocrx_word' id='word_1_121' title='bbox 2234 1473 2249 1501; x_wconf 70' lang='grc'><em>,</em></span> <span class='ocrx_word' id='word_1_122' title='bbox 2286 1428 2439 1486; x_wconf 88' lang='lat' dir='ltr'>Con—</span> 
     </span>
     <span class='ocr_line' id='line_1_15' title="bbox 292 1523 2439 1606; baseline -0.001 -22"><span class='ocrx_word' id='word_1_123' title='bbox 292 1525 490 1585; x_wconf 91' lang='lat' dir='ltr'>cilium</span> <span class='ocrx_word' id='word_1_124' title='bbox 530 1523 835 1606; x_wconf 88' lang='lat' dir='ltr'>quodlibet</span> <span class='ocrx_word' id='word_1_125' title='bbox 880 1534 981 1582; x_wconf 90' lang='lat' dir='ltr'>aut</span> <span class='ocrx_word' id='word_1_126' title='bbox 1020 1524 1453 1583; x_wconf 84' lang='lat' dir='ltr'>oecumenicum</span> <span class='ocrx_word' id='word_1_127' title='bbox 1494 1534 1596 1580; x_wconf 90' lang='lat' dir='ltr'>aut</span> <span class='ocrx_word' id='word_1_128' title='bbox 1627 1534 2058 1605; x_wconf 62' lang='lat' dir='ltr'>repraesentans</span> <span class='ocrx_word' id='word_1_129' title='bbox 2101 1524 2439 1585; x_wconf 83' lang='lat' dir='ltr'>universam</span> 
     </span>
     <span class='ocr_line' id='line_1_16' title="bbox 289 1617 2433 1701; baseline -0.001 -21"><span class='ocrx_word' id='word_1_130' title='bbox 289 1620 598 1680; x_wconf 88' lang='lat' dir='ltr'>Ecclesiam</span> <span class='ocrx_word' id='word_1_131' title='bbox 636 1640 743 1678; x_wconf 91' lang='lat' dir='ltr'>nec</span> <span class='ocrx_word' id='word_1_132' title='bbox 781 1630 905 1693; x_wconf 74' lang='lat' dir='ltr'>est7</span> <span class='ocrx_word' id='word_1_133' title='bbox 946 1639 1054 1677; x_wconf 91' lang='lat' dir='ltr'>nec</span> <span class='ocrx_word' id='word_1_134' title='bbox 1091 1617 1204 1676; x_wconf 91' lang='lat' dir='ltr'>dici</span> <span class='ocrx_word' id='word_1_135' title='bbox 1236 1629 1464 1700; x_wconf 88' lang='lat' dir='ltr'>potest,</span> <span class='ocrx_word' id='word_1_136' title='bbox 1505 1639 1637 1676; x_wconf 90' lang='lat' dir='ltr'>cum</span> <span class='ocrx_word' id='word_1_137' title='bbox 1673 1619 1748 1677; x_wconf 91' lang='lat' dir='ltr'>sit</span> <span class='ocrx_word' id='word_1_138' title='bbox 1784 1640 1996 1701; x_wconf 87' lang='lat' dir='ltr'>corpus</span> <span class='ocrx_word' id='word_1_139' title='bbox 2037 1619 2385 1701; x_wconf 89' lang='lat' dir='ltr'>acephalum</span> <span class='ocrx_word' id='word_1_140' title='bbox 2417 1642 2433 1696; x_wconf 80' lang='lat'>3</span> 
     </span>
     <span class='ocr_line' id='line_1_17' title="bbox 292 1712 2442 1797; baseline -0.002 -20"><span class='ocrx_word' id='word_1_141' title='bbox 292 1738 428 1797; x_wconf 79' lang='lat' dir='ltr'>ergo</span> <span class='ocrx_word' id='word_1_142' title='bbox 459 1716 585 1775; x_wconf 92' lang='lat' dir='ltr'>sine</span> <span class='ocrx_word' id='word_1_143' title='bbox 636 1715 929 1774; x_wconf 89' lang='lat' dir='ltr'>Pontificis</span> <span class='ocrx_word' id='word_1_144' title='bbox 959 1715 1405 1774; x_wconf 87' lang='lat' dir='ltr'>confirmatione</span> <span class='ocrx_word' id='word_1_145' title='bbox 1449 1712 1626 1773; x_wconf 89' lang='lat' dir='ltr'>nullis</span> <span class='ocrx_word' id='word_1_146' title='bbox 1655 1713 1811 1774; x_wconf 82' lang='lat' dir='ltr'>hisce</span> <span class='ocrx_word' id='word_1_147' title='bbox 1843 1716 2243 1797; x_wconf 81' lang='lat' dir='ltr'>praerogativis</span> <span class='ocrx_word' id='word_1_148' title='bbox 2283 1716 2442 1776; x_wconf 81' lang='lat' dir='ltr'>Con·-</span> 
     </span>
     <span class='ocr_line' id='line_1_18' title="bbox 292 1809 2443 1892; baseline -0 -20"><span class='ocrx_word' id='word_1_149' title='bbox 292 1813 489 1872; x_wconf 92' lang='lat' dir='ltr'>cilium</span> <span class='ocrx_word' id='word_1_150' title='bbox 519 1810 731 1892; x_wconf 81' lang='lat' dir='ltr'>gaudet</span> <span class='ocrx_word' id='word_1_151' title='bbox 756 1857 771 1886; x_wconf 70' lang='lat'>‚</span> <span class='ocrx_word' id='word_1_152' title='bbox 810 1810 997 1870; x_wconf 91' lang='lat' dir='ltr'>multo</span> <span class='ocrx_word' id='word_1_153' title='bbox 1035 1832 1173 1871; x_wconf 83' lang='lat' dir='ltr'>vero</span> <span class='ocrx_word' id='word_1_154' title='bbox 1200 1811 1383 1890; x_wconf 81' lang='lat' dir='ltr'>magis</span> <span class='ocrx_word' id='word_1_155' title='bbox 1415 1811 1495 1870; x_wconf 92' lang='lat' dir='ltr'>eis</span> <span class='ocrx_word' id='word_1_156' title='bbox 1534 1809 1887 1870; x_wconf 87' lang='lat' dir='ltr'>destituetur</span> <span class='ocrx_word' id='word_1_157' title='bbox 1911 1856 1928 1887; x_wconf 84' lang='lat'>,</span> <span class='ocrx_word' id='word_1_158' title='bbox 1963 1813 2011 1871; x_wconf 91' lang='lat' dir='ltr'>si</span> <span class='ocrx_word' id='word_1_159' title='bbox 2041 1811 2443 1872; x_wconf 88' lang='lat' dir='ltr'>contradicen-</span> 
     </span>
     <span class='ocr_line' id='line_1_19' title="bbox 292 1906 2445 1990; baseline -0 -22"><span class='ocrx_word' id='word_1_160' title='bbox 292 1921 418 1970; x_wconf 92' lang='lat' dir='ltr'>tem</span> <span class='ocrx_word' id='word_1_161' title='bbox 454 1906 729 1967; x_wconf 89' lang='lat' dir='ltr'>habuerit</span> <span class='ocrx_word' id='word_1_162' title='bbox 771 1908 1135 1967; x_wconf 87' lang='lat' dir='ltr'>Pontificem.</span> <span class='ocrx_word' id='word_1_163' title='bbox 1185 1908 1376 1980; x_wconf 85' lang='lat' dir='ltr'>Quare</span> <span class='ocrx_word' id='word_1_164' title='bbox 1418 1907 1556 1967; x_wconf 87' lang='lat' dir='ltr'>hinc</span> <span class='ocrx_word' id='word_1_165' title='bbox 1608 1908 1827 1966; x_wconf 86' lang='lat' dir='ltr'>factum</span> <span class='ocrx_word' id='word_1_166' title='bbox 1866 1920 1990 1977; x_wconf 64' lang='lat' dir='ltr'>est„</span> <span class='ocrx_word' id='word_1_167' title='bbox 2037 1921 2103 1967; x_wconf 91' lang='lat' dir='ltr'>ut</span> <span class='ocrx_word' id='word_1_168' title='bbox 2137 1930 2445 1990; x_wconf 88' lang='lat' dir='ltr'>nunquam</span> 
     </span>
     <span class='ocr_line' id='line_1_20' title="bbox 296 2003 2447 2084; baseline -0.001 -19"><span class='ocrx_word' id='word_1_169' title='bbox 296 2005 548 2084; x_wconf 86' lang='lat' dir='ltr'>cujusvis</span> <span class='ocrx_word' id='word_1_170' title='bbox 580 2003 819 2063; x_wconf 90' lang='lat' dir='ltr'>Concilii</span> <span class='ocrx_word' id='word_1_171' title='bbox 851 2003 1083 2064; x_wconf 88' lang='lat' dir='ltr'>decreta</span> <span class='ocrx_word' id='word_1_172' title='bbox 1109 2049 1124 2077; x_wconf 75' lang='grc'><em>,</em></span> <span class='ocrx_word' id='word_1_173' title='bbox 1160 2024 1289 2084; x_wconf 85' lang='lat' dir='ltr'>quae</span> <span class='ocrx_word' id='word_1_174' title='bbox 1339 2026 1489 2063; x_wconf 91' lang='lat' dir='ltr'>rom.</span> <span class='ocrx_word' id='word_1_175' title='bbox 1539 2004 1810 2062; x_wconf 84' lang='lat' dir='ltr'>Pontifex</span> <span class='ocrx_word' id='word_1_176' title='bbox 1846 2005 2016 2063; x_wconf 90' lang='lat' dir='ltr'>firma</span> <span class='ocrx_word' id='word_1_177' title='bbox 2064 2025 2129 2063; x_wconf 90' lang='lat' dir='ltr'>ac</span> <span class='ocrx_word' id='word_1_178' title='bbox 2159 2015 2283 2063; x_wconf 89' lang='lat' dir='ltr'>rata</span> <span class='ocrx_word' id='word_1_179' title='bbox 2324 2026 2447 2062; x_wconf 87' lang='lat' dir='ltr'>non</span> 
     </span>
     <span class='ocr_line' id='line_1_21' title="bbox 298 2099 2447 2183; baseline 0 -24"><span class='ocrx_word' id='word_1_180' title='bbox 298 2100 571 2160; x_wconf 88' lang='lat' dir='ltr'>habuerit</span> <span class='ocrx_word' id='word_1_181' title='bbox 597 2144 614 2175; x_wconf 71' lang='lat'>‚</span> <span class='ocrx_word' id='word_1_182' title='bbox 670 2099 852 2160; x_wconf 86' lang='lat' dir='ltr'>veluti</span> <span class='ocrx_word' id='word_1_183' title='bbox 899 2099 1295 2159; x_wconf 87' lang='lat' dir='ltr'>ineluctabilia</span> <span class='ocrx_word' id='word_1_184' title='bbox 1335 2121 1399 2159; x_wconf 91' lang='lat' dir='ltr'>ac</span> <span class='ocrx_word' id='word_1_185' title='bbox 1441 2099 1556 2159; x_wconf 91' lang='lat' dir='ltr'>fide</span> <span class='ocrx_word' id='word_1_186' title='bbox 1604 2099 1803 2161; x_wconf 87' lang='lat' dir='ltr'>divina</span> <span class='ocrx_word' id='word_1_187' title='bbox 1846 2099 2138 2160; x_wconf 89' lang='lat' dir='ltr'>credenda</span> <span class='ocrx_word' id='word_1_188' title='bbox 2181 2111 2447 2183; x_wconf 88' lang='lat' dir='ltr'>suscepta</span> 
     </span>
     <span class='ocr_line' id='line_1_22' title="bbox 298 2195 2442 2279; baseline 0 -24"><span class='ocrx_word' id='word_1_189' title='bbox 298 2196 554 2272; x_wconf 80' lang='lat' dir='ltr'>fuerint3</span> <span class='ocrx_word' id='word_1_190' title='bbox 590 2207 790 2254; x_wconf 88' lang='lat' dir='ltr'>contra</span> <span class='ocrx_word' id='word_1_191' title='bbox 823 2216 959 2255; x_wconf 90' lang='lat' dir='ltr'>vero</span> <span class='ocrx_word' id='word_1_192' title='bbox 996 2206 1284 2277; x_wconf 88' lang='lat' dir='ltr'>tanquam</span> <span class='ocrx_word' id='word_1_193' title='bbox 1327 2195 1526 2255; x_wconf 92' lang='lat' dir='ltr'>divina</span> <span class='ocrx_word' id='word_1_194' title='bbox 1568 2195 1729 2256; x_wconf 88' lang='lat' dir='ltr'>fuere</span> <span class='ocrx_word' id='word_1_195' title='bbox 1761 2209 2030 2278; x_wconf 82' lang='lat' dir='ltr'>recepta,</span> <span class='ocrx_word' id='word_1_196' title='bbox 2062 2219 2194 2279; x_wconf 80' lang='lat' dir='ltr'>quae</span> <span class='ocrx_word' id='word_1_197' title='bbox 2223 2219 2255 2256; x_wconf 89' lang='lat' dir='ltr'>a</span> <span class='ocrx_word' id='word_1_198' title='bbox 2291 2218 2442 2256; x_wconf 89' lang='lat' dir='ltr'>rom.</span> 
     </span>
     <span class='ocr_line' id='line_1_23' title="bbox 303 2290 1387 2373; baseline 0.001 -23"><span class='ocrx_word' id='word_1_199' title='bbox 303 2291 579 2350; x_wconf 88' lang='lat' dir='ltr'>Pontifice</span> <span class='ocrx_word' id='word_1_200' title='bbox 603 2290 843 2350; x_wconf 90' lang='lat' dir='ltr'>fuerunt</span> <span class='ocrx_word' id='word_1_201' title='bbox 876 2291 1218 2351; x_wconf 86' lang='lat' dir='ltr'>confirmata</span> <span class='ocrx_word' id='word_1_202' title='bbox 1270 2291 1387 2373; x_wconf 88' lang='lat'>(1).</span> 
     </span>
    </p>

    <p class='ocr_par' dir='ltr' id='par_1_4' title="bbox 307 2386 2455 2668">
     <span class='ocr_line' id='line_1_24' title="bbox 387 2386 2453 2470; baseline 0.001 -25"><span class='ocrx_word' id='word_1_203' title='bbox 387 2387 526 2446; x_wconf 88' lang='grc'><strong>656.</strong></span> <span class='ocrx_word' id='word_1_204' title='bbox 571 2388 655 2446; x_wconf 77' lang='lat' dir='ltr'>Ex</span> <span class='ocrx_word' id='word_1_205' title='bbox 690 2386 779 2445; x_wconf 85' lang='lat' dir='ltr'>his</span> <span class='ocrx_word' id='word_1_206' title='bbox 806 2398 1003 2469; x_wconf 70' lang='lat' dir='ltr'>patet,</span> <span class='ocrx_word' id='word_1_207' title='bbox 1043 2389 1102 2456; x_wconf 71' lang='lat'>19</span> <span class='ocrx_word' id='word_1_208' title='bbox 1146 2386 1290 2470; x_wconf 91' lang='lat' dir='ltr'>quid</span> <span class='ocrx_word' id='word_1_209' title='bbox 1331 2387 1403 2447; x_wconf 90' lang='lat' dir='ltr'>de</span> <span class='ocrx_word' id='word_1_210' title='bbox 1429 2387 1628 2449; x_wconf 90' lang='lat' dir='ltr'>aulicis</span> <span class='ocrx_word' id='word_1_211' title='bbox 1650 2387 1765 2447; x_wconf 88' lang='lat' dir='ltr'>illis</span> <span class='ocrx_word' id='word_1_212' title='bbox 1791 2388 2172 2470; x_wconf 89' lang='lat' dir='ltr'>scriptoribus</span> <span class='ocrx_word' id='word_1_213' title='bbox 2198 2389 2453 2450; x_wconf 91' lang='lat' dir='ltr'>sentien-</span> 
     </span>
     <span class='ocr_line' id='line_1_25' title="bbox 307 2483 2455 2567; baseline 0 -24"><span class='ocrx_word' id='word_1_214' title='bbox 307 2483 449 2543; x_wconf 90' lang='lat' dir='ltr'>dum</span> <span class='ocrx_word' id='word_1_215' title='bbox 492 2485 566 2543; x_wconf 92' lang='lat' dir='ltr'>sit</span> <span class='ocrx_word' id='word_1_216' title='bbox 595 2530 610 2560; x_wconf 80' lang='lat'>‚</span> <span class='ocrx_word' id='word_1_217' title='bbox 668 2486 768 2567; x_wconf 90' lang='lat' dir='ltr'>qui</span> <span class='ocrx_word' id='word_1_218' title='bbox 812 2490 905 2564; x_wconf 87' lang='lat' dir='ltr'>jus</span> <span class='ocrx_word' id='word_1_219' title='bbox 960 2485 1322 2546; x_wconf 85' lang='lat' dir='ltr'>convocandi</span> <span class='ocrx_word' id='word_1_220' title='bbox 1381 2486 1633 2546; x_wconf 85' lang='lat' dir='ltr'>Concilia</span> <span class='ocrx_word' id='word_1_221' title='bbox 1673 2487 1962 2567; x_wconf 80' lang='lat' dir='ltr'>generalia</span> <span class='ocrx_word' id='word_1_222' title='bbox 2028 2489 2131 2547; x_wconf 90' lang='lat' dir='ltr'>uni</span> <span class='ocrx_word' id='word_1_223' title='bbox 2184 2487 2455 2546; x_wconf 89' lang='lat' dir='ltr'>tribuunt</span> 
     </span>
     <span class='ocr_line' id='line_1_26' title="bbox 307 2580 2452 2668; baseline 0 -29"><span class='ocrx_word' id='word_1_224' title='bbox 307 2580 561 2664; x_wconf 82' lang='lat' dir='ltr'>politicae</span> <span class='ocrx_word' id='word_1_225' title='bbox 602 2584 910 2665; x_wconf 84' lang='lat' dir='ltr'>potestati3</span> <span class='ocrx_word' id='word_1_226' title='bbox 959 2595 1060 2643; x_wconf 91' lang='lat' dir='ltr'>aut</span> <span class='ocrx_word' id='word_1_227' title='bbox 1111 2584 1320 2644; x_wconf 87' lang='lat' dir='ltr'>saltem</span> <span class='ocrx_word' id='word_1_228' title='bbox 1367 2595 1715 2659; x_wconf 74' lang='lat' dir='ltr'>autumant,</span> <span class='ocrx_word' id='word_1_229' title='bbox 1751 2606 1874 2642; x_wconf 90' lang='lat' dir='ltr'>non</span> <span class='ocrx_word' id='word_1_230' title='bbox 1926 2597 2258 2668; x_wconf 87' lang='lat' dir='ltr'>competere</span> <span class='ocrx_word' id='word_1_231' title='bbox 2302 2606 2452 2642; x_wconf 89' lang='lat' dir='ltr'>rom.</span> 
     </span>
    </p>
   </div>
   <div class='ocr_carea' id='block_1_3' title="bbox 309 2679 2456 2855">
    <p class='ocr_par' dir='ltr' id='par_1_5' title="bbox 309 2679 2456 2855">
     <span class='ocr_line' id='line_1_27' title="bbox 309 2679 2456 2764; baseline 0.002 -27"><span class='ocrx_word' id='word_1_232' title='bbox 309 2679 573 2739; x_wconf 89' lang='lat' dir='ltr'>Pontifici</span> <span class='ocrx_word' id='word_1_233' title='bbox 606 2683 700 2758; x_wconf 87' lang='lat' dir='ltr'>jus</span> <span class='ocrx_word' id='word_1_234' title='bbox 748 2679 930 2755; x_wconf 69' lang='lat' dir='ltr'>illud,</span> <span class='ocrx_word' id='word_1_235' title='bbox 972 2681 1082 2739; x_wconf 88' lang='lat' dir='ltr'>nisi</span> <span class='ocrx_word' id='word_1_236' title='bbox 1133 2702 1204 2740; x_wconf 82' lang='lat' dir='ltr'>ex</span> <span class='ocrx_word' id='word_1_237' title='bbox 1248 2682 1420 2740; x_wconf 86' lang='lat' dir='ltr'>tacita</span> <span class='ocrx_word' id='word_1_238' title='bbox 1462 2681 1801 2763; x_wconf 85' lang='lat' dir='ltr'>Principum</span> <span class='ocrx_word' id='word_1_239' title='bbox 1851 2693 2027 2764; x_wconf 86' lang='lat' dir='ltr'>atque</span> <span class='ocrx_word' id='word_1_240' title='bbox 2074 2682 2456 2743; x_wconf 89' lang='lat' dir='ltr'>Ecclesiarum</span> 
     </span>
     <span class='ocr_line' id='line_1_28' title="bbox 310 2775 823 2855; baseline 0.008 -24"><span class='ocrx_word' id='word_1_241' title='bbox 310 2776 690 2835; x_wconf 90' lang='lat' dir='ltr'>consensione</span> <span class='ocrx_word' id='word_1_242' title='bbox 713 2775 823 2855; x_wconf 78' lang='lat'><strong>(2).</strong></span> 
     </span>
    </p>
   </div>
   <div class='ocr_carea' id='block_1_4' title="bbox 319 2994 2468 3720">
    <p class='ocr_par' dir='ltr' id='par_1_6' title="bbox 319 2994 2468 3720">
     <span class='ocr_line' id='line_1_29' title="bbox 386 2994 2460 3063; baseline 0.004 -21"><span class='ocrx_word' id='word_1_243' title='bbox 386 2994 448 3059; x_wconf 89' lang='lat' dir='ltr'>(l)</span> <span class='ocrx_word' id='word_1_244' title='bbox 487 2995 707 3062; x_wconf 86' lang='lat' dir='ltr'>Quinimo</span> <span class='ocrx_word' id='word_1_245' title='bbox 742 2997 1208 3047; x_wconf 82' lang='lat' dir='ltr'>animadvertendum</span> <span class='ocrx_word' id='word_1_246' title='bbox 1238 3009 1305 3048; x_wconf 84' lang='lat' dir='ltr'>est</span> <span class='ocrx_word' id='word_1_247' title='bbox 1327 3037 1340 3058; x_wconf 82' lang='grc'><em>,</em></span> <span class='ocrx_word' id='word_1_248' title='bbox 1499 3000 1566 3063; x_wconf 77' lang='lat'>(2)</span> <span class='ocrx_word' id='word_1_249' title='bbox 1606 2999 1674 3048; x_wconf 76' lang='lat' dir='ltr'>lta</span> <span class='ocrx_word' id='word_1_250' title='bbox 1692 3002 1813 3050; x_wconf 87' lang='lat' dir='ltr'>inter</span> <span class='ocrx_word' id='word_1_251' title='bbox 1830 3011 2003 3051; x_wconf 81' lang='lat' dir='ltr'>ceteros</span> <span class='ocrx_word' id='word_1_252' title='bbox 2019 3003 2159 3051; x_wconf 87' lang='lat' dir='ltr'>sentit</span> <span class='ocrx_word' id='word_1_253' title='bbox 2171 2998 2460 3063; x_wconf 83' lang='lat' dir='ltr'>Febronius‚</span> 
     </span>
     <span class='ocr_line' id='line_1_30' title="bbox 319 3077 2462 3148; baseline 0.003 -23"><span class='ocrx_word' id='word_1_254' title='bbox 319 3077 554 3127; x_wconf 78' lang='lat' dir='ltr'>interdum</span> <span class='ocrx_word' id='word_1_255' title='bbox 574 3080 645 3129; x_wconf 90' lang='lat' dir='ltr'>vel</span> <span class='ocrx_word' id='word_1_256' title='bbox 666 3082 761 3145; x_wconf 85' lang='lat' dir='ltr'>ipsa</span> <span class='ocrx_word' id='word_1_257' title='bbox 776 3080 986 3130; x_wconf 87' lang='lat' dir='ltr'>Concilia</span> <span class='ocrx_word' id='word_1_258' title='bbox 1013 3082 1311 3146; x_wconf 84' lang='lat' dir='ltr'>provincialia</span> <span class='ocrx_word' id='word_1_259' title='bbox 1327 3118 1341 3142; x_wconf 94' lang='lat'>,</span> <span class='ocrx_word' id='word_1_260' title='bbox 1434 3081 1505 3131; x_wconf 90' lang='lat' dir='ltr'>De</span> <span class='ocrx_word' id='word_1_261' title='bbox 1517 3092 1645 3130; x_wconf 72' lang='lat' dir='ltr'>statu</span> <span class='ocrx_word' id='word_1_262' title='bbox 1654 3080 1707 3131; x_wconf 89' lang='lat' dir='ltr'><em>E</em></span> <span class='ocrx_word' id='word_1_263' title='bbox 1708 3082 1890 3132; x_wconf 71' lang='lat' dir='ltr'>cclesiae</span> <span class='ocrx_word' id='word_1_264' title='bbox 1901 3092 1947 3132; x_wconf 75' lang='lat' dir='ltr'>et</span> <span class='ocrx_word' id='word_1_265' title='bbox 1957 3083 2169 3148; x_wconf 75' lang='lat' dir='ltr'>leqitima</span> <span class='ocrx_word' id='word_1_266' title='bbox 2183 3101 2301 3132; x_wconf 86' lang='lat' dir='ltr'>rom.</span> <span class='ocrx_word' id='word_1_267' title='bbox 2313 3083 2462 3132; x_wconf 78' lang='lat' dir='ltr'>Pont-</span> 
     </span>
     <span class='ocr_line' id='line_1_31' title="bbox 320 3159 2466 3232; baseline 0.004 -25"><span class='ocrx_word' id='word_1_268' title='bbox 320 3159 590 3210; x_wconf 85' lang='lat' dir='ltr'>confirmata</span> <span class='ocrx_word' id='word_1_269' title='bbox 632 3181 657 3211; x_wconf 89' lang='lat' dir='ltr'>a</span> <span class='ocrx_word' id='word_1_270' title='bbox 694 3181 815 3212; x_wconf 88' lang='lat' dir='ltr'>rom.</span> <span class='ocrx_word' id='word_1_271' title='bbox 847 3163 1070 3213; x_wconf 84' lang='lat' dir='ltr'>Pontifice</span> <span class='ocrx_word' id='word_1_272' title='bbox 1091 3202 1103 3225; x_wconf 89' lang='lat'>‚</span> <span class='ocrx_word' id='word_1_273' title='bbox 1138 3167 1343 3213; x_wconf 86' lang='lat' dir='ltr'>auctori·</span> <span class='ocrx_word' id='word_1_274' title='bbox 1421 3174 1652 3232; x_wconf 73' lang='lat' dir='ltr'>potestate</span> <span class='ocrx_word' id='word_1_275' title='bbox 1674 3201 1688 3227; x_wconf 90' lang='lat'>,</span> <span class='ocrx_word' id='word_1_276' title='bbox 1726 3182 1830 3231; x_wconf 88' lang='lat' dir='ltr'>cap.</span> <span class='ocrx_word' id='word_1_277' title='bbox 1873 3163 1906 3212; x_wconf 89' lang='lat'>6</span> <span class='ocrx_word' id='word_1_278' title='bbox 1926 3203 1939 3226; x_wconf 88' lang='lat'><strong>‚</strong></span> <span class='ocrx_word' id='word_1_279' title='bbox 1976 3164 2030 3232; x_wconf 50' lang='grc' dir='ltr'>ὃς</span> <span class='ocrx_word' id='word_1_280' title='bbox 2058 3183 2087 3214; x_wconf 86' lang='lat'>2</span> <span class='ocrx_word' id='word_1_281' title='bbox 2118 3176 2164 3214; x_wconf 90' lang='lat' dir='ltr'>et</span> <span class='ocrx_word' id='word_1_282' title='bbox 2192 3167 2249 3226; x_wconf 81' lang='lat'>3,</span> <span class='ocrx_word' id='word_1_283' title='bbox 2292 3177 2337 3216; x_wconf 89' lang='lat' dir='ltr'>et</span> <span class='ocrx_word' id='word_1_284' title='bbox 2364 3176 2466 3232; x_wconf 76' lang='lat' dir='ltr'>post</span> 
     </span>
     <span class='ocr_line' id='line_1_32' title="bbox 321 3243 2465 3316; baseline 0.004 -27"><span class='ocrx_word' id='word_1_285' title='bbox 321 3251 458 3290; x_wconf 82' lang='lat' dir='ltr'>tatem</span> <span class='ocrx_word' id='word_1_286' title='bbox 502 3243 664 3309; x_wconf 84' lang='lat' dir='ltr'>adepta</span> <span class='ocrx_word' id='word_1_287' title='bbox 700 3246 839 3294; x_wconf 81' lang='lat' dir='ltr'>fuisse</span> <span class='ocrx_word' id='word_1_288' title='bbox 876 3246 1222 3296; x_wconf 88' lang='lat' dir='ltr'>ineluctabilem</span> <span class='ocrx_word' id='word_1_289' title='bbox 1245 3284 1258 3307; x_wconf 90' lang='lat'>,</span> <span class='ocrx_word' id='word_1_290' title='bbox 1294 3255 1346 3295; x_wconf 92' lang='lat' dir='ltr'>ut</span> <span class='ocrx_word' id='word_1_291' title='bbox 1430 3267 1538 3298; x_wconf 90' lang='lat' dir='ltr'>eum</span> <span class='ocrx_word' id='word_1_292' title='bbox 1554 3251 1695 3298; x_wconf 84' lang='lat' dir='ltr'>etiam</span> <span class='ocrx_word' id='word_1_293' title='bbox 1717 3248 1886 3297; x_wconf 89' lang='lat' dir='ltr'>Pehem</span> <span class='ocrx_word' id='word_1_294' title='bbox 1900 3284 1916 3306; x_wconf 91' lang='lat'>‚</span> <span class='ocrx_word' id='word_1_295' title='bbox 1948 3251 2124 3316; x_wconf 82' lang='lat' dir='ltr'>injure</span> <span class='ocrx_word' id='word_1_296' title='bbox 2150 3249 2266 3299; x_wconf 81' lang='lat' dir='ltr'>eccl.</span> <span class='ocrx_word' id='word_1_297' title='bbox 2286 3261 2400 3298; x_wconf 78' lang='lat' dir='ltr'>tom.</span> <span class='ocrx_word' id='word_1_298' title='bbox 2421 3267 2465 3309; x_wconf 88' lang='lat'>1,</span> 
     </span>
     <span class='ocr_line' id='line_1_33' title="bbox 323 3322 2466 3397; baseline 0.004 -27"><span class='ocrx_word' id='word_1_299' title='bbox 323 3333 499 3372; x_wconf 80' lang='lat' dir='ltr'>constat</span> <span class='ocrx_word' id='word_1_300' title='bbox 532 3322 591 3372; x_wconf 90' lang='lat' dir='ltr'>de</span> <span class='ocrx_word' id='word_1_301' title='bbox 619 3325 764 3376; x_wconf 82' lang='lat' dir='ltr'>Cone.</span> <span class='ocrx_word' id='word_1_302' title='bbox 786 3327 1068 3377; x_wconf 84' lang='lat' dir='ltr'>Arausicano</span> <span class='ocrx_word' id='word_1_303' title='bbox 1086 3346 1138 3379; x_wconf 86' lang='lat'>11.</span> <span class='ocrx_word' id='word_1_304' title='bbox 1169 3328 1341 3377; x_wconf 85' lang='lat' dir='ltr'>Conci·</span> <span class='ocrx_word' id='word_1_305' title='bbox 1427 3329 1452 3396; x_wconf 58' lang='grc' dir='ltr'>ξ</span> <span class='ocrx_word' id='word_1_306' title='bbox 1479 3327 1575 3397; x_wconf 77' lang='lat'>767</span> <span class='ocrx_word' id='word_1_307' title='bbox 1593 3368 1608 3391; x_wconf 93' lang='lat'><em>‚</em></span> <span class='ocrx_word' id='word_1_308' title='bbox 1645 3348 1698 3378; x_wconf 84' lang='lat' dir='ltr'>ex</span> <span class='ocrx_word' id='word_1_309' title='bbox 1733 3330 1994 3394; x_wconf 80' lang='lat' dir='ltr'>catholicis3</span> <span class='ocrx_word' id='word_1_310' title='bbox 2021 3350 2073 3380; x_wconf 83' lang='lat' dir='ltr'>ex</span> <span class='ocrx_word' id='word_1_311' title='bbox 2105 3331 2466 3397; x_wconf 80' lang='lat' dir='ltr'>protestantibus</span> 
     </span>
     <span class='ocr_line' id='line_1_34' title="bbox 321 3405 2468 3479; baseline 0.003 -25"><span class='ocrx_word' id='word_1_312' title='bbox 321 3405 438 3455; x_wconf 89' lang='lat' dir='ltr'>lium</span> <span class='ocrx_word' id='word_1_313' title='bbox 470 3405 1035 3475; x_wconf 85' lang='lat' dir='ltr'>Constantinopolitanum</span> <span class='ocrx_word' id='word_1_314' title='bbox 1058 3429 1073 3460; x_wconf 88' lang='lat'>1</span> <span class='ocrx_word' id='word_1_315' title='bbox 1098 3412 1155 3460; x_wconf 87' lang='lat' dir='ltr'>ab</span> <span class='ocrx_word' id='word_1_316' title='bbox 1180 3415 1339 3473; x_wconf 88' lang='lat' dir='ltr'>initio,</span> <span class='ocrx_word' id='word_1_317' title='bbox 1427 3431 1535 3462; x_wconf 87' lang='lat' dir='ltr'>vero</span> <span class='ocrx_word' id='word_1_318' title='bbox 1597 3411 1832 3477; x_wconf 84' lang='lat' dir='ltr'>Wieggers</span> <span class='ocrx_word' id='word_1_319' title='bbox 1853 3449 1867 3474; x_wconf 92' lang='lat'><strong>‚</strong></span> <span class='ocrx_word' id='word_1_320' title='bbox 1925 3418 1975 3462; x_wconf 86' lang='lat' dir='ltr'>in</span> <span class='ocrx_word' id='word_1_321' title='bbox 2030 3433 2108 3479; x_wconf 89' lang='lat' dir='ltr'>op.</span> <span class='ocrx_word' id='word_1_322' title='bbox 2170 3413 2468 3478; x_wconf 75' lang='lat' dir='ltr'>Allyemeine</span> 
     </span>
     <span class='ocr_line' id='line_1_35' title="bbox 325 3488 2468 3563; baseline 0.003 -27"><span class='ocrx_word' id='word_1_323' title='bbox 325 3488 505 3538; x_wconf 81' lang='lat' dir='ltr'>defectu</span> <span class='ocrx_word' id='word_1_324' title='bbox 524 3491 655 3538; x_wconf 82' lang='lat' dir='ltr'>istius</span> <span class='ocrx_word' id='word_1_325' title='bbox 678 3493 1041 3543; x_wconf 85' lang='lat' dir='ltr'>confirmationis</span> <span class='ocrx_word' id='word_1_326' title='bbox 1059 3532 1072 3555; x_wconf 84' lang='lat'>‚</span> <span class='ocrx_word' id='word_1_327' title='bbox 1102 3513 1256 3561; x_wconf 88' lang='lat' dir='ltr'>neque</span> <span class='ocrx_word' id='word_1_328' title='bbox 1276 3497 1348 3543; x_wconf 82' lang='lat' dir='ltr'>in·</span> <span class='ocrx_word' id='word_1_329' title='bbox 1429 3492 1807 3559; x_wconf 77' lang='lat' dir='ltr'>Eneyclopedie,</span> <span class='ocrx_word' id='word_1_330' title='bbox 1849 3514 1927 3544; x_wconf 88' lang='lat' dir='ltr'>seu</span> <span class='ocrx_word' id='word_1_331' title='bbox 1959 3494 2315 3563; x_wconf 79' lang='lat' dir='ltr'>Encyclopedia</span> <span class='ocrx_word' id='word_1_332' title='bbox 2354 3496 2468 3543; x_wconf 70' lang='grc' dir='ltr'>ηπί-</span> 
     </span>
     <span class='ocr_line' id='line_1_36' title="bbox 326 3575 1687 3638; baseline 0.005 -20"><span class='ocrx_word' id='word_1_333' title='bbox 326 3579 394 3619; x_wconf 84' lang='lat' dir='ltr'>ter</span> <span class='ocrx_word' id='word_1_334' title='bbox 425 3575 704 3622; x_wconf 85' lang='lat' dir='ltr'>oecumenica</span> <span class='ocrx_word' id='word_1_335' title='bbox 726 3576 1077 3638; x_wconf 80' lang='lat' dir='ltr'>recensebatur,</span> <span class='ocrx_word' id='word_1_336' title='bbox 1099 3579 1177 3626; x_wconf 85' lang='lat' dir='ltr'>sed</span> <span class='ocrx_word' id='word_1_337' title='bbox 1194 3578 1345 3625; x_wconf 90' lang='lat' dir='ltr'>solum</span> <span class='ocrx_word' id='word_1_338' title='bbox 1429 3593 1552 3626; x_wconf 65' lang='lat' dir='ltr'>vera.</span> <span class='ocrx_word' id='word_1_339' title='bbox 1597 3588 1687 3626; x_wconf 87' lang='lat' dir='ltr'>etc.</span> 
     </span>
     <span class='ocr_line' id='line_1_37' title="bbox 326 3655 1343 3720; baseline 0.007 -21"><span class='ocrx_word' id='word_1_340' title='bbox 326 3662 567 3719; x_wconf 79' lang='lat' dir='ltr'>postquam</span> <span class='ocrx_word' id='word_1_341' title='bbox 586 3655 832 3720; x_wconf 81' lang='lat' dir='ltr'>probatum</span> <span class='ocrx_word' id='word_1_342' title='bbox 850 3667 914 3705; x_wconf 81' lang='lat' dir='ltr'>est</span> <span class='ocrx_word' id='word_1_343' title='bbox 932 3675 955 3704; x_wconf 90' lang='lat' dir='ltr'>a</span> <span class='ocrx_word' id='word_1_344' title='bbox 973 3676 1093 3708; x_wconf 91' lang='lat' dir='ltr'>rom.</span> <span class='ocrx_word' id='word_1_345' title='bbox 1111 3659 1343 3708; x_wconf 87' lang='lat' dir='ltr'>Pontifice.</span> 
     </span>
    </p>
   </div>
  </div>
 </body>
</html>
