2514 4218
443 243 599 282 PART.
645 244 684 278 1.
734 241 852 278 CAP.
900 241 960 279 11.
1006 242 1071 277 ΒΕ
1114 238 1326 277 CHRISTI
1372 237 1518 275 EGGL.
1565 237 1809 276 CONSTIT.
2092 218 2167 276 77

83 390 252 449 Nulla
274 386 528 470 prosecto
552 394 702 443 secta
730 384 1048 466 reperietur
1072 429 1088 457 .,
1116 402 1244 464 quae
1273 379 1489 462 aliquot
1518 378 1724 438 saltem
1750 401 1819 438 ex
1840 381 1954 439 suis
1981 402 2170 439 mem-

84 483 202 542 bris
238 482 448 543 virtute
486 479 818 559 praestantia
854 500 976 536 non
1007 480 1221 556 Jactet3
1257 486 1317 534 at
1349 473 1504 533 aliud
1536 485 1623 533 est
1663 474 1823 555 loqui
1856 473 1929 534 de
1956 476 2173 536 virtute

83 574 332 636 naturali
365 619 383 648 ,
435 585 673 633 externa
705 618 722 645 ,
775 572 1041 654 politica,
1093 590 1270 650 quam
1307 591 1428 627 non
1468 568 1790 627 inficiamur
1833 568 1896 626 in
1935 569 2172 650 singulis

82 668 581 730 communionibus
623 668 863 749 reperiri
903 685 1068 747 posse
1093 707 1109 736 ,
1151 662 1310 721 aliud
1331 685 1488 723 vero
1527 663 1599 724 de
1632 665 1849 725 virtute
1883 684 1954 722 ex
1992 665 2174 743 gratia

82 765 475 825 sanctificante
509 774 567 822 et
602 763 880 821 charitate
914 757 1171 844 profecta
1191 800 1207 830 a
1251 778 1379 837 quae
1408 757 1482 815 in*
1503 757 1782 817 membris
1813 768 2044 817 tantum
2067 779 2176 840 per

82 859 377 918 Christum
406 857 775 917 sanctificatis·
800 855 988 912 inesse
1026 861 1237 933 potest.
1282 851 1417 908 Haec
1454 863 1648 911 autem
1691 853 1932 935 reperiri
1970 853 2175 935 nequit

84 955 197 1012 nisi
225 955 290 1012 in
317 974 386 1011 eo
423 973 658 1034 corpore
690 971 788 1008 seu
826 946 1094 1006 societate
1115 989 1130 1018 .,
1165 965 1303 1002 cum-
1328 965 1441 1025 qua
1480 945 1741 1005 Christus
1776 948 1838 1005 in
1865 947 2070 1006 intima
2100 948 2176 1006 sit

83 1047 511 1106 communione.
542 1044 740 1104 Talem
771 1051 967 1099 autem
991 1060 1111 1098 esse
1132 1037 1294 1097 illam
1325 1039 1690 1116 societatem,
1716 1062 1848 1100 cum
1872 1063 1985 1123 qua
2018 1042 2176 1102 idem

83 1141 347 1200 Christus
374 1162 434 1199 se
456 1160 578 1200 esse
611 1157 716 1219 per
736 1133 1190 1195 extraordinaria
1222 1134 1376 1193 dona
1399 1136 1766 1210 manifestat,
1798 1158 1974 1197 nemo
2002 1160 2176 1198 sanus

80 1234 297 1294 inficias
339 1234 524 1293 iverit.
552 1228 894 1311 'Excipiendi
926 1239 1126 1288 tamen
1164 1227 1250 1287 illi
1283 1238 1454 1302 sunt,
1504 1230 1635 1311 qui,
1670 1241 1736 1288 ut
1773 1230 1973 1307 aiunt,
2019 1231 2176 1293 bona

82 1328 193 1388 fide
229 1328 292 1387 in
322 1328 507 1408 aliqua
534 1335 686 1384 secta
717 1317 1023 1384 versantur
1046 1368 1062 1398 ‚
1102 1343 1243 1404 quos
1280 1323 1487 1405 spiritu
1524 1323 1730 1384 saltem
1762 1324 1838 1385 ad
1863 1325 2174 1387 Ecclesiam

79 1424 370 1504 pertinere
397 1419 785 1480 ostendimus,

165 1517 297 1577 133.
343 1515 426 1574 Ad
464 1514 583 1589 31⁰,
622 1517 781 1575 Dist.
825 1512 1107 1588 Quaelibet
1151 1523 1304 1575 secta
1346 1536 1543 1577 veram
1596 1536 1658 1575 se
1695 1514 1874 1576 fidem
1915 1518 2176 1599 profiteri

84 1610 382 1671 contendit
418 1608 632 1691 absque
667 1608 785 1668 ullo
820 1609 1235 1686 fundamenta,
1274 1631 1339 1669 ac
1368 1611 1615 1692 propriae
1648 1611 2010 1693 persuasioni
2038 1623 2178 1671 tan-

83 1719 208 1766 tum
237 1706 469 1784 innixa„
506 1727 664 1766 conc.
684 1730 703 1773 ;
742 1705 928 1787 reipsa
963 1707 1270 1787 profitetur
1291 1750 1307 1780 ‚
1349 1727 1480 1786 neq.
1516 1708 1669 1766 Nam
1706 1705 1817 1766 hoc
1851 1706 1978 1788 ipso
2019 1707 2177 1789 quod

81 1813 243 1862 sectae
263 1848 277 1876 .,
306 1803 459 1863 inter
486 1823 546 1861 se
572 1811 852 1883 perpetuo
884 1799 1274 1882 discrepantes
1292 1845 1309 1877 ‚
1343 1799 1451 1859 sibi
1466 1800 1882 1882 persuadeant,
1911 1823 1973 1862 se
2009 1803 2179 1863 unice

79 1918 276 1957 veram
299 1908 499 1956 tenere
525 1895 701 1956 fidem
722 1941 738 1971 ,
775 1916 903 1977 quae
938 1895 1172 1954 nonnisi
1198 1916 1311 1955 una
1339 1916 1460 1955 esse
1481 1906 1672 1977 potest
1693 1940 1708 1970 ,
1746 1907 1945 1977 aperte
1980 1907 2180 1956 osten-

79 1991 258 2066 dunt,
299 1991 560 2051 fallacem
603 1990 924 2050 necessario
963 2010 1084 2049 esse
1118 1989 1270 2049 hanc
1307 2012 1473 2050 suam
1510 1990 1960 2072 persuasionem.
2006 1990 2178 2051 Nulla

79 2097 229 2146 secta
274 2107 391 2165 prae
433 2086 541 2145 alia
588 2085 698 2144 sibi
746 2084 819 2145 de
857 2084 968 2144 hac
1007 2085 1362 2166 possessione
1408 2084 1660 2144 blandiri
1706 2095 1916 2166 potest.
1961 2085 2179 2146 Omnes

82 2181 364 2260 siquidem
385 2226 400 2255 7
432 2186 642 2259 rejecta
664 2181 916 2261 legitima
944 2180 1284 2240 auctoritate
1303 2225 1317 2254 ,
1354 2179 1653 2262 privatum
1683 2201 1917 2239 sensum
1943 2179 2029 2240 illi
2052 2180 2179 2240 suf-

83 2273 343 2332 fecerunt
381 2275 456 2333 ad
491 2296 691 2334 veram
722 2275 897 2334 fidem
933 2297 966 2333 a
1006 2274 1147 2333 falsa
1186 2275 1638 2349 secernendamt,
1683 2275 1941 2357 privatus
1981 2288 2180 2337 autem

84 2389 283 2427 sensus
310 2370 371 2425 in
394 2369 562 2427 sectis
590 2368 858 2427 omnibus
888 2368 1102 2426 nullius
1139 2368 1415 2450 ponderis
1460 2381 1566 2429 est.
1613 2370 1836 2429 Exinde
1872 2371 2031 2430 enim
2064 2372 2179 2431 flu·
2208 2406 2211 2409 s

82 2462 293 2520 ctuatio
306 2462 402 2520 illa
424 2463 765 2542 opinionum
783 2461 1092 2543 profluxit3
1122 2462 1332 2521 exinde
1346 2463 1487 2522 item
1510 2463 1924 2524 feracissimum
1939 2486 2180 2544 germen

80 2555 224 2614 illud
256 2555 573 2615 tolerantiae
598 2601 613 2630 ‚
646 2568 713 2615 ut
749 2568 991 2629 vocant‚
1028 2554 1299 2634 religiosae
1338 2569 1545 2638 sponte
1574 2579 1675 2616 sua
1710 2557 2020 2638 pullulavit
2050 2560 2172 2639 (1),

81 2672 214 2710 cum
249 2672 363 2732 quo
399 2671 531 2713 vera
565 2650 705 2709 fides
739 2651 1050 2710 consistere
1085 2651 1312 2731 nequit.

166 2744 297 2804 134.
348 2744 432 2803 Ad
468 2744 548 2802 4¹¹¹
579 2789 593 2818 ‚
634 2745 785 2825 Neq.
824 2743 939 2804 Soli
977 2745 1134 2803 enim
1171 2744 1421 2826 epicurei
1460 2756 1517 2805 et
1559 2746 1846 2807 increduli
1885 2747 2173 2810 affirmare

82 2851 323 2922 possunt
362 2839 639 2900 virtutem
685 2850 744 2898 et
774 2839 1152 2925 ⁸sanctitatem
1186 2839 1452 2900 relativas
1490 2861 1634 2900 esse.
1687 2841 1853 2916 Quod
1889 2843 1934 2901 si
1973 2845 2176 2904 Prote—

81 2934 364 2994 stantibus
399 2956 519 2993 non
547 2935 781 3015 sapiunt
806 2955 979 3015 opera
1009 2933 1292 3015 poenalia,
1343 2935 1639 3015 virginitas
1675 2957 1740 2995 ac
1764 2935 2099 3015 coelibatuS‚
2139 2960 2173 2998 a

150 3141 214 3204 (l)
252 3140 358 3188 Haec
395 3140 650 3189 tolerantia
686 3176 699 3199 ,
739 3139 896 3188 scribit
937 3139 1083 3206 Weg-
1164 3149 1271 3188 tant
1286 3141 1402 3206 qu’il
1423 3151 1492 3189 est
1505 3141 1712 3207 possible
1747 3142 1804 3190 de
1834 3142 1960 3193 l’etre
1979 3163 2000 3206 ,·
2033 3147 2176 3211 puis-

84 3220 314 3282 scheider,
349 3220 519 3288 §186,
548 3240 648 3289 quae
666 3222 832 3270 dicitur
858 3225 1082 3271 recentio-
1163 3238 1252 3286 que
1299 3222 1340 3277 le,
1380 3223 1483 3271 seul
1515 3224 1676 3287 doymo
1717 3222 1883 3288 qu’elle
1927 3242 1988 3274 ne
2026 3226 2170 3276 tolero

84 3301 146 3348 ris
193 3306 276 3350 oevi
308 3307 544 3368 progenies
586 3303 758 3351 nobilis
792 3323 804 3361 ς
854 3314 989 3369 atque
1032 3307 1084 3354 in
1156 3320 1251 3370 pas
1274 3341 1286 3364 ‚
1314 3313 1382 3352 est
1410 3304 1536 3353 celui
1550 3305 1606 3352 de
1626 3305 1976 3358 eintolerance.
2001 3308 2175 3359 Verum

84 3385 196 3427 nota
223 3382 282 3443 (d)
325 3383 382 3431 ad
416 3385 469 3431 id
500 3384 872 3432 confirmandum
910 3383 1084 3447 profert
1163 3384 1262 3433 haec
1288 3386 1478 3450 intelligi
1508 3386 1678 3435 debent
1710 3387 1768 3436 de
1799 3389 2041 3438 tolerantia
2065 3371 2170 3455 spe-

85 3460 222 3507 verba
263 3460 490 3512 Rousseau
536 3467 586 3511 in
638 3467 735 3529 ejus
776 3463 978 3529 epistolis
1021 3464 1079 3513 de
1161 3467 1389 3530 culativa3
1423 3468 1649 3533 siquidem
1684 3472 1734 3517 in
1758 3473 1886 3535 praxi
1913 3471 2030 3519 nulli
2073 3472 2167 3520 fere

84 3541 320 3590 tolerantia
371 3560 384 3590 τ
428 3545 498 3592 La
537 3545 741 3609 reliqion
791 3553 1079 3611 protestante
1161 3559 1267 3596 sunt
1320 3549 1686 3599 intolerantiores
1750 3551 2108 3602 Protestantibus
2152 3589 2168 3613 ,

81 3630 148 3669 est
184 3621 406 3671 tolerante
440 3641 532 3687 par
566 3626 824 3692 princip33
873 3626 957 3695 elle
1015 3634 1082 3675 est
1159 3632 1406 3694 praesertim
1421 3647 1524 3695 erga
1553 3630 1831 3682 Catholicos.

81 3702 302 3751 tolerante
317 3703 695 3755 essentianemnt
718 3727 736 3764 ,-
763 3706 847 3757 elle
875 3706 976 3755 l'est
989 3724 1077 3754 ou-
