<?xml version="1.0" encoding="UTF-8"?>
<!DOCTYPE html PUBLIC "-//W3C//DTD XHTML 1.0 Transitional//EN"
    "http://www.w3.org/TR/xhtml1/DTD/xhtml1-transitional.dtd">
<html xmlns="http://www.w3.org/1999/xhtml" xml:lang="en" lang="en">
 <head>
  <title>
</title>
<meta http-equiv="Content-Type" content="text/html;charset=utf-8" />
  <meta name='ocr-system' content='tesseract 3.04.00' />
  <meta name='ocr-capabilities' content='ocr_page ocr_carea ocr_par ocr_line ocrx_word'/>
</head>
<body>
  <div class='ocr_page' id='page_1' title='image "a603693808perruoft_0087.png"; bbox 0 0 2514 4218; ppageno 0'>
   <div class='ocr_carea' id='block_1_1' title="bbox 441 230 2190 299">
    <p class='ocr_par' dir='ltr' id='par_1_1' title="bbox 441 230 2190 299">
     <span class='ocr_line' id='line_1_1' title="bbox 441 230 2190 299; baseline -0.005 -3"><span class='ocrx_word' id='word_1_1' title='bbox 441 259 593 299; x_wconf 59' lang='lat' dir='ltr'><strong>ram.</strong></span> <span class='ocrx_word' id='word_1_2' title='bbox 641 260 683 294; x_wconf 91' lang='lat'><strong>1.</strong></span> <span class='ocrx_word' id='word_1_3' title='bbox 731 254 855 295; x_wconf 68' lang='lat' dir='ltr'><strong>cn.</strong></span> <span class='ocrx_word' id='word_1_4' title='bbox 903 257 968 294; x_wconf 88' lang='lat'><strong>11.</strong></span> <span class='ocrx_word' id='word_1_5' title='bbox 1012 258 1080 293; x_wconf 71' lang='lat' dir='ltr'><strong>nn</strong></span> <span class='ocrx_word' id='word_1_6' title='bbox 1122 256 1346 295; x_wconf 74' lang='lat' dir='ltr'><strong>cmusrt</strong></span> <span class='ocrx_word' id='word_1_7' title='bbox 1387 253 1539 293; x_wconf 71' lang='lat' dir='ltr'><strong>nccr..</strong></span> <span class='ocrx_word' id='word_1_8' title='bbox 1587 254 1834 292; x_wconf 74' lang='lat' dir='ltr'><strong>cons-nr.</strong></span> <span class='ocrx_word' id='word_1_9' title='bbox 2109 230 2190 289; x_wconf 84' lang='lat'><strong>75</strong></span> 
     </span>
    </p>
   </div>
   <div class='ocr_carea' id='block_1_2' title="bbox 94 393 2188 480">
    <p class='ocr_par' dir='ltr' id='par_1_2' title="bbox 94 380 2188 480">
     <span class='ocr_line' id='line_1_2' title="bbox 94 393 2188 480; baseline -0.003 -20"><span class='ocrx_word' id='word_1_10' title='bbox 94 404 155 460; x_wconf 87' lang='lat' dir='ltr'><strong>in</strong></span> <span class='ocrx_word' id='word_1_11' title='bbox 183 403 449 462; x_wconf 89' lang='lat' dir='ltr'><strong>universo</strong></span> <span class='ocrx_word' id='word_1_12' title='bbox 473 398 696 458; x_wconf 89' lang='lat' dir='ltr'><strong>mundo</strong></span> <span class='ocrx_word' id='word_1_13' title='bbox 718 399 825 480; x_wconf 87' lang='grc'>(1).</span> <span class='ocrx_word' id='word_1_14' title='bbox 854 402 1102 458; x_wconf 89' lang='lat' dir='ltr'><strong>Demum</strong></span> <span class='ocrx_word' id='word_1_15' title='bbox 1134 396 1437 480; x_wconf 81' lang='lat' dir='ltr'><strong>Apostolus</strong></span> <span class='ocrx_word' id='word_1_16' title='bbox 1458 395 1713 477; x_wconf 88' lang='lat' dir='ltr'><strong>loquitur</strong></span> <span class='ocrx_word' id='word_1_17' title='bbox 1732 394 1804 454; x_wconf 86' lang='lat' dir='ltr'><strong>de</strong></span> <span class='ocrx_word' id='word_1_18' title='bbox 1823 393 2188 476; x_wconf 85' lang='lat' dir='ltr'><strong>plenitudine</strong></span> 
     </span>
    </p>
   </div>
   <div class='ocr_carea' id='block_1_3' title="bbox 93 492 2185 682">
    <p class='ocr_par' dir='ltr' id='par_1_3' title="bbox 93 492 2185 666">
     <span class='ocr_line' id='line_1_3' title="bbox 93 492 1329 575; baseline -0.004 -20"><span class='ocrx_word' id='word_1_19' title='bbox 93 497 350 575; x_wconf 80' lang='lat' dir='ltr'><strong>gentium</strong></span> <span class='ocrx_word' id='word_1_20' title='bbox 377 493 452 552; x_wconf 90' lang='lat' dir='ltr'><strong>ad</strong></span> <span class='ocrx_word' id='word_1_21' title='bbox 477 494 771 552; x_wconf 81' lang='lat' dir='ltr'><strong>Christum</strong></span> <span class='ocrx_word' id='word_1_22' title='bbox 803 492 1195 553; x_wconf 84' lang='lat' dir='ltr'><strong>convertenda</strong></span> <span class='ocrx_word' id='word_1_23' title='bbox 1225 493 1329 572; x_wconf 80' lang='lat'><strong>(2).</strong></span> 
     </span>
     <span class='ocr_line' id='line_1_4' title="bbox 179 581 2185 682; baseline -0.002 -35"><span class='ocrx_word' id='word_1_24' title='bbox 179 589 312 648; x_wconf 84' lang='lat'><strong>128.</strong></span> <span class='ocrx_word' id='word_1_25' title='bbox 361 589 418 646; x_wconf 91' lang='lat' dir='ltr'><strong>Si</strong></span> <span class='ocrx_word' id='word_1_26' title='bbox 439 588 611 666; x_wconf 83' lang='lat' dir='ltr'><strong>igitur</strong></span> <span class='ocrx_word' id='word_1_27' title='bbox 643 587 1053 682; x_wconf 81' lang='lat' dir='ltr'><strong>charismatum</strong></span> <span class='ocrx_word' id='word_1_28' title='bbox 1076 586 1406 659; x_wconf 69' lang='lat' dir='ltr'><strong>affluentia,</strong></span> <span class='ocrx_word' id='word_1_29' title='bbox 1443 583 1651 666; x_wconf 89' lang='lat' dir='ltr'><strong>quibus</strong></span> <span class='ocrx_word' id='word_1_30' title='bbox 1688 581 1996 642; x_wconf 84' lang='lat' dir='ltr'><strong>Ecclesiam</strong></span> <span class='ocrx_word' id='word_1_31' title='bbox 2024 604 2185 643; x_wconf 87' lang='lat' dir='ltr'><strong>suam</strong></span> 
     </span>
    </p>
   </div>
   <div class='ocr_carea' id='block_1_4' title="bbox 76 675 2194 3214">
    <p class='ocr_par' dir='ltr' id='par_1_4' title="bbox 86 675 2187 1326">
     <span class='ocr_line' id='line_1_5' title="bbox 91 675 2187 764; baseline -0.003 -22"><span class='ocrx_word' id='word_1_32' title='bbox 91 682 385 742; x_wconf 88' lang='lat' dir='ltr'><strong>cumulare</strong></span> <span class='ocrx_word' id='word_1_33' title='bbox 422 682 679 741; x_wconf 88' lang='lat' dir='ltr'><strong>Christus</strong></span> <span class='ocrx_word' id='word_1_34' title='bbox 716 679 1016 764; x_wconf 72' lang='lat' dir='ltr'><strong>promisit,</strong></span> <span class='ocrx_word' id='word_1_35' title='bbox 1058 679 1109 738; x_wconf 86' lang='lat' dir='ltr'><strong>si</strong></span> <span class='ocrx_word' id='word_1_36' title='bbox 1147 679 1488 738; x_wconf 83' lang='lat' dir='ltr'><strong>foecunditas</strong></span> <span class='ocrx_word' id='word_1_37' title='bbox 1517 678 1789 760; x_wconf 88' lang='lat' dir='ltr'><strong>perennis</strong></span> <span class='ocrx_word' id='word_1_38' title='bbox 1824 677 1888 735; x_wconf 90' lang='lat' dir='ltr'><strong>in</strong></span> <span class='ocrx_word' id='word_1_39' title='bbox 1921 675 2187 756; x_wconf 84' lang='lat' dir='ltr'><strong>gentibus</strong></span> 
     </span>
     <span class='ocr_line' id='line_1_6' title="bbox 90 772 2187 857; baseline -0.002 -23"><span class='ocrx_word' id='word_1_40' title='bbox 90 775 320 835; x_wconf 87' lang='lat' dir='ltr'><strong>Christo</strong></span> <span class='ocrx_word' id='word_1_41' title='bbox 359 776 765 857; x_wconf 77' lang='lat' dir='ltr'><strong>procreandiS‚</strong></span> <span class='ocrx_word' id='word_1_42' title='bbox 810 796 922 856; x_wconf 89' lang='lat' dir='ltr'><strong>qua</strong></span> <span class='ocrx_word' id='word_1_43' title='bbox 964 773 1247 842; x_wconf 81' lang='lat' dir='ltr'><strong>divinitus</strong></span> <span class='ocrx_word' id='word_1_44' title='bbox 1289 772 1533 832; x_wconf 88' lang='lat' dir='ltr'><strong>Ecclesia</strong></span> <span class='ocrx_word' id='word_1_45' title='bbox 1576 772 1818 854; x_wconf 85' lang='lat' dir='ltr'><strong>praedita</strong></span> <span class='ocrx_word' id='word_1_46' title='bbox 1853 783 1978 847; x_wconf 78' lang='lat' dir='ltr'><strong>est,</strong></span> <span class='ocrx_word' id='word_1_47' title='bbox 2014 793 2187 851; x_wconf 79' lang='lat' dir='ltr'><strong>argu·</strong></span> 
     </span>
     <span class='ocr_line' id='line_1_7' title="bbox 88 865 2187 946; baseline -0 -19"><span class='ocrx_word' id='word_1_48' title='bbox 88 881 289 928; x_wconf 87' lang='lat' dir='ltr'><strong>mento</strong></span> <span class='ocrx_word' id='word_1_49' title='bbox 318 869 670 929; x_wconf 82' lang='lat' dir='ltr'><strong>ineluctabili</strong></span> <span class='ocrx_word' id='word_1_50' title='bbox 705 880 842 927; x_wconf 89' lang='lat' dir='ltr'><strong>sunt</strong></span> <span class='ocrx_word' id='word_1_51' title='bbox 871 865 1138 926; x_wconf 86' lang='lat' dir='ltr'><strong>eamdem</strong></span> <span class='ocrx_word' id='word_1_52' title='bbox 1184 866 1377 925; x_wconf 88' lang='lat' dir='ltr'><strong>vivere</strong></span> <span class='ocrx_word' id='word_1_53' title='bbox 1406 867 1521 928; x_wconf 84' lang='lat' dir='ltr'><strong>vita</strong></span> <span class='ocrx_word' id='word_1_54' title='bbox 1559 866 1984 946; x_wconf 84' lang='lat' dir='ltr'><strong>supernaturali</strong></span> <span class='ocrx_word' id='word_1_55' title='bbox 2011 878 2187 946; x_wconf 86' lang='lat' dir='ltr'><strong>atque</strong></span> 
     </span>
     <span class='ocr_line' id='line_1_8' title="bbox 89 959 2187 1045; baseline -0.002 -23"><span class='ocrx_word' id='word_1_56' title='bbox 89 964 286 1022; x_wconf 89' lang='lat' dir='ltr'><strong>divina</strong></span> <span class='ocrx_word' id='word_1_57' title='bbox 324 985 429 1045; x_wconf 88' lang='lat' dir='ltr'><strong>per</strong></span> <span class='ocrx_word' id='word_1_58' title='bbox 454 965 720 1023; x_wconf 88' lang='lat' dir='ltr'><strong>intimam</strong></span> <span class='ocrx_word' id='word_1_59' title='bbox 748 960 1007 1039; x_wconf 87' lang='lat' dir='ltr'><strong>ejusdem</strong></span> <span class='ocrx_word' id='word_1_60' title='bbox 1033 981 1164 1019; x_wconf 90' lang='lat' dir='ltr'><strong>cum</strong></span> <span class='ocrx_word' id='word_1_61' title='bbox 1191 959 1419 1018; x_wconf 89' lang='lat' dir='ltr'><strong>Christo</strong></span> <span class='ocrx_word' id='word_1_62' title='bbox 1442 959 1720 1019; x_wconf 89' lang='lat' dir='ltr'><strong>unionem</strong></span> <span class='ocrx_word' id='word_1_63' title='bbox 1741 1006 1757 1034; x_wconf 74' lang='lat'>‚</span> <span class='ocrx_word' id='word_1_64' title='bbox 1795 972 1960 1043; x_wconf 88' lang='lat' dir='ltr'><strong>patet</strong></span> <span class='ocrx_word' id='word_1_65' title='bbox 1979 1006 1994 1036; x_wconf 64' lang='lat' dir='ltr'>a</span> <span class='ocrx_word' id='word_1_66' title='bbox 2032 961 2187 1019; x_wconf 90' lang='lat' dir='ltr'><strong>inter</strong></span> 
     </span>
     <span class='ocr_line' id='line_1_9' title="bbox 87 1053 2187 1138; baseline 0 -24"><span class='ocrx_word' id='word_1_67' title='bbox 87 1058 343 1115; x_wconf 90' lang='lat' dir='ltr'><strong>animam</strong></span> <span class='ocrx_word' id='word_1_68' title='bbox 371 1069 430 1116; x_wconf 90' lang='lat' dir='ltr'><strong>et</strong></span> <span class='ocrx_word' id='word_1_69' title='bbox 454 1078 657 1138; x_wconf 90' lang='lat' dir='ltr'><strong>corpus</strong></span> <span class='ocrx_word' id='word_1_70' title='bbox 681 1053 942 1114; x_wconf 85' lang='lat' dir='ltr'><strong>Ecclesiae</strong></span> <span class='ocrx_word' id='word_1_71' title='bbox 957 1053 1102 1113; x_wconf 90' lang='lat' dir='ltr'><strong>illud</strong></span> <span class='ocrx_word' id='word_1_72' title='bbox 1123 1053 1483 1113; x_wconf 85' lang='lat' dir='ltr'><strong>intercedere</strong></span> <span class='ocrx_word' id='word_1_73' title='bbox 1501 1065 1799 1127; x_wconf 74' lang='lat' dir='ltr'><strong>mutuum.J</strong></span> <span class='ocrx_word' id='word_1_74' title='bbox 1816 1054 1972 1136; x_wconf 89' lang='lat' dir='ltr'><strong>quod</strong></span> <span class='ocrx_word' id='word_1_75' title='bbox 2004 1076 2187 1114; x_wconf 91' lang='lat' dir='ltr'><strong>enun-</strong></span> 
     </span>
     <span class='ocr_line' id='line_1_10' title="bbox 87 1147 2185 1230; baseline -0 -21"><span class='ocrx_word' id='word_1_76' title='bbox 87 1151 397 1226; x_wconf 72' lang='lat' dir='ltr'><strong>ciavimuS‚</strong></span> <span class='ocrx_word' id='word_1_77' title='bbox 454 1150 894 1225; x_wconf 87' lang='lat' dir='ltr'><strong>commercium,</strong></span> <span class='ocrx_word' id='word_1_78' title='bbox 949 1170 1066 1230; x_wconf 89' lang='lat' dir='ltr'><strong>quo</strong></span> <span class='ocrx_word' id='word_1_79' title='bbox 1101 1149 1318 1228; x_wconf 76' lang='lat' dir='ltr'><strong>jugiter</strong></span> <span class='ocrx_word' id='word_1_80' title='bbox 1355 1169 1483 1208; x_wconf 89' lang='lat' dir='ltr'><strong>eam</strong></span> <span class='ocrx_word' id='word_1_81' title='bbox 1520 1148 1719 1209; x_wconf 88' lang='lat' dir='ltr'><strong>vivere</strong></span> <span class='ocrx_word' id='word_1_82' title='bbox 1757 1147 2185 1230; x_wconf 86' lang='lat' dir='ltr'><strong>supernaturali</strong></span> 
     </span>
     <span class='ocr_line' id='line_1_11' title="bbox 86 1242 1404 1326; baseline -0.002 -23"><span class='ocrx_word' id='word_1_83' title='bbox 86 1246 262 1305; x_wconf 89' lang='lat' dir='ltr'><strong>modo</strong></span> <span class='ocrx_word' id='word_1_84' title='bbox 298 1258 358 1305; x_wconf 90' lang='lat' dir='ltr'><strong>et</strong></span> <span class='ocrx_word' id='word_1_85' title='bbox 387 1266 550 1326; x_wconf 84' lang='lat' dir='ltr'><strong>agere</strong></span> <span class='ocrx_word' id='word_1_86' title='bbox 580 1244 898 1303; x_wconf 87' lang='lat' dir='ltr'><strong>certissime</strong></span> <span class='ocrx_word' id='word_1_87' title='bbox 923 1242 1404 1325; x_wconf 86' lang='lat' dir='ltr'><strong>deprehenditur.</strong></span> 
     </span>
    </p>

    <p class='ocr_par' dir='ltr' id='par_1_5' title="bbox 76 1336 2194 3214">
     <span class='ocr_line' id='line_1_12' title="bbox 170 1336 2188 1416; baseline -0.002 -17"><span class='ocrx_word' id='word_1_88' title='bbox 170 1341 306 1399; x_wconf 77' lang='lat'><strong>129.</strong></span> <span class='ocrx_word' id='word_1_89' title='bbox 356 1342 435 1398; x_wconf 88' lang='lat' dir='ltr'><strong>Ex</strong></span> <span class='ocrx_word' id='word_1_90' title='bbox 479 1338 586 1397; x_wconf 92' lang='lat' dir='ltr'><strong>hac</strong></span> <span class='ocrx_word' id='word_1_91' title='bbox 619 1339 700 1397; x_wconf 92' lang='lat' dir='ltr'><strong>sic</strong></span> <span class='ocrx_word' id='word_1_92' title='bbox 731 1339 1044 1397; x_wconf 84' lang='lat' dir='ltr'><strong>constituta</strong></span> <span class='ocrx_word' id='word_1_93' title='bbox 1076 1337 1228 1396; x_wconf 85' lang='lat' dir='ltr'><strong>thesi</strong></span> <span class='ocrx_word' id='word_1_94' title='bbox 1258 1359 1378 1396; x_wconf 91' lang='lat' dir='ltr'><strong>non</strong></span> <span class='ocrx_word' id='word_1_95' title='bbox 1414 1337 1602 1396; x_wconf 92' lang='lat' dir='ltr'><strong>solum</strong></span> <span class='ocrx_word' id='word_1_96' title='bbox 1643 1336 2018 1416; x_wconf 83' lang='lat' dir='ltr'><strong>intelligimus</strong></span> <span class='ocrx_word' id='word_1_97' title='bbox 2050 1358 2188 1395; x_wconf 89' lang='lat' dir='ltr'><strong>sen-</strong></span> 
     </span>
     <span class='ocr_line' id='line_1_13' title="bbox 84 1415 2187 1515; baseline -0.001 -22"><span class='ocrx_word' id='word_1_98' title='bbox 84 1457 211 1493; x_wconf 90' lang='lat' dir='ltr'><strong>sum</strong></span> <span class='ocrx_word' id='word_1_99' title='bbox 242 1433 453 1493; x_wconf 84' lang='lat' dir='ltr'><strong>Christi</strong></span> <span class='ocrx_word' id='word_1_100' title='bbox 483 1432 798 1492; x_wconf 89' lang='lat' dir='ltr'><strong>verborum</strong></span> <span class='ocrx_word' id='word_1_101' title='bbox 834 1431 1042 1515; x_wconf 88' lang='lat' dir='ltr'><strong>quibus</strong></span> <span class='ocrx_word' id='word_1_102' title='bbox 1075 1432 1199 1492; x_wconf 85' lang='lat' dir='ltr'><strong>haec</strong></span> <span class='ocrx_word' id='word_1_103' title='bbox 1236 1433 1355 1492; x_wconf 88' lang='lat' dir='ltr'><strong>vita</strong></span> <span class='ocrx_word' id='word_1_104' title='bbox 1394 1415 1656 1492; x_wconf 85' lang='lat' dir='ltr'><strong>Ecclesiae</strong></span> <span class='ocrx_word' id='word_1_105' title='bbox 1682 1430 2045 1506; x_wconf 84' lang='lat' dir='ltr'><strong>declaratur,</strong></span> <span class='ocrx_word' id='word_1_106' title='bbox 2081 1451 2187 1491; x_wconf 81' lang='lat' dir='ltr'><strong>ve-</strong></span> 
     </span>
     <span class='ocr_line' id='line_1_14' title="bbox 84 1521 2188 1608; baseline -0 -23"><span class='ocrx_word' id='word_1_107' title='bbox 84 1550 215 1588; x_wconf 92' lang='lat' dir='ltr'><strong>rum</strong></span> <span class='ocrx_word' id='word_1_108' title='bbox 241 1529 410 1587; x_wconf 76' lang='lat' dir='ltr'><strong>etiam</strong></span> <span class='ocrx_word' id='word_1_109' title='bbox 439 1548 814 1606; x_wconf 83' lang='lat' dir='ltr'><strong>germanum</strong></span> <span class='ocrx_word' id='word_1_110' title='bbox 845 1549 1078 1587; x_wconf 91' lang='lat' dir='ltr'><strong>sensum</strong></span> <span class='ocrx_word' id='word_1_111' title='bbox 1108 1527 1466 1608; x_wconf 88' lang='lat' dir='ltr'><strong>assequimur</strong></span> <span class='ocrx_word' id='word_1_112' title='bbox 1493 1525 1769 1608; x_wconf 90' lang='lat' dir='ltr'><strong>loquendi</strong></span> <span class='ocrx_word' id='word_1_113' title='bbox 1803 1548 1971 1600; x_wconf 76' lang='lat' dir='ltr'><strong>usuS‚</strong></span> <span class='ocrx_word' id='word_1_114' title='bbox 2011 1521 2188 1607; x_wconf 87' lang='lat' dir='ltr'><strong>quem</strong></span> 
     </span>
     <span class='ocr_line' id='line_1_15' title="bbox 82 1574 2185 1703; baseline -0.001 -23"><span class='ocrx_word' id='word_1_115' title='bbox 82 1622 374 1683; x_wconf 84' lang='lat' dir='ltr'><strong>interdum</strong></span> <span class='ocrx_word' id='word_1_116' title='bbox 413 1574 611 1693; x_wconf 62' lang='lat' dir='ltr'><strong>Puatres</strong></span> <span class='ocrx_word' id='word_1_117' title='bbox 651 1622 1067 1681; x_wconf 87' lang='lat' dir='ltr'><strong>adhibuerunt.</strong></span> <span class='ocrx_word' id='word_1_118' title='bbox 1104 1624 1254 1680; x_wconf 86' lang='lat' dir='ltr'><strong>Sane</strong></span> <span class='ocrx_word' id='word_1_119' title='bbox 1292 1621 1551 1680; x_wconf 86' lang='lat' dir='ltr'><strong>Christus</strong></span> <span class='ocrx_word' id='word_1_120' title='bbox 1589 1622 1669 1680; x_wconf 85' lang='lat' dir='ltr'><strong>ita</strong></span> <span class='ocrx_word' id='word_1_121' title='bbox 1714 1620 2017 1703; x_wconf 86' lang='lat' dir='ltr'><strong>Apostolos</strong></span> <span class='ocrx_word' id='word_1_122' title='bbox 2054 1642 2185 1679; x_wconf 90' lang='lat' dir='ltr'><strong>suos</strong></span> 
     </span>
     <span class='ocr_line' id='line_1_16' title="bbox 81 1717 2187 1798; baseline -0 -23"><span class='ocrx_word' id='word_1_123' title='bbox 81 1717 393 1798; x_wconf 86' lang='lat' dir='ltr'><strong>alloquitur</strong></span> <span class='ocrx_word' id='word_1_124' title='bbox 428 1739 449 1774; x_wconf 89' lang='lat'><strong>·.</strong></span> <span class='ocrx_word' id='word_1_125' title='bbox 493 1719 602 1778; x_wconf 83' lang='lat' dir='ltr'><strong>Vos</strong></span> <span class='ocrx_word' id='word_1_126' title='bbox 629 1729 826 1777; x_wconf 79' lang='lat' dir='ltr'><strong>autem</strong></span> <span class='ocrx_word' id='word_1_127' title='bbox 864 1718 1072 1776; x_wconf 78' lang='lat' dir='ltr'><strong>videtis</strong></span> <span class='ocrx_word' id='word_1_128' title='bbox 1100 1739 1190 1774; x_wconf 84' lang='lat' dir='ltr'><strong>me</strong></span> <span class='ocrx_word' id='word_1_129' title='bbox 1204 1759 1228 1788; x_wconf 83' lang='lat'><em>,</em></span> <span class='ocrx_word' id='word_1_130' title='bbox 1265 1721 1411 1795; x_wconf 84' lang='lat' dir='ltr'><strong>quia</strong></span> <span class='ocrx_word' id='word_1_131' title='bbox 1446 1738 1545 1796; x_wconf 71' lang='lat' dir='ltr'><strong>eyo</strong></span> <span class='ocrx_word' id='word_1_132' title='bbox 1575 1719 1703 1776; x_wconf 86' lang='lat' dir='ltr'><strong>vivo</strong></span> <span class='ocrx_word' id='word_1_133' title='bbox 1739 1727 1794 1774; x_wconf 77' lang='lat' dir='ltr'><strong>et</strong></span> <span class='ocrx_word' id='word_1_134' title='bbox 1824 1737 1919 1775; x_wconf 76' lang='lat' dir='ltr'><strong>vos</strong></span> <span class='ocrx_word' id='word_1_135' title='bbox 1949 1718 2187 1781; x_wconf 77' lang='lat' dir='ltr'><strong>vivetis‚·</strong></span> 
     </span>
     <span class='ocr_line' id='line_1_17' title="bbox 77 1812 2194 1892; baseline -0 -23"><span class='ocrx_word' id='word_1_136' title='bbox 77 1814 143 1869; x_wconf 76' lang='lat' dir='ltr'><strong>in</strong></span> <span class='ocrx_word' id='word_1_137' title='bbox 175 1813 274 1870; x_wconf 86' lang='lat' dir='ltr'><strong>illo</strong></span> <span class='ocrx_word' id='word_1_138' title='bbox 310 1814 405 1870; x_wconf 80' lang='lat' dir='ltr'><strong>die</strong></span> <span class='ocrx_word' id='word_1_139' title='bbox 430 1834 525 1870; x_wconf 76' lang='lat' dir='ltr'><strong>vos</strong></span> <span class='ocrx_word' id='word_1_140' title='bbox 557 1816 926 1892; x_wconf 64' lang='grc' dir='ltr'><strong>οοῃηοεσθιίε,</strong></span> <span class='ocrx_word' id='word_1_141' title='bbox 956 1816 1104 1891; x_wconf 80' lang='lat' dir='ltr'><strong>quia</strong></span> <span class='ocrx_word' id='word_1_142' title='bbox 1132 1832 1229 1891; x_wconf 69' lang='lat' dir='ltr'><strong>eqo</strong></span> <span class='ocrx_word' id='word_1_143' title='bbox 1253 1832 1389 1869; x_wconf 81' lang='lat' dir='ltr'><strong>sum</strong></span> <span class='ocrx_word' id='word_1_144' title='bbox 1414 1816 1483 1868; x_wconf 82' lang='lat' dir='ltr'><strong>in</strong></span> <span class='ocrx_word' id='word_1_145' title='bbox 1504 1812 1687 1869; x_wconf 78' lang='lat' dir='ltr'><strong>Patre</strong></span> <span class='ocrx_word' id='word_1_146' title='bbox 1711 1832 1834 1869; x_wconf 81' lang='lat' dir='ltr'><strong>meo</strong></span> <span class='ocrx_word' id='word_1_147' title='bbox 1849 1854 1874 1883; x_wconf 88' lang='lat'><em>,</em></span> <span class='ocrx_word' id='word_1_148' title='bbox 1910 1821 1963 1870; x_wconf 75' lang='lat' dir='ltr'><strong>et</strong></span> <span class='ocrx_word' id='word_1_149' title='bbox 1997 1832 2092 1869; x_wconf 80' lang='lat' dir='ltr'><strong>vos</strong></span> <span class='ocrx_word' id='word_1_150' title='bbox 2116 1816 2194 1868; x_wconf 72' lang='lat' dir='ltr'><strong>in‘</strong></span> 
     </span>
     <span class='ocr_line' id='line_1_18' title="bbox 78 1908 2186 1987; baseline -0 -23"><span class='ocrx_word' id='word_1_151' title='bbox 78 1928 168 1965; x_wconf 85' lang='lat' dir='ltr'><strong>me</strong></span> <span class='ocrx_word' id='word_1_152' title='bbox 203 1918 257 1964; x_wconf 80' lang='lat' dir='ltr'><strong>et</strong></span> <span class='ocrx_word' id='word_1_153' title='bbox 286 1928 382 1987; x_wconf 70' lang='lat' dir='ltr'><strong>eqo</strong></span> <span class='ocrx_word' id='word_1_154' title='bbox 416 1912 484 1966; x_wconf 83' lang='lat' dir='ltr'><strong>in</strong></span> <span class='ocrx_word' id='word_1_155' title='bbox 519 1910 749 1966; x_wconf 62' lang='lat' dir='ltr'><strong>vohis-m</strong></span> <span class='ocrx_word' id='word_1_156' title='bbox 781 1910 856 1966; x_wconf 86' lang='lat' dir='ltr'><strong>Si</strong></span> <span class='ocrx_word' id='word_1_157' title='bbox 887 1909 1022 1986; x_wconf 81' lang='lat' dir='ltr'><strong>quis</strong></span> <span class='ocrx_word' id='word_1_158' title='bbox 1049 1908 1254 1985; x_wconf 72' lang='lat' dir='ltr'><strong>diliyic</strong></span> <span class='ocrx_word' id='word_1_159' title='bbox 1283 1927 1407 1975; x_wconf 84' lang='lat' dir='ltr'><strong>me,</strong></span> <span class='ocrx_word' id='word_1_160' title='bbox 1450 1926 1774 1964; x_wconf 76' lang='lat' dir='ltr'><strong>sermonem</strong></span> <span class='ocrx_word' id='word_1_161' title='bbox 1816 1927 2017 1964; x_wconf 82' lang='lat' dir='ltr'><strong>meum</strong></span> <span class='ocrx_word' id='word_1_162' title='bbox 2053 1927 2186 1964; x_wconf 77' lang='lat' dir='ltr'><strong>ser-</strong></span> 
     </span>
     <span class='ocr_line' id='line_1_19' title="bbox 77 2002 2186 2082; baseline -0 -23"><span class='ocrx_word' id='word_1_163' title='bbox 77 2002 272 2071; x_wconf 78' lang='lat' dir='ltr'><strong>vabit,</strong></span> <span class='ocrx_word' id='word_1_164' title='bbox 298 2012 353 2060; x_wconf 79' lang='lat' dir='ltr'><strong>et</strong></span> <span class='ocrx_word' id='word_1_165' title='bbox 377 2003 565 2061; x_wconf 79' lang='lat' dir='ltr'><strong>Pater</strong></span> <span class='ocrx_word' id='word_1_166' title='bbox 587 2025 748 2062; x_wconf 75' lang='lat' dir='ltr'><strong>meus</strong></span> <span class='ocrx_word' id='word_1_167' title='bbox 775 2004 987 2082; x_wconf 74' lang='lat' dir='ltr'><strong>diliqec</strong></span> <span class='ocrx_word' id='word_1_168' title='bbox 1007 2023 1175 2071; x_wconf 79' lang='lat' dir='ltr'><strong>eum,</strong></span> <span class='ocrx_word' id='word_1_169' title='bbox 1210 2012 1265 2058; x_wconf 79' lang='lat' dir='ltr'><strong>et</strong></span> <span class='ocrx_word' id='word_1_170' title='bbox 1293 2002 1529 2058; x_wconf 78' lang='lat' dir='ltr'><strong>adeum</strong></span> <span class='ocrx_word' id='word_1_171' title='bbox 1559 2005 1881 2075; x_wconf 72' lang='lat' dir='ltr'><strong>veniemus,</strong></span> <span class='ocrx_word' id='word_1_172' title='bbox 1922 2011 1978 2058; x_wconf 78' lang='lat' dir='ltr'><strong>et</strong></span> <span class='ocrx_word' id='word_1_173' title='bbox 2009 2021 2186 2059; x_wconf 81' lang='lat' dir='ltr'><strong>man-</strong></span> 
     </span>
     <span class='ocr_line' id='line_1_20' title="bbox 78 2093 2182 2176; baseline 0 -22"><span class='ocrx_word' id='word_1_174' title='bbox 78 2100 295 2154; x_wconf 76' lang='lat' dir='ltr'><strong>sionem</strong></span> <span class='ocrx_word' id='word_1_175' title='bbox 327 2099 500 2175; x_wconf 79' lang='lat' dir='ltr'><strong>apud</strong></span> <span class='ocrx_word' id='word_1_176' title='bbox 527 2120 658 2157; x_wconf 79' lang='lat' dir='ltr'><strong>eum</strong></span> <span class='ocrx_word' id='word_1_177' title='bbox 687 2101 978 2176; x_wconf 75' lang='lat' dir='ltr'><strong>faciemus</strong></span> <span class='ocrx_word' id='word_1_178' title='bbox 1002 2096 1112 2175; x_wconf 84' lang='lat'><strong>(3).</strong></span> <span class='ocrx_word' id='word_1_179' title='bbox 1154 2097 1279 2169; x_wconf 86' lang='lat' dir='ltr'><strong>Quo</strong></span> <span class='ocrx_word' id='word_1_180' title='bbox 1308 2116 1479 2154; x_wconf 89' lang='lat' dir='ltr'><strong>sensu</strong></span> <span class='ocrx_word' id='word_1_181' title='bbox 1507 2093 1798 2154; x_wconf 87' lang='lat' dir='ltr'><strong>scribebat</strong></span> <span class='ocrx_word' id='word_1_182' title='bbox 1835 2093 2141 2175; x_wconf 88' lang='lat' dir='ltr'><strong>Apostolus</strong></span> <span class='ocrx_word' id='word_1_183' title='bbox 2167 2117 2182 2154; x_wconf 91' lang='lat'>:</span> 
     </span>
     <span class='ocr_line' id='line_1_21' title="bbox 81 2176 2185 2271; baseline 0.002 -27"><span class='ocrx_word' id='word_1_184' title='bbox 81 2191 345 2266; x_wconf 49' lang='lat' dir='ltr'><strong>*Spiritus</strong></span> <span class='ocrx_word' id='word_1_185' title='bbox 382 2194 529 2251; x_wconf 76' lang='lat' dir='ltr'><strong>vivit</strong></span> <span class='ocrx_word' id='word_1_186' title='bbox 563 2204 812 2271; x_wconf 76' lang='lat' dir='ltr'><strong>propter</strong></span> <span class='ocrx_word' id='word_1_187' title='bbox 840 2193 1410 2270; x_wconf 74' lang='lat' dir='ltr'><strong>justificationem...</strong></span> <span class='ocrx_word' id='word_1_188' title='bbox 1461 2192 1520 2248; x_wconf 78' lang='lat' dir='ltr'><strong>si</strong></span> <span class='ocrx_word' id='word_1_189' title='bbox 1559 2191 1892 2248; x_wconf 77' lang='lat' dir='ltr'><strong>secundum</strong></span> <span class='ocrx_word' id='word_1_190' title='bbox 1941 2176 2185 2269; x_wconf 63' lang='lat' dir='ltr'><strong>carnem</strong></span> 
     </span>
     <span class='ocr_line' id='line_1_22' title="bbox 82 2284 2185 2364; baseline 0.002 -26"><span class='ocrx_word' id='word_1_191' title='bbox 82 2284 384 2355; x_wconf 66' lang='lat' dir='ltr'><strong>vixeritis,</strong></span> <span class='ocrx_word' id='word_1_192' title='bbox 422 2289 767 2344; x_wconf 79' lang='lat' dir='ltr'><strong>moriemini</strong></span> <span class='ocrx_word' id='word_1_193' title='bbox 783 2307 803 2354; x_wconf 89' lang='lat'><strong>‚·</strong></span> <span class='ocrx_word' id='word_1_194' title='bbox 836 2291 894 2343; x_wconf 81' lang='lat' dir='ltr'><strong>si</strong></span> <span class='ocrx_word' id='word_1_195' title='bbox 926 2297 1127 2344; x_wconf 79' lang='lat' dir='ltr'><strong>autem</strong></span> <span class='ocrx_word' id='word_1_196' title='bbox 1154 2291 1380 2364; x_wconf 78' lang='lat' dir='ltr'><strong>spiritu</strong></span> <span class='ocrx_word' id='word_1_197' title='bbox 1413 2288 1584 2363; x_wconf 80' lang='lat' dir='ltr'><strong>facta</strong></span> <span class='ocrx_word' id='word_1_198' title='bbox 1622 2290 1834 2343; x_wconf 80' lang='lat' dir='ltr'><strong>carnis</strong></span> <span class='ocrx_word' id='word_1_199' title='bbox 1857 2286 2185 2363; x_wconf 75' lang='lat' dir='ltr'><strong>mertifica-</strong></span> 
     </span>
     <span class='ocr_line' id='line_1_23' title="bbox 82 2378 2188 2458; baseline 0.003 -26"><span class='ocrx_word' id='word_1_200' title='bbox 82 2378 316 2446; x_wconf 73' lang='lat' dir='ltr'><strong>veritis,</strong></span> <span class='ocrx_word' id='word_1_201' title='bbox 363 2381 583 2436; x_wconf 78' lang='lat' dir='ltr'><strong>vivetis.</strong></span> <span class='ocrx_word' id='word_1_202' title='bbox 633 2380 1006 2458; x_wconf 77' lang='lat' dir='ltr'><strong>Quicumque</strong></span> <span class='ocrx_word' id='word_1_203' title='bbox 1040 2383 1264 2458; x_wconf 74' lang='lat' dir='ltr'><strong>spiritu</strong></span> <span class='ocrx_word' id='word_1_204' title='bbox 1302 2381 1420 2438; x_wconf 87' lang='lat' dir='ltr'><strong>Dei</strong></span> <span class='ocrx_word' id='word_1_205' title='bbox 1458 2391 1762 2458; x_wconf 60' lang='lat' dir='ltr'><strong>afflantur,</strong></span> <span class='ocrx_word' id='word_1_206' title='bbox 1801 2382 1860 2437; x_wconf 92' lang='lat' dir='ltr'><strong>ii</strong></span> <span class='ocrx_word' id='word_1_207' title='bbox 1890 2391 2036 2438; x_wconf 78' lang='lat' dir='ltr'><strong>sunt</strong></span> <span class='ocrx_word' id='word_1_208' title='bbox 2061 2382 2188 2458; x_wconf 84' lang='lat' dir='ltr'><strong>filii</strong></span> 
     </span>
     <span class='ocr_line' id='line_1_24' title="bbox 80 2469 2186 2553; baseline 0.003 -27"><span class='ocrx_word' id='word_1_209' title='bbox 80 2471 200 2527; x_wconf 82' lang='lat' dir='ltr'><strong>Dei</strong></span> <span class='ocrx_word' id='word_1_210' title='bbox 222 2469 330 2547; x_wconf 82' lang='lat'><strong>(4).</strong></span> <span class='ocrx_word' id='word_1_211' title='bbox 362 2471 472 2543; x_wconf 87' lang='lat' dir='ltr'><strong>Qui</strong></span> <span class='ocrx_word' id='word_1_212' title='bbox 499 2483 810 2553; x_wconf 87' lang='lat' dir='ltr'><strong>propterea</strong></span> <span class='ocrx_word' id='word_1_213' title='bbox 836 2472 908 2531; x_wconf 88' lang='lat' dir='ltr'><strong>de</strong></span> <span class='ocrx_word' id='word_1_214' title='bbox 932 2494 992 2532; x_wconf 86' lang='lat' dir='ltr'><strong>se</strong></span> <span class='ocrx_word' id='word_1_215' title='bbox 1020 2474 1145 2553; x_wconf 92' lang='lat' dir='ltr'><strong>ipso</strong></span> <span class='ocrx_word' id='word_1_216' title='bbox 1165 2472 1409 2553; x_wconf 88' lang='lat' dir='ltr'><strong>loquens</strong></span> <span class='ocrx_word' id='word_1_217' title='bbox 1432 2517 1448 2545; x_wconf 66' lang='lat'>7</span> <span class='ocrx_word' id='word_1_218' title='bbox 1478 2473 1557 2530; x_wconf 89' lang='lat' dir='ltr'><strong>ait</strong></span> <span class='ocrx_word' id='word_1_219' title='bbox 1583 2493 1597 2529; x_wconf 73' lang='grc' dir='ltr'>ε</span> <span class='ocrx_word' id='word_1_220' title='bbox 1642 2474 1786 2532; x_wconf 83' lang='lat' dir='ltr'><strong>Vivo</strong></span> <span class='ocrx_word' id='word_1_221' title='bbox 1817 2483 2020 2531; x_wconf 81' lang='lat' dir='ltr'><strong>autem</strong></span> <span class='ocrx_word' id='word_1_222' title='bbox 2037 2478 2186 2551; x_wconf 82' lang='lat' dir='ltr'><strong>jam</strong></span> 
     </span>
     <span class='ocr_line' id='line_1_25' title="bbox 80 2566 2184 2647; baseline 0.004 -27"><span class='ocrx_word' id='word_1_223' title='bbox 80 2583 197 2620; x_wconf 81' lang='lat' dir='ltr'><strong>non</strong></span> <span class='ocrx_word' id='word_1_224' title='bbox 235 2584 362 2642; x_wconf 69' lang='lat' dir='ltr'><strong>eqo,</strong></span> <span class='ocrx_word' id='word_1_225' title='bbox 398 2569 546 2624; x_wconf 82' lang='lat' dir='ltr'><strong>vivit</strong></span> <span class='ocrx_word' id='word_1_226' title='bbox 580 2589 711 2626; x_wconf 83' lang='lat' dir='ltr'><strong>vero</strong></span> <span class='ocrx_word' id='word_1_227' title='bbox 741 2573 810 2625; x_wconf 80' lang='lat' dir='ltr'><strong>in</strong></span> <span class='ocrx_word' id='word_1_228' title='bbox 840 2589 930 2625; x_wconf 83' lang='lat' dir='ltr'><strong>me</strong></span> <span class='ocrx_word' id='word_1_229' title='bbox 963 2568 1238 2626; x_wconf 70' lang='lat' dir='ltr'><strong>Christus</strong></span> <span class='ocrx_word' id='word_1_230' title='bbox 1276 2568 1387 2646; x_wconf 83' lang='grc'>(5).</span> <span class='ocrx_word' id='word_1_231' title='bbox 1425 2566 1506 2625; x_wconf 86' lang='lat' dir='ltr'><strong>Ut</strong></span> <span class='ocrx_word' id='word_1_232' title='bbox 1535 2566 1644 2624; x_wconf 87' lang='lat' dir='ltr'><strong>alia</strong></span> <span class='ocrx_word' id='word_1_233' title='bbox 1682 2588 1833 2647; x_wconf 89' lang='lat' dir='ltr'><strong>pene</strong></span> <span class='ocrx_word' id='word_1_234' title='bbox 1871 2568 2184 2628; x_wconf 86' lang='lat' dir='ltr'><strong>innumera</strong></span> 
     </span>
     <span class='ocr_line' id='line_1_26' title="bbox 79 2659 2183 2742; baseline 0.004 -27"><span class='ocrx_word' id='word_1_235' title='bbox 79 2669 457 2738; x_wconf 70' lang='lat' dir='ltr'><strong>praeteream,</strong></span> <span class='ocrx_word' id='word_1_236' title='bbox 506 2659 715 2740; x_wconf 89' lang='lat' dir='ltr'><strong>quibus</strong></span> <span class='ocrx_word' id='word_1_237' title='bbox 750 2660 925 2742; x_wconf 87' lang='lat' dir='ltr'><strong>plena</strong></span> <span class='ocrx_word' id='word_1_238' title='bbox 965 2670 1102 2718; x_wconf 89' lang='lat' dir='ltr'><strong>sunt</strong></span> <span class='ocrx_word' id='word_1_239' title='bbox 1143 2681 1301 2719; x_wconf 87' lang='lat' dir='ltr'><strong>sacra</strong></span> <span class='ocrx_word' id='word_1_240' title='bbox 1340 2660 1587 2741; x_wconf 81' lang='lat' dir='ltr'><strong>eloquia.</strong></span> <span class='ocrx_word' id='word_1_241' title='bbox 1626 2662 1754 2721; x_wconf 90' lang='lat' dir='ltr'><strong>Huc</strong></span> <span class='ocrx_word' id='word_1_242' title='bbox 1777 2662 1994 2742; x_wconf 89' lang='lat' dir='ltr'><strong>pariter</strong></span> <span class='ocrx_word' id='word_1_243' title='bbox 2029 2664 2183 2723; x_wconf 90' lang='lat' dir='ltr'><strong>refe-</strong></span> 
     </span>
     <span class='ocr_line' id='line_1_27' title="bbox 76 2754 2183 2837; baseline 0.003 -28"><span class='ocrx_word' id='word_1_244' title='bbox 76 2763 287 2810; x_wconf 87' lang='lat' dir='ltr'><strong>runtur</strong></span> <span class='ocrx_word' id='word_1_245' title='bbox 310 2797 326 2827; x_wconf 77' lang='lat'>‚</span> <span class='ocrx_word' id='word_1_246' title='bbox 351 2774 480 2834; x_wconf 82' lang='lat' dir='ltr'><strong>quae</strong></span> <span class='ocrx_word' id='word_1_247' title='bbox 510 2756 702 2813; x_wconf 81' lang='lat' dir='ltr'><strong>Patres</strong></span> <span class='ocrx_word' id='word_1_248' title='bbox 726 2755 1086 2814; x_wconf 85' lang='lat' dir='ltr'><strong>unanimiter</strong></span> <span class='ocrx_word' id='word_1_249' title='bbox 1115 2754 1376 2814; x_wconf 85' lang='lat' dir='ltr'><strong>scribunt</strong></span> <span class='ocrx_word' id='word_1_250' title='bbox 1396 2801 1413 2829; x_wconf 60' lang='lat' dir='ltr'>a</span> <span class='ocrx_word' id='word_1_251' title='bbox 1446 2756 1766 2837; x_wconf 72' lang='lat' dir='ltr'><strong>praesertim</strong></span> <span class='ocrx_word' id='word_1_252' title='bbox 1798 2778 1937 2817; x_wconf 85' lang='lat' dir='ltr'><strong>vero</strong></span> <span class='ocrx_word' id='word_1_253' title='bbox 1979 2758 2036 2815; x_wconf 91' lang='lat' dir='ltr'><strong>S.</strong></span> <span class='ocrx_word' id='word_1_254' title='bbox 2063 2758 2183 2816; x_wconf 83' lang='lat' dir='ltr'><strong>Au-</strong></span> 
     </span>
     <span class='ocr_line' id='line_1_28' title="bbox 80 2846 2183 2932; baseline 0.004 -29"><span class='ocrx_word' id='word_1_255' title='bbox 80 2846 339 2925; x_wconf 84' lang='lat' dir='ltr'><strong>gustinus</strong></span> <span class='ocrx_word' id='word_1_256' title='bbox 358 2892 374 2921; x_wconf 78' lang='lat'>‚</span> <span class='ocrx_word' id='word_1_257' title='bbox 414 2849 572 2929; x_wconf 91' lang='lat' dir='ltr'><strong>quod</strong></span> <span class='ocrx_word' id='word_1_258' title='bbox 596 2850 658 2923; x_wconf 79' lang='lat' dir='ltr'><strong>ii,</strong></span> <span class='ocrx_word' id='word_1_259' title='bbox 695 2850 795 2931; x_wconf 90' lang='lat' dir='ltr'><strong>qui</strong></span> <span class='ocrx_word' id='word_1_260' title='bbox 821 2860 958 2908; x_wconf 88' lang='lat' dir='ltr'><strong>sunt</strong></span> <span class='ocrx_word' id='word_1_261' title='bbox 982 2861 1141 2909; x_wconf 87' lang='lat' dir='ltr'><strong>extra</strong></span> <span class='ocrx_word' id='word_1_262' title='bbox 1176 2871 1382 2932; x_wconf 89' lang='lat' dir='ltr'><strong>corpus</strong></span> <span class='ocrx_word' id='word_1_263' title='bbox 1409 2850 1645 2924; x_wconf 72' lang='lat' dir='ltr'><strong>Christi,</strong></span> <span class='ocrx_word' id='word_1_264' title='bbox 1670 2874 1791 2910; x_wconf 89' lang='lat' dir='ltr'><strong>non</strong></span> <span class='ocrx_word' id='word_1_265' title='bbox 1817 2853 2183 2912; x_wconf 88' lang='lat' dir='ltr'><strong>vivificantur</strong></span> 
     </span>
     <span class='ocr_line' id='line_1_29' title="bbox 77 2941 2181 3027; baseline 0.005 -30"><span class='ocrx_word' id='word_1_266' title='bbox 77 2963 108 2997; x_wconf 90' lang='lat' dir='ltr'><strong>a</strong></span> <span class='ocrx_word' id='word_1_267' title='bbox 137 2941 343 3022; x_wconf 89' lang='lat' dir='ltr'><strong>spiritu</strong></span> <span class='ocrx_word' id='word_1_268' title='bbox 363 2942 609 3002; x_wconf 88' lang='lat' dir='ltr'><strong>Christi:</strong></span> <span class='ocrx_word' id='word_1_269' title='bbox 645 2943 747 3006; x_wconf 75' lang='lat' dir='ltr'><strong>Vis</strong></span> <span class='ocrx_word' id='word_1_270' title='bbox 770 2945 1142 3027; x_wconf 47' lang='lat' dir='ltr'><strong>erqoginquit</strong></span> <span class='ocrx_word' id='word_1_271' title='bbox 1162 2990 1178 3020; x_wconf 78' lang='lat'><strong>.,</strong></span> <span class='ocrx_word' id='word_1_272' title='bbox 1204 2957 1261 3004; x_wconf 82' lang='lat' dir='ltr'><strong>et</strong></span> <span class='ocrx_word' id='word_1_273' title='bbox 1280 2958 1343 3005; x_wconf 80' lang='lat' dir='ltr'><strong>tu</strong></span> <span class='ocrx_word' id='word_1_274' title='bbox 1365 2951 1555 3005; x_wconf 77' lang='lat' dir='ltr'><strong>vivere</strong></span> <span class='ocrx_word' id='word_1_275' title='bbox 1577 2949 1646 3005; x_wconf 85' lang='lat' dir='ltr'><strong>de</strong></span> <span class='ocrx_word' id='word_1_276' title='bbox 1671 2950 1895 3026; x_wconf 76' lang='lat' dir='ltr'><strong>spiritu</strong></span> <span class='ocrx_word' id='word_1_277' title='bbox 1918 2947 2181 3007; x_wconf 74' lang='lat' dir='ltr'><strong>Christi?</strong></span> 
     </span>
     <span class='ocr_line' id='line_1_30' title="bbox 77 3036 2184 3121; baseline 0.004 -28"><span class='ocrx_word' id='word_1_278' title='bbox 77 3036 155 3094; x_wconf 80' lang='lat' dir='ltr'><strong>In</strong></span> <span class='ocrx_word' id='word_1_279' title='bbox 190 3057 428 3116; x_wconf 80' lang='lat' dir='ltr'><strong>corpore</strong></span> <span class='ocrx_word' id='word_1_280' title='bbox 453 3049 565 3098; x_wconf 76' lang='lat' dir='ltr'><strong>esto</strong></span> <span class='ocrx_word' id='word_1_281' title='bbox 605 3040 901 3100; x_wconf 76' lang='lat' dir='ltr'><strong>Christi...</strong></span> <span class='ocrx_word' id='word_1_282' title='bbox 934 3041 1076 3100; x_wconf 77' lang='lat' dir='ltr'><strong>Non</strong></span> <span class='ocrx_word' id='word_1_283' title='bbox 1101 3051 1292 3121; x_wconf 78' lang='lat' dir='ltr'><strong>potest</strong></span> <span class='ocrx_word' id='word_1_284' title='bbox 1315 3046 1501 3100; x_wconf 80' lang='lat' dir='ltr'><strong>vivere</strong></span> <span class='ocrx_word' id='word_1_285' title='bbox 1528 3063 1742 3120; x_wconf 76' lang='lat' dir='ltr'><strong>corpus</strong></span> <span class='ocrx_word' id='word_1_286' title='bbox 1772 3042 2027 3112; x_wconf 75' lang='lat' dir='ltr'><strong>Christi,</strong></span> <span class='ocrx_word' id='word_1_287' title='bbox 2054 3046 2184 3103; x_wconf 72' lang='lat' dir='ltr'><strong>nisi</strong></span> 
     </span>
     <span class='ocr_line' id='line_1_31' title="bbox 76 3129 792 3214; baseline 0.01 -27"><span class='ocrx_word' id='word_1_288' title='bbox 76 3129 148 3188; x_wconf 83' lang='lat' dir='ltr'><strong>de</strong></span> <span class='ocrx_word' id='word_1_289' title='bbox 173 3136 401 3210; x_wconf 72' lang='lat' dir='ltr'><strong>spiritu</strong></span> <span class='ocrx_word' id='word_1_290' title='bbox 439 3134 665 3193; x_wconf 73' lang='lat' dir='ltr'><strong>Christi</strong></span> <span class='ocrx_word' id='word_1_291' title='bbox 682 3135 792 3214; x_wconf 87' lang='lat'><strong>(6).</strong></span> 
     </span>
    </p>
   </div>
   <div class='ocr_carea' id='block_1_5' title="bbox 148 3373 2179 3693">
    <p class='ocr_par' dir='ltr' id='par_1_6' title="bbox 148 3373 2179 3693">
     <span class='ocr_line' id='line_1_32' title="bbox 148 3373 2174 3446; baseline 0.003 -24"><span class='ocrx_word' id='word_1_292' title='bbox 148 3373 214 3435; x_wconf 88' lang='lat' dir='ltr'><strong>(l)</strong></span> <span class='ocrx_word' id='word_1_293' title='bbox 249 3373 410 3426; x_wconf 76' lang='lat' dir='ltr'><strong>matth.</strong></span> <span class='ocrx_word' id='word_1_294' title='bbox 432 3394 568 3437; x_wconf 78' lang='lat' dir='ltr'><strong>xxvi,</strong></span> <span class='ocrx_word' id='word_1_295' title='bbox 596 3379 653 3427; x_wconf 82' lang='lat'><strong>13</strong></span> <span class='ocrx_word' id='word_1_296' title='bbox 677 3395 693 3442; x_wconf 82' lang='lat'>3</span> <span class='ocrx_word' id='word_1_297' title='bbox 719 3378 858 3429; x_wconf 84' lang='lat' dir='ltr'><strong>Marc.</strong></span> <span class='ocrx_word' id='word_1_298' title='bbox 884 3395 963 3428; x_wconf 73' lang='lat' dir='ltr'><strong>xxv</strong></span> <span class='ocrx_word' id='word_1_299' title='bbox 981 3413 998 3440; x_wconf 88' lang='lat'>‚</span> <span class='ocrx_word' id='word_1_300' title='bbox 1022 3395 1074 3446; x_wconf 86' lang='lat'><strong>9.</strong></span> <span class='ocrx_word' id='word_1_301' title='bbox 1229 3379 1296 3444; x_wconf 80' lang='lat'><strong>(6)</strong></span> <span class='ocrx_word' id='word_1_302' title='bbox 1333 3379 1486 3428; x_wconf 88' lang='lat' dir='ltr'><strong>Tract.</strong></span> <span class='ocrx_word' id='word_1_303' title='bbox 1531 3379 1694 3439; x_wconf 81' lang='lat' dir='ltr'><strong>xxxvi,</strong></span> <span class='ocrx_word' id='word_1_304' title='bbox 1736 3381 1786 3427; x_wconf 83' lang='lat' dir='ltr'><strong>in</strong></span> <span class='ocrx_word' id='word_1_305' title='bbox 1816 3378 1951 3429; x_wconf 86' lang='lat' dir='ltr'><strong>Joan.</strong></span> <span class='ocrx_word' id='word_1_306' title='bbox 1989 3398 2040 3429; x_wconf 90' lang='lat' dir='ltr'><strong>n.</strong></span> <span class='ocrx_word' id='word_1_307' title='bbox 2095 3379 2174 3429; x_wconf 85' lang='lat'><strong>13.</strong></span> 
     </span>
     <span class='ocr_line' id='line_1_33' title="bbox 148 3455 2179 3528; baseline 0.004 -26"><span class='ocrx_word' id='word_1_308' title='bbox 148 3455 216 3518; x_wconf 60' lang='grc' dir='ltr'><strong>(ἒ)</strong></span> <span class='ocrx_word' id='word_1_309' title='bbox 249 3455 380 3506; x_wconf 84' lang='lat' dir='ltr'><strong>Rom.</strong></span> <span class='ocrx_word' id='word_1_310' title='bbox 403 3460 493 3509; x_wconf 89' lang='lat' dir='ltr'><strong>loc.</strong></span> <span class='ocrx_word' id='word_1_311' title='bbox 525 3464 604 3510; x_wconf 87' lang='lat' dir='ltr'><strong>cit.</strong></span> <span class='ocrx_word' id='word_1_312' title='bbox 1158 3460 1225 3510; x_wconf 86' lang='lat' dir='ltr'><strong>Ex</strong></span> <span class='ocrx_word' id='word_1_313' title='bbox 1262 3462 1334 3510; x_wconf 84' lang='lat' dir='ltr'><strong>his</strong></span> <span class='ocrx_word' id='word_1_314' title='bbox 1370 3462 1542 3510; x_wconf 82' lang='lat' dir='ltr'><strong>clarius</strong></span> <span class='ocrx_word' id='word_1_315' title='bbox 1568 3460 1922 3526; x_wconf 76' lang='lat' dir='ltr'><strong>intelliguntur,</strong></span> <span class='ocrx_word' id='word_1_316' title='bbox 1964 3479 2069 3528; x_wconf 84' lang='lat' dir='ltr'><strong>quae</strong></span> <span class='ocrx_word' id='word_1_317' title='bbox 2101 3478 2179 3510; x_wconf 82' lang='lat' dir='ltr'><strong>su-</strong></span> 
     </span>
     <span class='ocr_line' id='line_1_34' title="bbox 148 3535 2172 3608; baseline 0.004 -25"><span class='ocrx_word' id='word_1_318' title='bbox 148 3537 216 3596; x_wconf 89' lang='lat'><strong>(3)</strong></span> <span class='ocrx_word' id='word_1_319' title='bbox 250 3535 388 3588; x_wconf 73' lang='lat' dir='ltr'><strong>Joan.</strong></span> <span class='ocrx_word' id='word_1_320' title='bbox 422 3555 528 3602; x_wconf 73' lang='lat' dir='ltr'><strong>xiv,</strong></span> <span class='ocrx_word' id='word_1_321' title='bbox 559 3543 734 3593; x_wconf 79' lang='lat' dir='ltr'><strong>:zo-23.</strong></span> <span class='ocrx_word' id='word_1_322' title='bbox 1156 3544 1311 3608; x_wconf 83' lang='lat' dir='ltr'><strong>petius</strong></span> <span class='ocrx_word' id='word_1_323' title='bbox 1335 3543 1697 3608; x_wconf 81' lang='lat' dir='ltr'><strong>explanavimus,</strong></span> <span class='ocrx_word' id='word_1_324' title='bbox 1726 3542 1774 3593; x_wconf 90' lang='lat' dir='ltr'><strong>S.</strong></span> <span class='ocrx_word' id='word_1_325' title='bbox 1801 3542 2009 3593; x_wconf 82' lang='lat' dir='ltr'><strong>Doctoris</strong></span> <span class='ocrx_word' id='word_1_326' title='bbox 2032 3543 2172 3603; x_wconf 82' lang='lat' dir='ltr'><strong>dicta,</strong></span> 
     </span>
     <span class='ocr_line' id='line_1_35' title="bbox 149 3618 2175 3693; baseline 0.003 -27"><span class='ocrx_word' id='word_1_327' title='bbox 149 3620 211 3679; x_wconf 64' lang='lat' dir='ltr'><em>(lt)</em></span> <span class='ocrx_word' id='word_1_328' title='bbox 246 3618 383 3669; x_wconf 87' lang='lat' dir='ltr'><strong>Rom.</strong></span> <span class='ocrx_word' id='word_1_329' title='bbox 409 3622 517 3685; x_wconf 83' lang='lat' dir='ltr'><strong>viii,</strong></span> <span class='ocrx_word' id='word_1_330' title='bbox 561 3624 726 3689; x_wconf 70' lang='lat'><strong>11-14.</strong></span> <span class='ocrx_word' id='word_1_331' title='bbox 907 3691 909 3693; x_wconf 21' lang='grc' dir='ltr'>Ι</span> <span class='ocrx_word' id='word_1_332' title='bbox 1157 3625 1329 3691; x_wconf 80' lang='lat' dir='ltr'><strong>quibus</strong></span> <span class='ocrx_word' id='word_1_333' title='bbox 1348 3625 1544 3674; x_wconf 80' lang='lat' dir='ltr'><strong>affirmat</strong></span> <span class='ocrx_word' id='word_1_334' title='bbox 1560 3661 1574 3686; x_wconf 90' lang='lat'>‚</span> <span class='ocrx_word' id='word_1_335' title='bbox 1590 3636 1843 3691; x_wconf 77' lang='lat' dir='ltr'><strong>peccatores</strong></span> <span class='ocrx_word' id='word_1_336' title='bbox 1860 3642 1956 3676; x_wconf 83' lang='lat' dir='ltr'><strong>esse</strong></span> <span class='ocrx_word' id='word_1_337' title='bbox 1986 3624 2175 3690; x_wconf 87' lang='lat' dir='ltr'><strong>quidem</strong></span> 
     </span>
    </p>
   </div>
   <div class='ocr_carea' id='block_1_6' title="bbox 148 3698 2174 3773">
    <p class='ocr_par' dir='ltr' id='par_1_7' title="bbox 148 3698 2174 3773">
     <span class='ocr_line' id='line_1_36' title="bbox 148 3698 2174 3773; baseline -0.002 -12"><span class='ocrx_word' id='word_1_338' title='bbox 148 3698 219 3764; x_wconf 75' lang='grc'><strong>(5)</strong></span> <span class='ocrx_word' id='word_1_339' title='bbox 255 3700 401 3751; x_wconf 63' lang='lat' dir='ltr'><strong>Galat·</strong></span> <span class='ocrx_word' id='word_1_340' title='bbox 429 3704 492 3762; x_wconf 66' lang='grc' dir='ltr'><strong>ἦ,</strong></span> <span class='ocrx_word' id='word_1_341' title='bbox 530 3718 608 3754; x_wconf 82' lang='lat'><strong>20.</strong></span> <span class='ocrx_word' id='word_1_342' title='bbox 1157 3709 1207 3756; x_wconf 84' lang='lat' dir='ltr'><strong>in</strong></span> <span class='ocrx_word' id='word_1_343' title='bbox 1243 3724 1428 3773; x_wconf 86' lang='lat' dir='ltr'><strong>corpore</strong></span> <span class='ocrx_word' id='word_1_344' title='bbox 1475 3708 1684 3758; x_wconf 80' lang='lat' dir='ltr'><strong>Ecclesiae</strong></span> <span class='ocrx_word' id='word_1_345' title='bbox 1712 3746 1726 3770; x_wconf 92' lang='lat'>,</span> <span class='ocrx_word' id='word_1_346' title='bbox 1767 3718 1864 3758; x_wconf 76' lang='lat' dir='ltr'><strong>‘non</strong></span> <span class='ocrx_word' id='word_1_347' title='bbox 1913 3717 2065 3758; x_wconf 76' lang='lat' dir='ltr'><strong>autem</strong></span> <span class='ocrx_word' id='word_1_348' title='bbox 2112 3706 2174 3757; x_wconf 79' lang='lat' dir='ltr'><strong>de</strong></span> 
     </span>
    </p>
   </div>
  </div>
 </body>
</html>
