<?xml version="1.0" encoding="UTF-8"?>
<!DOCTYPE html PUBLIC "-//W3C//DTD XHTML 1.0 Transitional//EN"
    "http://www.w3.org/TR/xhtml1/DTD/xhtml1-transitional.dtd">
<html xmlns="http://www.w3.org/1999/xhtml" xml:lang="en" lang="en">
 <head>
  <title>
</title>
<meta http-equiv="Content-Type" content="text/html;charset=utf-8" />
  <meta name='ocr-system' content='tesseract 3.04.00' />
  <meta name='ocr-capabilities' content='ocr_page ocr_carea ocr_par ocr_line ocrx_word'/>
</head>
<body>
  <div class='ocr_page' id='page_1' title='image "a603693808perruoft_0425.png"; bbox 0 0 2514 4218; ppageno 0'>
   <div class='ocr_carea' id='block_1_1' title="bbox 2083 176 2202 236">
    <p class='ocr_par' dir='ltr' id='par_1_1' title="bbox 2083 176 2202 236">
     <span class='ocr_line' id='line_1_1' title="bbox 2083 176 2202 236; baseline 0.017 -2"><span class='ocrx_word' id='word_1_1' title='bbox 2083 176 2202 236; x_wconf 71' lang='lat'><strong>413</strong></span> 
     </span>
    </p>
   </div>
   <div class='ocr_carea' id='block_1_2' title="bbox 391 196 1894 238">
    <p class='ocr_par' dir='ltr' id='par_1_2' title="bbox 391 196 1894 238">
     <span class='ocr_line' id='line_1_2' title="bbox 391 196 1894 238; baseline -0.002 -1"><span class='ocrx_word' id='word_1_2' title='bbox 391 201 554 237; x_wconf 76' lang='lat' dir='ltr'><strong><em>PART.</em></strong></span> <span class='ocrx_word' id='word_1_3' title='bbox 602 200 645 238; x_wconf 86' lang='lat'><strong>1.</strong></span> <span class='ocrx_word' id='word_1_4' title='bbox 694 197 846 236; x_wconf 76' lang='lat' dir='ltr'><strong><em>SEGT.</em></strong></span> <span class='ocrx_word' id='word_1_5' title='bbox 894 199 954 236; x_wconf 83' lang='lat'><strong>11.</strong></span> <span class='ocrx_word' id='word_1_6' title='bbox 1005 199 1128 237; x_wconf 75' lang='lat' dir='ltr'><strong>CAP.</strong></span> <span class='ocrx_word' id='word_1_7' title='bbox 1179 197 1244 235; x_wconf 88' lang='lat'><strong>11.</strong></span> <span class='ocrx_word' id='word_1_8' title='bbox 1297 199 1362 234; x_wconf 79' lang='lat' dir='ltr'><strong>DE</strong></span> <span class='ocrx_word' id='word_1_9' title='bbox 1409 196 1633 236; x_wconf 68' lang='lat' dir='ltr'><strong>PRIMAT.</strong></span> <span class='ocrx_word' id='word_1_10' title='bbox 1678 196 1894 234; x_wconf 69' lang='lat' dir='ltr'><strong><em>PERPET.</em></strong></span> 
     </span>
    </p>
   </div>
   <div class='ocr_carea' id='block_1_3' title="bbox 77 340 2204 612">
    <p class='ocr_par' dir='ltr' id='par_1_3' title="bbox 77 340 2204 612">
     <span class='ocr_line' id='line_1_3' title="bbox 77 340 2193 425; baseline -0.002 -22"><span class='ocrx_word' id='word_1_11' title='bbox 77 347 226 403; x_wconf 78' lang='lat' dir='ltr'><strong>lente</strong></span> <span class='ocrx_word' id='word_1_12' title='bbox 245 390 260 419; x_wconf 79' lang='lat'><strong>.,</strong></span> <span class='ocrx_word' id='word_1_13' title='bbox 305 363 684 403; x_wconf 84' lang='lat' dir='ltr'><strong>successorem</strong></span> <span class='ocrx_word' id='word_1_14' title='bbox 729 342 883 402; x_wconf 84' lang='lat' dir='ltr'><strong>Petri</strong></span> <span class='ocrx_word' id='word_1_15' title='bbox 911 342 1022 401; x_wconf 90' lang='lat' dir='ltr'><strong>frui</strong></span> <span class='ocrx_word' id='word_1_16' title='bbox 1050 342 1304 425; x_wconf 90' lang='lat' dir='ltr'><strong>primatu</strong></span> <span class='ocrx_word' id='word_1_17' title='bbox 1327 388 1343 415; x_wconf 71' lang='lat'>,</span> <span class='ocrx_word' id='word_1_18' title='bbox 1372 363 1547 423; x_wconf 80' lang='lat' dir='ltr'><strong>quem</strong></span> <span class='ocrx_word' id='word_1_19' title='bbox 1573 340 1834 401; x_wconf 87' lang='lat' dir='ltr'><strong>Christus</strong></span> <span class='ocrx_word' id='word_1_20' title='bbox 1851 340 1978 421; x_wconf 90' lang='lat' dir='ltr'><strong>ipse</strong></span> <span class='ocrx_word' id='word_1_21' title='bbox 2021 341 2193 399; x_wconf 86' lang='lat' dir='ltr'><strong>Petro</strong></span> 
     </span>
     <span class='ocr_line' id='line_1_4' title="bbox 77 436 2204 518; baseline -0.002 -19"><span class='ocrx_word' id='word_1_22' title='bbox 77 438 355 511; x_wconf 54' lang='lat' dir='ltr'><strong>contulit„</strong></span> <span class='ocrx_word' id='word_1_23' title='bbox 393 437 456 496; x_wconf 86' lang='lat' dir='ltr'><strong>id</strong></span> <span class='ocrx_word' id='word_1_24' title='bbox 498 447 651 497; x_wconf 88' lang='lat' dir='ltr'><strong>certe</strong></span> <span class='ocrx_word' id='word_1_25' title='bbox 699 441 941 497; x_wconf 90' lang='lat' dir='ltr'><strong>omnino</strong></span> <span class='ocrx_word' id='word_1_26' title='bbox 975 437 1183 496; x_wconf 89' lang='lat' dir='ltr'><strong>falsum</strong></span> <span class='ocrx_word' id='word_1_27' title='bbox 1218 438 1329 517; x_wconf 89' lang='lat' dir='ltr'><strong>(l).</strong></span> <span class='ocrx_word' id='word_1_28' title='bbox 1375 438 1497 496; x_wconf 88' lang='lat' dir='ltr'><strong>Hoc</strong></span> <span class='ocrx_word' id='word_1_29' title='bbox 1531 437 1690 496; x_wconf 90' lang='lat' dir='ltr'><strong>enim</strong></span> <span class='ocrx_word' id='word_1_30' title='bbox 1730 436 2055 512; x_wconf 79' lang='lat' dir='ltr'><strong>affirmant,</strong></span> <span class='ocrx_word' id='word_1_31' title='bbox 2100 436 2204 518; x_wconf 87' lang='lat' dir='ltr'><strong>qui</strong></span> 
     </span>
     <span class='ocr_line' id='line_1_5' title="bbox 77 531 2203 612; baseline -0.001 -19"><span class='ocrx_word' id='word_1_32' title='bbox 77 544 287 593; x_wconf 83' lang='lat' dir='ltr'><strong>vocant</strong></span> <span class='ocrx_word' id='word_1_33' title='bbox 322 554 468 590; x_wconf 88' lang='lat' dir='ltr'><strong>rom.</strong></span> <span class='ocrx_word' id='word_1_34' title='bbox 508 533 847 591; x_wconf 84' lang='lat' dir='ltr'><strong>Pontificem</strong></span> <span class='ocrx_word' id='word_1_35' title='bbox 870 533 1329 610; x_wconf 79' lang='lat' dir='ltr'><strong>firmamentum</strong></span> <span class='ocrx_word' id='word_1_36' title='bbox 1369 554 1409 590; x_wconf 91' lang='lat' dir='ltr'><strong>a</strong></span> <span class='ocrx_word' id='word_1_37' title='bbox 1445 535 1567 591; x_wconf 89' lang='lat' dir='ltr'><strong>Deo</strong></span> <span class='ocrx_word' id='word_1_38' title='bbox 1602 534 1829 612; x_wconf 63' lang='lat' dir='ltr'><strong>fimum,</strong></span> <span class='ocrx_word' id='word_1_39' title='bbox 1857 531 1944 588; x_wconf 82' lang='lat' dir='ltr'><strong>uti</strong></span> <span class='ocrx_word' id='word_1_40' title='bbox 1977 531 2203 611; x_wconf 81' lang='lat' dir='ltr'><strong>Sergius</strong></span> 
     </span>
    </p>
   </div>
   <div class='ocr_carea' id='block_1_4' title="bbox 71 625 2293 706">
    <p class='ocr_par' dir='ltr' id='par_1_4' title="bbox 71 625 2293 706">
     <span class='ocr_line' id='line_1_6' title="bbox 71 625 2293 706; baseline -0.001 -21"><span class='ocrx_word' id='word_1_41' title='bbox 71 625 282 699; x_wconf 65' lang='lat' dir='ltr'><strong>habetg</strong></span> <span class='ocrx_word' id='word_1_42' title='bbox 334 627 433 706; x_wconf 88' lang='lat' dir='ltr'><strong>qui</strong></span> <span class='ocrx_word' id='word_1_43' title='bbox 487 637 699 685; x_wconf 88' lang='lat' dir='ltr'><strong>vocant</strong></span> <span class='ocrx_word' id='word_1_44' title='bbox 753 648 902 685; x_wconf 89' lang='lat' dir='ltr'><strong>rom.</strong></span> <span class='ocrx_word' id='word_1_45' title='bbox 954 626 1291 686; x_wconf 84' lang='lat' dir='ltr'><strong>Pontificem</strong></span> <span class='ocrx_word' id='word_1_46' title='bbox 1346 628 1652 686; x_wconf 78' lang='lat' dir='ltr'><strong>Rectorem</strong></span> <span class='ocrx_word' id='word_1_47' title='bbox 1707 627 1917 684; x_wconf 80' lang='lat' dir='ltr'><strong>domus</strong></span> <span class='ocrx_word' id='word_1_48' title='bbox 1949 626 2097 694; x_wconf 80' lang='lat' dir='ltr'><strong>Dei,</strong></span> <span class='ocrx_word' id='word_1_49' title='bbox 2136 635 2205 684; x_wconf 87' lang='lat' dir='ltr'><strong>ut</strong></span> <span class='ocrx_word' id='word_1_50' title='bbox 2289 702 2293 706; x_wconf 10' lang='grc' dir='ltr'><em>ᾗ</em></span> 
     </span>
    </p>
   </div>
   <div class='ocr_carea' id='block_1_5' title="bbox 64 719 2207 1847">
    <p class='ocr_par' dir='ltr' id='par_1_5' title="bbox 64 719 2207 1847">
     <span class='ocr_line' id='line_1_7' title="bbox 68 719 2201 802; baseline -0.001 -22"><span class='ocrx_word' id='word_1_51' title='bbox 68 719 495 780; x_wconf 89' lang='lat' dir='ltr'><strong>Ambrosiaster</strong></span> <span class='ocrx_word' id='word_1_52' title='bbox 525 720 651 802; x_wconf 80' lang='lat'>(2);</span> <span class='ocrx_word' id='word_1_53' title='bbox 684 721 785 802; x_wconf 89' lang='lat' dir='ltr'><strong>qui</strong></span> <span class='ocrx_word' id='word_1_54' title='bbox 814 719 1146 795; x_wconf 66' lang='lat' dir='ltr'><strong>dicunt,‚ihi</strong></span> <span class='ocrx_word' id='word_1_55' title='bbox 1166 741 1289 779; x_wconf 90' lang='lat' dir='ltr'><strong>esse</strong></span> <span class='ocrx_word' id='word_1_56' title='bbox 1323 723 1686 794; x_wconf 73' lang='lat' dir='ltr'><strong>Ecclesiam,</strong></span> <span class='ocrx_word' id='word_1_57' title='bbox 1716 722 1831 778; x_wconf 78' lang='lat' dir='ltr'><strong>ubi</strong></span> <span class='ocrx_word' id='word_1_58' title='bbox 1848 730 1930 778; x_wconf 84' lang='lat' dir='ltr'><strong>est</strong></span> <span class='ocrx_word' id='word_1_59' title='bbox 1952 720 2201 790; x_wconf 79' lang='lat' dir='ltr'><strong>Petrus,</strong></span> 
     </span>
     <span class='ocr_line' id='line_1_8' title="bbox 66 813 2205 897; baseline -0.001 -22"><span class='ocrx_word' id='word_1_60' title='bbox 66 837 280 897; x_wconf 81' lang='lat' dir='ltr'><strong>nempe</strong></span> <span class='ocrx_word' id='word_1_61' title='bbox 309 838 455 874; x_wconf 87' lang='lat' dir='ltr'><strong>rom.</strong></span> <span class='ocrx_word' id='word_1_62' title='bbox 504 816 767 876; x_wconf 84' lang='lat' dir='ltr'><strong>Pontifex</strong></span> <span class='ocrx_word' id='word_1_63' title='bbox 790 828 822 890; x_wconf 69' lang='lat'><strong>7&#39;</strong></span> <span class='ocrx_word' id='word_1_64' title='bbox 851 816 935 874; x_wconf 90' lang='lat' dir='ltr'><strong>uti</strong></span> <span class='ocrx_word' id='word_1_65' title='bbox 978 813 1311 874; x_wconf 88' lang='lat' dir='ltr'><strong>Ambrosius</strong></span> <span class='ocrx_word' id='word_1_66' title='bbox 1346 815 1465 895; x_wconf 76' lang='lat'><strong>(3);</strong></span> <span class='ocrx_word' id='word_1_67' title='bbox 1516 816 1612 897; x_wconf 91' lang='lat' dir='ltr'><strong>qui</strong></span> <span class='ocrx_word' id='word_1_68' title='bbox 1645 827 1937 876; x_wconf 83' lang='lat' dir='ltr'><strong>testantur</strong></span> <span class='ocrx_word' id='word_1_69' title='bbox 1982 815 2205 874; x_wconf 75' lang='lat' dir='ltr'><strong>Christi</strong></span> 
     </span>
     <span class='ocr_line' id='line_1_9' title="bbox 65 909 2200 991; baseline -0 -23"><span class='ocrx_word' id='word_1_70' title='bbox 65 914 212 981; x_wconf 79' lang='lat' dir='ltr'><strong>esse‘,</strong></span> <span class='ocrx_word' id='word_1_71' title='bbox 252 911 349 991; x_wconf 89' lang='lat' dir='ltr'><strong>qui</strong></span> <span class='ocrx_word' id='word_1_72' title='bbox 381 909 640 978; x_wconf 87' lang='lat' dir='ltr'><strong>adhaeret</strong></span> <span class='ocrx_word' id='word_1_73' title='bbox 667 931 812 969; x_wconf 89' lang='lat' dir='ltr'><strong>rom.</strong></span> <span class='ocrx_word' id='word_1_74' title='bbox 848 909 1145 978; x_wconf 68' lang='lat' dir='ltr'><strong>Pontifici,</strong></span> <span class='ocrx_word' id='word_1_75' title='bbox 1176 909 1263 967; x_wconf 89' lang='lat' dir='ltr'><strong>uti</strong></span> <span class='ocrx_word' id='word_1_76' title='bbox 1287 910 1708 990; x_wconf 78' lang='lat' dir='ltr'><strong>Hieronymus3</strong></span> <span class='ocrx_word' id='word_1_77' title='bbox 1747 909 2200 991; x_wconf 55' lang='lat' dir='ltr'><strong>quiadstruunt3</strong></span> 
     </span>
     <span class='ocr_line' id='line_1_10' title="bbox 66 1003 2207 1085; baseline 0 -22"><span class='ocrx_word' id='word_1_78' title='bbox 66 1003 276 1063; x_wconf 87' lang='lat' dir='ltr'><strong>Sedem</strong></span> <span class='ocrx_word' id='word_1_79' title='bbox 287 1026 590 1064; x_wconf 82' lang='lat' dir='ltr'><strong>romanam</strong></span> <span class='ocrx_word' id='word_1_80' title='bbox 600 1006 839 1065; x_wconf 79' lang='lat' dir='ltr'><strong>Petram</strong></span> <span class='ocrx_word' id='word_1_81' title='bbox 863 1005 1034 1062; x_wconf 78' lang='lat' dir='ltr'><strong>illam</strong></span> <span class='ocrx_word' id='word_1_82' title='bbox 1048 1024 1186 1077; x_wconf 68' lang='lat' dir='ltr'><strong>esse,</strong></span> <span class='ocrx_word' id='word_1_83' title='bbox 1202 1026 1385 1083; x_wconf 79' lang='lat' dir='ltr'><strong>super</strong></span> <span class='ocrx_word' id='word_1_84' title='bbox 1399 1026 1580 1085; x_wconf 77' lang='lat' dir='ltr'><strong>quam</strong></span> <span class='ocrx_word' id='word_1_85' title='bbox 1594 1005 1868 1065; x_wconf 76' lang='lat' dir='ltr'><strong>Christus</strong></span> <span class='ocrx_word' id='word_1_86' title='bbox 1887 1006 2207 1084; x_wconf 69' lang='lat' dir='ltr'><strong>(edificavit</strong></span> 
     </span>
     <span class='ocr_line' id='line_1_11' title="bbox 64 1098 2204 1181; baseline 0.001 -24"><span class='ocrx_word' id='word_1_87' title='bbox 64 1099 397 1158; x_wconf 78' lang='lat' dir='ltr'><strong>Ecclesiam</strong></span> <span class='ocrx_word' id='word_1_88' title='bbox 412 1122 586 1159; x_wconf 82' lang='lat' dir='ltr'><strong>suam</strong></span> <span class='ocrx_word' id='word_1_89' title='bbox 601 1143 622 1171; x_wconf 86' lang='lat'><em>,</em></span> <span class='ocrx_word' id='word_1_90' title='bbox 636 1100 721 1158; x_wconf 91' lang='lat' dir='ltr'><strong>uti</strong></span> <span class='ocrx_word' id='word_1_91' title='bbox 738 1119 968 1157; x_wconf 87' lang='lat' dir='ltr'><strong>rursum</strong></span> <span class='ocrx_word' id='word_1_92' title='bbox 985 1098 1371 1181; x_wconf 83' lang='lat' dir='ltr'><strong>Hieronymus</strong></span> <span class='ocrx_word' id='word_1_93' title='bbox 1390 1111 1448 1159; x_wconf 92' lang='lat' dir='ltr'><strong>et</strong></span> <span class='ocrx_word' id='word_1_94' title='bbox 1467 1100 1813 1179; x_wconf 82' lang='lat' dir='ltr'><strong>Augustinus</strong></span> <span class='ocrx_word' id='word_1_95' title='bbox 1830 1098 1951 1178; x_wconf 73' lang='lat'><strong>(4);</strong></span> <span class='ocrx_word' id='word_1_96' title='bbox 1973 1101 2071 1181; x_wconf 89' lang='lat' dir='ltr'><strong>qui</strong></span> <span class='ocrx_word' id='word_1_97' title='bbox 2094 1098 2204 1160; x_wconf 90' lang='lat' dir='ltr'><strong>do·-</strong></span> 
     </span>
     <span class='ocr_line' id='line_1_12' title="bbox 65 1194 2202 1274; baseline 0.002 -23"><span class='ocrx_word' id='word_1_98' title='bbox 65 1205 198 1252; x_wconf 87' lang='lat' dir='ltr'><strong>cent</strong></span> <span class='ocrx_word' id='word_1_99' title='bbox 215 1227 237 1258; x_wconf 78' lang='grc'><strong>.</strong></span> <span class='ocrx_word' id='word_1_100' title='bbox 268 1216 418 1254; x_wconf 88' lang='lat' dir='ltr'><strong>rom.</strong></span> <span class='ocrx_word' id='word_1_101' title='bbox 436 1196 718 1274; x_wconf 75' lang='lat' dir='ltr'><strong>Pontifici</strong></span> <span class='ocrx_word' id='word_1_102' title='bbox 744 1198 813 1252; x_wconf 83' lang='lat' dir='ltr'><strong>in</strong></span> <span class='ocrx_word' id='word_1_103' title='bbox 833 1213 1091 1272; x_wconf 80' lang='lat' dir='ltr'><strong>persona</strong></span> <span class='ocrx_word' id='word_1_104' title='bbox 1115 1194 1286 1251; x_wconf 79' lang='lat' dir='ltr'><strong>Petri</strong></span> <span class='ocrx_word' id='word_1_105' title='bbox 1316 1215 1358 1252; x_wconf 90' lang='lat' dir='ltr'><strong>a</strong></span> <span class='ocrx_word' id='word_1_106' title='bbox 1378 1194 1608 1254; x_wconf 76' lang='lat' dir='ltr'><strong>Christo</strong></span> <span class='ocrx_word' id='word_1_107' title='bbox 1625 1195 2202 1274; x_wconf 79' lang='lat' dir='ltr'><strong>pascendumfuisse</strong></span> 
     </span>
     <span class='ocr_line' id='line_1_13' title="bbox 69 1290 2201 1370; baseline 0.002 -25"><span class='ocrx_word' id='word_1_108' title='bbox 69 1291 368 1347; x_wconf 80' lang='lat' dir='ltr'><strong>traditum</strong></span> <span class='ocrx_word' id='word_1_109' title='bbox 398 1294 749 1349; x_wconf 77' lang='lat' dir='ltr'><strong>universam</strong></span> <span class='ocrx_word' id='word_1_110' title='bbox 778 1299 1271 1368; x_wconf 70' lang='lat' dir='ltr'><strong>yreyem&#39;suam‚</strong></span> <span class='ocrx_word' id='word_1_111' title='bbox 1315 1301 1379 1347; x_wconf 91' lang='lat' dir='ltr'><strong>ut</strong></span> <span class='ocrx_word' id='word_1_112' title='bbox 1421 1290 1634 1348; x_wconf 85' lang='lat' dir='ltr'><strong>iterum</strong></span> <span class='ocrx_word' id='word_1_113' title='bbox 1683 1291 2027 1370; x_wconf 84' lang='lat' dir='ltr'><strong>Augustinus</strong></span> <span class='ocrx_word' id='word_1_114' title='bbox 2069 1291 2201 1370; x_wconf 84' lang='lat'>(5);</span> 
     </span>
     <span class='ocr_line' id='line_1_14' title="bbox 71 1384 2197 1465; baseline 0.002 -23"><span class='ocrx_word' id='word_1_115' title='bbox 71 1384 173 1465; x_wconf 84' lang='lat' dir='ltr'><strong>qui</strong></span> <span class='ocrx_word' id='word_1_116' title='bbox 223 1385 611 1465; x_wconf 73' lang='lat' dir='ltr'><strong>profitentur,</strong></span> <span class='ocrx_word' id='word_1_117' title='bbox 659 1387 1071 1441; x_wconf 76' lang='lat' dir='ltr'><strong>auctoritatem</strong></span> <span class='ocrx_word' id='word_1_118' title='bbox 1125 1384 1294 1442; x_wconf 77' lang='lat' dir='ltr'><strong>Sedis</strong></span> <span class='ocrx_word' id='word_1_119' title='bbox 1332 1386 1662 1462; x_wconf 68' lang='lat' dir='ltr'><strong>apostolicae</strong></span> <span class='ocrx_word' id='word_1_120' title='bbox 1695 1407 1734 1443; x_wconf 92' lang='lat' dir='ltr'><strong>a</strong></span> <span class='ocrx_word' id='word_1_121' title='bbox 1776 1387 1861 1444; x_wconf 84' lang='lat' dir='ltr'><strong>D.</strong></span> <span class='ocrx_word' id='word_1_122' title='bbox 1906 1385 1990 1445; x_wconf 88' lang='lat' dir='ltr'><strong>N.</strong></span> <span class='ocrx_word' id='word_1_123' title='bbox 2020 1387 2084 1445; x_wconf 89' lang='lat' dir='ltr'><strong>J.</strong></span> <span class='ocrx_word' id='word_1_124' title='bbox 2133 1387 2197 1446; x_wconf 84' lang='lat' dir='ltr'><strong>C.</strong></span> 
     </span>
     <span class='ocr_line' id='line_1_15' title="bbox 72 1469 2204 1560; baseline 0.002 -25"><span class='ocrx_word' id='word_1_125' title='bbox 72 1478 276 1536; x_wconf 85' lang='lat' dir='ltr'><strong>datam</strong></span> <span class='ocrx_word' id='word_1_126' title='bbox 318 1500 466 1551; x_wconf 70' lang='lat' dir='ltr'><strong>esse,</strong></span> <span class='ocrx_word' id='word_1_127' title='bbox 504 1469 569 1535; x_wconf 79' lang='lat' dir='ltr'><strong>ut</strong></span> <span class='ocrx_word' id='word_1_128' title='bbox 602 1476 930 1558; x_wconf 87' lang='lat' dir='ltr'><strong>Stephanus</strong></span> <span class='ocrx_word' id='word_1_129' title='bbox 956 1477 1254 1537; x_wconf 84' lang='lat' dir='ltr'><strong>Larissaeus</strong></span> <span class='ocrx_word' id='word_1_130' title='bbox 1284 1478 1373 1560; x_wconf 88' lang='lat'><strong>(6)</strong></span> <span class='ocrx_word' id='word_1_131' title='bbox 1393 1523 1408 1552; x_wconf 78' lang='grc'><em>,</em></span> <span class='ocrx_word' id='word_1_132' title='bbox 1453 1478 1546 1538; x_wconf 87' lang='lat' dir='ltr'><strong>vel</strong></span> <span class='ocrx_word' id='word_1_133' title='bbox 1583 1501 1621 1537; x_wconf 93' lang='lat' dir='ltr'><strong>a</strong></span> <span class='ocrx_word' id='word_1_134' title='bbox 1655 1481 1812 1552; x_wconf 88' lang='lat' dir='ltr'><strong>Dec,</strong></span> <span class='ocrx_word' id='word_1_135' title='bbox 1840 1489 1907 1536; x_wconf 86' lang='lat' dir='ltr'><strong>ut</strong></span> <span class='ocrx_word' id='word_1_136' title='bbox 1930 1482 2204 1550; x_wconf 83' lang='lat' dir='ltr'><strong>monachi</strong></span> 
     </span>
     <span class='ocr_line' id='line_1_16' title="bbox 74 1572 2202 1655; baseline 0.002 -25"><span class='ocrx_word' id='word_1_137' title='bbox 74 1574 241 1651; x_wconf 84' lang='lat' dir='ltr'><strong>graeci</strong></span> <span class='ocrx_word' id='word_1_138' title='bbox 287 1572 477 1631; x_wconf 90' lang='lat' dir='ltr'><strong>seculo</strong></span> <span class='ocrx_word' id='word_1_139' title='bbox 523 1573 596 1631; x_wconf 89' lang='lat' dir='ltr'><strong>VI</strong></span> <span class='ocrx_word' id='word_1_140' title='bbox 639 1572 878 1632; x_wconf 88' lang='lat' dir='ltr'><strong>ineunte</strong></span> <span class='ocrx_word' id='word_1_141' title='bbox 915 1572 1035 1653; x_wconf 81' lang='lat'><strong>(7);</strong></span> <span class='ocrx_word' id='word_1_142' title='bbox 1100 1573 1198 1654; x_wconf 86' lang='lat' dir='ltr'><strong>qui</strong></span> <span class='ocrx_word' id='word_1_143' title='bbox 1229 1584 1530 1649; x_wconf 70' lang='lat' dir='ltr'><strong>asserunt7</strong></span> <span class='ocrx_word' id='word_1_144' title='bbox 1585 1572 1796 1634; x_wconf 87' lang='lat' dir='ltr'><strong>Sedcm</strong></span> <span class='ocrx_word' id='word_1_145' title='bbox 1830 1574 2202 1655; x_wconf 86' lang='lat' dir='ltr'><strong>apostolicam</strong></span> 
     </span>
     <span class='ocr_line' id='line_1_17' title="bbox 75 1667 2204 1747; baseline 0.002 -23"><span class='ocrx_word' id='word_1_146' title='bbox 75 1688 110 1724; x_wconf 89' lang='lat' dir='ltr'><strong>a</strong></span> <span class='ocrx_word' id='word_1_147' title='bbox 144 1667 403 1725; x_wconf 81' lang='lat' dir='ltr'><strong>Domino</strong></span> <span class='ocrx_word' id='word_1_148' title='bbox 419 1669 483 1727; x_wconf 89' lang='lat' dir='ltr'><strong>J.</strong></span> <span class='ocrx_word' id='word_1_149' title='bbox 518 1667 580 1727; x_wconf 85' lang='lat' dir='ltr'><strong>C.</strong></span> <span class='ocrx_word' id='word_1_150' title='bbox 600 1690 712 1747; x_wconf 84' lang='lat' dir='ltr'><strong>per</strong></span> <span class='ocrx_word' id='word_1_151' title='bbox 735 1669 993 1726; x_wconf 80' lang='lat' dir='ltr'><strong>Beatum</strong></span> <span class='ocrx_word' id='word_1_152' title='bbox 1014 1668 1266 1726; x_wconf 80' lang='lat' dir='ltr'><strong>Petram</strong></span> <span class='ocrx_word' id='word_1_153' title='bbox 1294 1669 1638 1747; x_wconf 74' lang='lat' dir='ltr'><strong>Apostolum</strong></span> <span class='ocrx_word' id='word_1_154' title='bbox 1658 1679 1896 1727; x_wconf 83' lang='lat' dir='ltr'><strong>tantum</strong></span> <span class='ocrx_word' id='word_1_155' title='bbox 1917 1675 2204 1730; x_wconf 74' lang='lat' dir='ltr'><strong>meruisse</strong></span> 
     </span>
     <span class='ocr_line' id='line_1_18' title="bbox 64 1761 2202 1847; baseline 0.001 -29"><span class='ocrx_word' id='word_1_156' title='bbox 64 1762 493 1841; x_wconf 68' lang='lat' dir='ltr'><strong>principatum</strong></span> <span class='ocrx_word' id='word_1_157' title='bbox 516 1808 532 1836; x_wconf 66' lang='lat'><em>⁷</em></span> <span class='ocrx_word' id='word_1_158' title='bbox 578 1763 663 1820; x_wconf 88' lang='lat' dir='ltr'><strong>uti</strong></span> <span class='ocrx_word' id='word_1_159' title='bbox 710 1761 1044 1821; x_wconf 82' lang='lat' dir='ltr'><strong>Rothardus</strong></span> <span class='ocrx_word' id='word_1_160' title='bbox 1090 1763 1515 1823; x_wconf 90' lang='lat' dir='ltr'><strong>Suessionensis</strong></span> <span class='ocrx_word' id='word_1_161' title='bbox 1576 1764 1887 1846; x_wconf 86' lang='lat' dir='ltr'><strong>Episcopus</strong></span> <span class='ocrx_word' id='word_1_162' title='bbox 1927 1765 2054 1844; x_wconf 78' lang='lat'>(8);</span> <span class='ocrx_word' id='word_1_163' title='bbox 2102 1761 2202 1847; x_wconf 89' lang='lat' dir='ltr'><strong>qui</strong></span> 
     </span>
    </p>
   </div>
   <div class='ocr_carea' id='block_1_6' title="bbox 40 1965 1111 3756">
    <p class='ocr_par' dir='ltr' id='par_1_6' title="bbox 40 1965 1111 2847">
     <span class='ocr_line' id='line_1_19' title="bbox 165 1965 1107 2033; baseline -0.001 -17"><span class='ocrx_word' id='word_1_164' title='bbox 165 1969 229 2033; x_wconf 87' lang='lat'><strong>(1)</strong></span> <span class='ocrx_word' id='word_1_165' title='bbox 266 1967 353 2016; x_wconf 78' lang='lat' dir='ltr'><strong>Hic</strong></span> <span class='ocrx_word' id='word_1_166' title='bbox 371 1965 594 2031; x_wconf 82' lang='lat' dir='ltr'><strong>scopulus</strong></span> <span class='ocrx_word' id='word_1_167' title='bbox 625 1975 724 2028; x_wconf 80' lang='lat' dir='ltr'><strong>est,</strong></span> <span class='ocrx_word' id='word_1_168' title='bbox 746 1967 804 2015; x_wconf 87' lang='lat' dir='ltr'><strong>ad</strong></span> <span class='ocrx_word' id='word_1_169' title='bbox 827 1983 965 2032; x_wconf 90' lang='lat' dir='ltr'><strong>quem</strong></span> <span class='ocrx_word' id='word_1_170' title='bbox 997 1983 1107 2015; x_wconf 90' lang='lat' dir='ltr'><strong>con-</strong></span> 
     </span>
     <span class='ocr_line' id='line_1_20' title="bbox 40 2048 1104 2108; baseline -0.002 -11"><span class='ocrx_word' id='word_1_171' title='bbox 40 2064 44 2068; x_wconf 76' lang='lat'><strong>·</strong></span> <span class='ocrx_word' id='word_1_172' title='bbox 95 2060 267 2098; x_wconf 83' lang='lat' dir='ltr'><strong>stanter</strong></span> <span class='ocrx_word' id='word_1_173' title='bbox 293 2059 530 2097; x_wconf 79' lang='lat' dir='ltr'><strong>novatores</strong></span> <span class='ocrx_word' id='word_1_174' title='bbox 548 2065 710 2096; x_wconf 76' lang='lat' dir='ltr'><strong>navem</strong></span> <span class='ocrx_word' id='word_1_175' title='bbox 730 2066 860 2096; x_wconf 86' lang='lat' dir='ltr'><strong>suam</strong></span> <span class='ocrx_word' id='word_1_176' title='bbox 878 2048 1104 2108; x_wconf 81' lang='lat' dir='ltr'><strong>allidunt3</strong></span> 
     </span>
     <span class='ocr_line' id='line_1_21' title="bbox 103 2131 1111 2198; baseline -0.002 -18"><span class='ocrx_word' id='word_1_177' title='bbox 103 2134 427 2198; x_wconf 80' lang='lat' dir='ltr'><strong>permiscentes</strong></span> <span class='ocrx_word' id='word_1_178' title='bbox 469 2133 593 2179; x_wconf 87' lang='lat' dir='ltr'><strong>enim</strong></span> <span class='ocrx_word' id='word_1_179' title='bbox 641 2131 894 2179; x_wconf 79' lang='lat' dir='ltr'><strong>doctrinam</strong></span> <span class='ocrx_word' id='word_1_180' title='bbox 930 2141 975 2180; x_wconf 88' lang='lat' dir='ltr'><strong>et</strong></span> <span class='ocrx_word' id='word_1_181' title='bbox 1018 2132 1111 2179; x_wconf 80' lang='lat' dir='ltr'><strong>for-</strong></span> 
     </span>
     <span class='ocr_line' id='line_1_22' title="bbox 99 2213 1105 2278; baseline -0.001 -17"><span class='ocrx_word' id='word_1_182' title='bbox 99 2214 272 2262; x_wconf 89' lang='lat' dir='ltr'><strong>mulam</strong></span> <span class='ocrx_word' id='word_1_183' title='bbox 290 2248 306 2270; x_wconf 93' lang='lat'><em>,</em></span> <span class='ocrx_word' id='word_1_184' title='bbox 324 2231 415 2278; x_wconf 84' lang='lat' dir='ltr'><strong>qua</strong></span> <span class='ocrx_word' id='word_1_185' title='bbox 432 2213 638 2260; x_wconf 84' lang='lat' dir='ltr'><strong>doctrina</strong></span> <span class='ocrx_word' id='word_1_186' title='bbox 652 2213 805 2278; x_wconf 88' lang='lat' dir='ltr'><strong>aliqua</strong></span> <span class='ocrx_word' id='word_1_187' title='bbox 820 2215 1105 2277; x_wconf 72' lang='lat' dir='ltr'><strong>exprimitur,</strong></span> 
     </span>
     <span class='ocr_line' id='line_1_23' title="bbox 98 2292 1110 2359; baseline 0 -16"><span class='ocrx_word' id='word_1_188' title='bbox 98 2312 152 2343; x_wconf 81' lang='lat' dir='ltr'><strong>ex</strong></span> <span class='ocrx_word' id='word_1_189' title='bbox 181 2311 235 2343; x_wconf 89' lang='lat' dir='ltr'><strong>eo</strong></span> <span class='ocrx_word' id='word_1_190' title='bbox 261 2295 386 2359; x_wconf 91' lang='lat' dir='ltr'><strong>quod</strong></span> <span class='ocrx_word' id='word_1_191' title='bbox 409 2292 621 2358; x_wconf 77' lang='lat' dir='ltr'><strong>formula</strong></span> <span class='ocrx_word' id='word_1_192' title='bbox 653 2296 836 2341; x_wconf 89' lang='lat' dir='ltr'><strong>nonnisi</strong></span> <span class='ocrx_word' id='word_1_193' title='bbox 865 2297 1012 2342; x_wconf 82' lang='lat' dir='ltr'><strong>serius</strong></span> <span class='ocrx_word' id='word_1_194' title='bbox 1038 2297 1110 2343; x_wconf 92' lang='lat' dir='ltr'><strong>in-</strong></span> 
     </span>
     <span class='ocr_line' id='line_1_24' title="bbox 95 2376 1110 2443; baseline 0.002 -19"><span class='ocrx_word' id='word_1_195' title='bbox 95 2377 236 2424; x_wconf 86' lang='lat' dir='ltr'><strong>ducta</strong></span> <span class='ocrx_word' id='word_1_196' title='bbox 251 2376 390 2425; x_wconf 88' lang='lat' dir='ltr'><strong>fuerit</strong></span> <span class='ocrx_word' id='word_1_197' title='bbox 410 2411 425 2435; x_wconf 90' lang='lat'>‚</span> <span class='ocrx_word' id='word_1_198' title='bbox 454 2376 739 2424; x_wconf 89' lang='lat' dir='ltr'><strong>concludunt</strong></span> <span class='ocrx_word' id='word_1_199' title='bbox 757 2377 1014 2424; x_wconf 74' lang='lat' dir='ltr'><strong>doctrinam</strong></span> <span class='ocrx_word' id='word_1_200' title='bbox 1031 2395 1110 2443; x_wconf 86' lang='lat' dir='ltr'><strong>pa-</strong></span> 
     </span>
     <span class='ocr_line' id='line_1_25' title="bbox 95 2447 1108 2517; baseline 0 -11"><span class='ocrx_word' id='word_1_201' title='bbox 95 2460 208 2506; x_wconf 79' lang='lat' dir='ltr'><strong>riter</strong></span> <span class='ocrx_word' id='word_1_202' title='bbox 241 2459 462 2506; x_wconf 77' lang='lat' dir='ltr'><strong>novitiam</strong></span> <span class='ocrx_word' id='word_1_203' title='bbox 493 2474 590 2505; x_wconf 85' lang='lat' dir='ltr'><strong>esse</strong></span> <span class='ocrx_word' id='word_1_204' title='bbox 609 2492 627 2517; x_wconf 88' lang='lat'><strong><em>,</em></strong></span> <span class='ocrx_word' id='word_1_205' title='bbox 654 2466 698 2505; x_wconf 87' lang='lat' dir='ltr'><strong>et</strong></span> <span class='ocrx_word' id='word_1_206' title='bbox 718 2455 806 2505; x_wconf 90' lang='lat' dir='ltr'><strong>hac</strong></span> <span class='ocrx_word' id='word_1_207' title='bbox 828 2447 1001 2507; x_wconf 84' lang='lat' dir='ltr'><strong>ratione</strong></span> <span class='ocrx_word' id='word_1_208' title='bbox 1017 2460 1108 2506; x_wconf 90' lang='lat' dir='ltr'><strong>im-</strong></span> 
     </span>
     <span class='ocr_line' id='line_1_26' title="bbox 98 2537 1103 2605; baseline 0.001 -18"><span class='ocrx_word' id='word_1_209' title='bbox 98 2541 295 2605; x_wconf 83' lang='lat' dir='ltr'><strong>pingunt</strong></span> <span class='ocrx_word' id='word_1_210' title='bbox 307 2549 596 2588; x_wconf 86' lang='lat' dir='ltr'><strong>etcorruunt.</strong></span> <span class='ocrx_word' id='word_1_211' title='bbox 616 2537 679 2587; x_wconf 83' lang='lat' dir='ltr'><strong>Ita</strong></span> <span class='ocrx_word' id='word_1_212' title='bbox 698 2539 808 2586; x_wconf 84' lang='lat' dir='ltr'><strong>olim</strong></span> <span class='ocrx_word' id='word_1_213' title='bbox 825 2538 1103 2600; x_wconf 75' lang='lat' dir='ltr'><strong>Sabelliani5</strong></span> 
     </span>
     <span class='ocr_line' id='line_1_27' title="bbox 99 2618 1110 2680; baseline 0 -11"><span class='ocrx_word' id='word_1_214' title='bbox 99 2618 294 2679; x_wconf 82' lang='lat' dir='ltr'><strong>Ariani,</strong></span> <span class='ocrx_word' id='word_1_215' title='bbox 349 2620 604 2669; x_wconf 75' lang='lat' dir='ltr'><strong>Nestoi-iani</strong></span> <span class='ocrx_word' id='word_1_216' title='bbox 627 2657 640 2680; x_wconf 92' lang='lat'><strong>‚</strong></span> <span class='ocrx_word' id='word_1_217' title='bbox 674 2630 820 2669; x_wconf 87' lang='lat' dir='ltr'><strong>etc.et</strong></span> <span class='ocrx_word' id='word_1_218' title='bbox 851 2630 980 2670; x_wconf 86' lang='lat' dir='ltr'><strong>aetate</strong></span> <span class='ocrx_word' id='word_1_219' title='bbox 1021 2621 1110 2670; x_wconf 86' lang='lat' dir='ltr'><strong>hac</strong></span> 
     </span>
     <span class='ocr_line' id='line_1_28' title="bbox 100 2702 1105 2768; baseline 0 -17"><span class='ocrx_word' id='word_1_220' title='bbox 100 2712 253 2751; x_wconf 84' lang='lat' dir='ltr'><strong>nostra</strong></span> <span class='ocrx_word' id='word_1_221' title='bbox 268 2702 461 2750; x_wconf 85' lang='lat' dir='ltr'><strong>baeretici</strong></span> <span class='ocrx_word' id='word_1_222' title='bbox 484 2705 767 2768; x_wconf 85' lang='lat' dir='ltr'><strong>quicumque</strong></span> <span class='ocrx_word' id='word_1_223' title='bbox 789 2711 1105 2767; x_wconf 83' lang='lat' dir='ltr'><strong>protestantes.</strong></span> 
     </span>
     <span class='ocr_line' id='line_1_29' title="bbox 170 2783 1104 2847; baseline 0 -16"><span class='ocrx_word' id='word_1_224' title='bbox 170 2784 236 2847; x_wconf 78' lang='lat'><strong>(2)</strong></span> <span class='ocrx_word' id='word_1_225' title='bbox 280 2783 542 2832; x_wconf 79' lang='lat' dir='ltr'><strong>Comment.</strong></span> <span class='ocrx_word' id='word_1_226' title='bbox 573 2785 629 2831; x_wconf 76' lang='lat' dir='ltr'><strong>in</strong></span> <span class='ocrx_word' id='word_1_227' title='bbox 646 2801 662 2830; x_wconf 87' lang='lat'>1</span> <span class='ocrx_word' id='word_1_228' title='bbox 683 2783 748 2832; x_wconf 88' lang='lat' dir='ltr'><strong>ad</strong></span> <span class='ocrx_word' id='word_1_229' title='bbox 795 2784 1013 2833; x_wconf 77' lang='lat' dir='ltr'><strong>Timoth.</strong></span> <span class='ocrx_word' id='word_1_230' title='bbox 1038 2802 1104 2847; x_wconf 83' lang='lat' dir='ltr'><strong>ln,</strong></span> 
     </span>
    </p>

    <p class='ocr_par' dir='ltr' id='par_1_7' title="bbox 100 2863 1109 3260">
     <span class='ocr_line' id='line_1_30' title="bbox 108 2863 1106 2931; baseline 0.002 -19"><span class='ocrx_word' id='word_1_231' title='bbox 108 2863 168 2929; x_wconf 69' lang='lat'><strong>14</strong></span> <span class='ocrx_word' id='word_1_232' title='bbox 186 2903 199 2925; x_wconf 89' lang='lat'>‚</span> <span class='ocrx_word' id='word_1_233' title='bbox 226 2865 307 2913; x_wconf 86' lang='lat' dir='ltr'><strong>ubi</strong></span> <span class='ocrx_word' id='word_1_234' title='bbox 330 2882 543 2913; x_wconf 85' lang='lat' dir='ltr'><strong>enarrans</strong></span> <span class='ocrx_word' id='word_1_235' title='bbox 562 2864 699 2914; x_wconf 86' lang='lat' dir='ltr'><strong>verba</strong></span> <span class='ocrx_word' id='word_1_236' title='bbox 717 2865 923 2931; x_wconf 84' lang='lat' dir='ltr'><strong>Apostoli</strong></span> <span class='ocrx_word' id='word_1_237' title='bbox 946 2883 959 2913; x_wconf 71' lang='grc' dir='ltr'><em>τ</em></span> <span class='ocrx_word' id='word_1_238' title='bbox 983 2865 1106 2915; x_wconf 87' lang='lat' dir='ltr'><strong>Haec</strong></span> 
     </span>
     <span class='ocr_line' id='line_1_31' title="bbox 100 2947 1104 3013; baseline 0.003 -18"><span class='ocrx_word' id='word_1_239' title='bbox 100 2947 193 2996; x_wconf 79' lang='lat' dir='ltr'><strong>tibi</strong></span> <span class='ocrx_word' id='word_1_240' title='bbox 216 2947 427 3013; x_wconf 84' lang='lat' dir='ltr'><strong>scribo...</strong></span> <span class='ocrx_word' id='word_1_241' title='bbox 446 2957 500 2996; x_wconf 81' lang='lat' dir='ltr'><strong>ut</strong></span> <span class='ocrx_word' id='word_1_242' title='bbox 525 2948 651 2996; x_wconf 82' lang='lat' dir='ltr'><strong>scias</strong></span> <span class='ocrx_word' id='word_1_243' title='bbox 668 2986 680 3008; x_wconf 88' lang='lat'>‚</span> <span class='ocrx_word' id='word_1_244' title='bbox 701 2959 789 2997; x_wconf 86' lang='lat' dir='ltr'><strong>etc.</strong></span> <span class='ocrx_word' id='word_1_245' title='bbox 816 2949 914 2996; x_wconf 82' lang='lat' dir='ltr'><strong>hsce</strong></span> <span class='ocrx_word' id='word_1_246' title='bbox 931 2949 1070 2998; x_wconf 86' lang='lat' dir='ltr'><strong>habet</strong></span> <span class='ocrx_word' id='word_1_247' title='bbox 1090 2967 1104 2998; x_wconf 91' lang='lat'><strong>:</strong></span> 
     </span>
     <span class='ocr_line' id='line_1_32' title="bbox 100 3029 1105 3094; baseline 0.003 -18"><span class='ocrx_word' id='word_1_248' title='bbox 100 3029 289 3079; x_wconf 78' lang='lat' dir='ltr'><strong>Idcirco</strong></span> <span class='ocrx_word' id='word_1_249' title='bbox 305 3066 322 3092; x_wconf 88' lang='lat'>‚</span> <span class='ocrx_word' id='word_1_250' title='bbox 350 3045 410 3077; x_wconf 81' lang='lat' dir='ltr'><strong>ne</strong></span> <span class='ocrx_word' id='word_1_251' title='bbox 431 3030 554 3094; x_wconf 87' lang='lat' dir='ltr'><strong>sorte</strong></span> <span class='ocrx_word' id='word_1_252' title='bbox 581 3029 760 3078; x_wconf 78' lang='lat' dir='ltr'><strong>tardem</strong></span> <span class='ocrx_word' id='word_1_253' title='bbox 783 3067 796 3091; x_wconf 84' lang='lat'>,</span> <span class='ocrx_word' id='word_1_254' title='bbox 816 3029 971 3078; x_wconf 80' lang='lat' dir='ltr'><strong>scribo</strong></span> <span class='ocrx_word' id='word_1_255' title='bbox 985 3031 1105 3090; x_wconf 71' lang='lat' dir='ltr'><strong>tibi,</strong></span> 
     </span>
     <span class='ocr_line' id='line_1_33' title="bbox 102 3111 1104 3178; baseline 0.003 -19"><span class='ocrx_word' id='word_1_256' title='bbox 102 3119 158 3158; x_wconf 72' lang='lat' dir='ltr'><strong>ut</strong></span> <span class='ocrx_word' id='word_1_257' title='bbox 171 3114 295 3160; x_wconf 82' lang='lat' dir='ltr'><strong>scias</strong></span> <span class='ocrx_word' id='word_1_258' title='bbox 313 3150 326 3172; x_wconf 86' lang='lat'>,</span> <span class='ocrx_word' id='word_1_259' title='bbox 359 3113 584 3178; x_wconf 82' lang='lat' dir='ltr'><strong>quomodo</strong></span> <span class='ocrx_word' id='word_1_260' title='bbox 612 3111 880 3163; x_wconf 72' lang='lat' dir='ltr'><strong>Ecclesiam</strong></span> <span class='ocrx_word' id='word_1_261' title='bbox 896 3113 1104 3174; x_wconf 80' lang='lat' dir='ltr'><strong>ordines,</strong></span> 
     </span>
     <span class='ocr_line' id='line_1_34' title="bbox 103 3194 1109 3260; baseline 0.008 -22"><span class='ocrx_word' id='word_1_262' title='bbox 103 3208 208 3255; x_wconf 75' lang='lat' dir='ltr'><strong>quw</strong></span> <span class='ocrx_word' id='word_1_263' title='bbox 246 3202 314 3242; x_wconf 82' lang='lat' dir='ltr'><strong>est</strong></span> <span class='ocrx_word' id='word_1_264' title='bbox 336 3194 503 3244; x_wconf 80' lang='lat' dir='ltr'><strong>domus</strong></span> <span class='ocrx_word' id='word_1_265' title='bbox 525 3195 683 3246; x_wconf 81' lang='lat' dir='ltr'><strong>Dei...</strong></span> <span class='ocrx_word' id='word_1_266' title='bbox 706 3197 846 3260; x_wconf 77' lang='lat' dir='ltr'><strong>cujus</strong></span> <span class='ocrx_word' id='word_1_267' title='bbox 872 3194 1010 3243; x_wconf 80' lang='lat' dir='ltr'><strong>hodie</strong></span> <span class='ocrx_word' id='word_1_268' title='bbox 1034 3213 1109 3245; x_wconf 84' lang='lat' dir='ltr'><strong>re-</strong></span> 
     </span>
    </p>

    <p class='ocr_par' dir='ltr' id='par_1_8' title="bbox 67 3273 1110 3756">
     <span class='ocr_line' id='line_1_35' title="bbox 67 3273 1108 3328; baseline 0.01 -9"><span class='ocrx_word' id='word_1_269' title='bbox 67 3316 70 3319; x_wconf 87' lang='lat'><strong><em>.</em></strong></span> <span class='ocrx_word' id='word_1_270' title='bbox 106 3281 206 3321; x_wconf 80' lang='lat' dir='ltr'><strong>otor</strong></span> <span class='ocrx_word' id='word_1_271' title='bbox 226 3284 291 3322; x_wconf 87' lang='lat' dir='ltr'><strong>est</strong></span> <span class='ocrx_word' id='word_1_272' title='bbox 311 3273 566 3328; x_wconf 80' lang='lat' dir='ltr'><strong>Damasus.</strong></span> <span class='ocrx_word' id='word_1_273' title='bbox 599 3278 686 3328; x_wconf 90' lang='lat' dir='ltr'><strong>Hic</strong></span> <span class='ocrx_word' id='word_1_274' title='bbox 711 3289 870 3327; x_wconf 86' lang='lat' dir='ltr'><strong>auctor</strong></span> <span class='ocrx_word' id='word_1_275' title='bbox 892 3279 982 3327; x_wconf 84' lang='lat' dir='ltr'><strong>fuit</strong></span> <span class='ocrx_word' id='word_1_276' title='bbox 997 3278 1108 3328; x_wconf 78' lang='lat' dir='ltr'><strong>Am-</strong></span> 
     </span>
     <span class='ocr_line' id='line_1_36' title="bbox 105 3355 1106 3426; baseline 0.006 -24"><span class='ocrx_word' id='word_1_277' title='bbox 105 3355 258 3404; x_wconf 86' lang='lat' dir='ltr'><strong>brosio</strong></span> <span class='ocrx_word' id='word_1_278' title='bbox 296 3357 390 3407; x_wconf 83' lang='lat' dir='ltr'><strong>fere</strong></span> <span class='ocrx_word' id='word_1_279' title='bbox 418 3375 616 3410; x_wconf 80' lang='lat' dir='ltr'><strong>coaevus.</strong></span> <span class='ocrx_word' id='word_1_280' title='bbox 649 3359 768 3426; x_wconf 87' lang='lat' dir='ltr'><strong>opp.</strong></span> <span class='ocrx_word' id='word_1_281' title='bbox 812 3359 863 3409; x_wconf 91' lang='lat' dir='ltr'><strong>S.</strong></span> <span class='ocrx_word' id='word_1_282' title='bbox 897 3359 1106 3408; x_wconf 84' lang='lat' dir='ltr'><strong>Ambros.</strong></span> 
     </span>
     <span class='ocr_line' id='line_1_37' title="bbox 106 3435 1105 3509; baseline 0.005 -24"><span class='ocrx_word' id='word_1_283' title='bbox 106 3437 222 3485; x_wconf 86' lang='lat' dir='ltr'><strong>edit.</strong></span> <span class='ocrx_word' id='word_1_284' title='bbox 236 3435 385 3487; x_wconf 82' lang='lat' dir='ltr'><strong>Maur.</strong></span> <span class='ocrx_word' id='word_1_285' title='bbox 404 3448 518 3487; x_wconf 86' lang='lat' dir='ltr'><strong>tom.</strong></span> <span class='ocrx_word' id='word_1_286' title='bbox 536 3458 586 3499; x_wconf 84' lang='grc' dir='ltr'><strong>ιι,</strong></span> <span class='ocrx_word' id='word_1_287' title='bbox 606 3444 658 3489; x_wconf 89' lang='lat' dir='ltr'><strong>in</strong></span> <span class='ocrx_word' id='word_1_288' title='bbox 678 3443 875 3507; x_wconf 85' lang='lat' dir='ltr'><strong>append.</strong></span> <span class='ocrx_word' id='word_1_289' title='bbox 895 3439 1105 3509; x_wconf 84' lang='lat' dir='ltr'><strong>col.296.</strong></span> 
     </span>
     <span class='ocr_line' id='line_1_38' title="bbox 177 3511 1109 3590; baseline 0.006 -24"><span class='ocrx_word' id='word_1_290' title='bbox 177 3517 239 3582; x_wconf 88' lang='lat'><strong>(3)</strong></span> <span class='ocrx_word' id='word_1_291' title='bbox 275 3517 591 3570; x_wconf 59' lang='lat' dir='ltr'><strong>Euan-ahin</strong></span> <span class='ocrx_word' id='word_1_292' title='bbox 611 3523 703 3582; x_wconf 89' lang='lat' dir='ltr'><strong>Ps,</strong></span> <span class='ocrx_word' id='word_1_293' title='bbox 733 3541 788 3572; x_wconf 77' lang='grc' dir='ltr'><strong>η</strong></span> <span class='ocrx_word' id='word_1_294' title='bbox 810 3560 823 3582; x_wconf 87' lang='grc'><em>,</em></span> <span class='ocrx_word' id='word_1_295' title='bbox 846 3541 899 3573; x_wconf 88' lang='grc' dir='ltr'><strong>ιι.</strong></span> <span class='ocrx_word' id='word_1_296' title='bbox 921 3511 1008 3583; x_wconf 76' lang='grc' dir='ltr'><strong>ι3ος</strong></span> <span class='ocrx_word' id='word_1_297' title='bbox 1028 3526 1109 3590; x_wconf 90' lang='lat' dir='ltr'><strong>qui</strong></span> 
     </span>
     <span class='ocr_line' id='line_1_39' title="bbox 108 3602 1110 3671; baseline 0.008 -25"><span class='ocrx_word' id='word_1_298' title='bbox 108 3610 341 3664; x_wconf 85' lang='lat' dir='ltr'><strong>propterea</strong></span> <span class='ocrx_word' id='word_1_299' title='bbox 381 3602 544 3652; x_wconf 79' lang='lat' dir='ltr'><strong>exinde</strong></span> <span class='ocrx_word' id='word_1_300' title='bbox 600 3604 824 3653; x_wconf 84' lang='lat' dir='ltr'><strong>inferebat</strong></span> <span class='ocrx_word' id='word_1_301' title='bbox 843 3643 856 3666; x_wconf 95' lang='lat'>,</span> <span class='ocrx_word' id='word_1_302' title='bbox 896 3604 980 3654; x_wconf 89' lang='lat' dir='ltr'><strong>De</strong></span> <span class='ocrx_word' id='word_1_303' title='bbox 1011 3621 1110 3671; x_wconf 82' lang='lat' dir='ltr'><strong>poe-</strong></span> 
     </span>
     <span class='ocr_line' id='line_1_40' title="bbox 107 3682 1106 3756; baseline 0.008 -28"><span class='ocrx_word' id='word_1_304' title='bbox 107 3684 279 3732; x_wconf 77' lang='lat' dir='ltr'><strong>nitent.</strong></span> <span class='ocrx_word' id='word_1_305' title='bbox 311 3682 395 3732; x_wconf 88' lang='lat' dir='ltr'><strong>lib.</strong></span> <span class='ocrx_word' id='word_1_306' title='bbox 418 3698 436 3731; x_wconf 89' lang='lat'>1</span> <span class='ocrx_word' id='word_1_307' title='bbox 457 3721 470 3746; x_wconf 92' lang='lat'><strong>,</strong></span> <span class='ocrx_word' id='word_1_308' title='bbox 502 3702 602 3751; x_wconf 83' lang='lat' dir='ltr'><strong>cap.</strong></span> <span class='ocrx_word' id='word_1_309' title='bbox 626 3701 654 3752; x_wconf 87' lang='lat'>7</span> <span class='ocrx_word' id='word_1_310' title='bbox 677 3723 691 3748; x_wconf 95' lang='lat'>‚</span> <span class='ocrx_word' id='word_1_311' title='bbox 711 3704 847 3756; x_wconf 59' lang='lat' dir='ltr'><strong>num,</strong></span> <span class='ocrx_word' id='word_1_312' title='bbox 873 3687 937 3738; x_wconf 82' lang='lat'><strong>33</strong></span> <span class='ocrx_word' id='word_1_313' title='bbox 955 3687 1106 3739; x_wconf 75' lang='lat' dir='ltr'><em>:Non</em></span> 
     </span>
    </p>
   </div>
   <div class='ocr_carea' id='block_1_7' title="bbox 1190 1967 2205 3756">
    <p class='ocr_par' dir='ltr' id='par_1_9' title="bbox 1193 1967 2205 2198">
     <span class='ocr_line' id='line_1_41' title="bbox 1194 1967 2205 2037; baseline 0.006 -22"><span class='ocrx_word' id='word_1_314' title='bbox 1194 1967 1369 2015; x_wconf 77' lang='lat' dir='ltr'><strong>hahent</strong></span> <span class='ocrx_word' id='word_1_315' title='bbox 1388 1967 1530 2015; x_wconf 79' lang='lat' dir='ltr'><strong>Petri</strong></span> <span class='ocrx_word' id='word_1_316' title='bbox 1557 1967 1866 2019; x_wconf 75' lang='lat' dir='ltr'><strong>hereditatem</strong></span> <span class='ocrx_word' id='word_1_317' title='bbox 1884 2008 1899 2032; x_wconf 92' lang='lat'><strong>,</strong></span> <span class='ocrx_word' id='word_1_318' title='bbox 1931 1973 2022 2037; x_wconf 79' lang='lat' dir='ltr'><strong>qui</strong></span> <span class='ocrx_word' id='word_1_319' title='bbox 2066 1972 2205 2022; x_wconf 79' lang='lat' dir='ltr'><strong>Petri</strong></span> 
     </span>
     <span class='ocr_line' id='line_1_42' title="bbox 1193 2048 2203 2120; baseline 0.009 -25"><span class='ocrx_word' id='word_1_320' title='bbox 1193 2049 1348 2096; x_wconf 87' lang='lat' dir='ltr'><strong>sedem</strong></span> <span class='ocrx_word' id='word_1_321' title='bbox 1375 2065 1474 2096; x_wconf 78' lang='lat' dir='ltr'><strong>non</strong></span> <span class='ocrx_word' id='word_1_322' title='bbox 1498 2048 1674 2098; x_wconf 75' lang='lat' dir='ltr'><strong>habent</strong></span> <span class='ocrx_word' id='word_1_323' title='bbox 1687 2087 1704 2112; x_wconf 90' lang='lat'>‚</span> <span class='ocrx_word' id='word_1_324' title='bbox 1729 2069 1874 2117; x_wconf 79' lang='lat' dir='ltr'><strong>quam</strong></span> <span class='ocrx_word' id='word_1_325' title='bbox 1896 2054 2051 2120; x_wconf 80' lang='lat' dir='ltr'><strong>impia</strong></span> <span class='ocrx_word' id='word_1_326' title='bbox 2072 2054 2203 2104; x_wconf 80' lang='lat' dir='ltr'><strong>divi·</strong></span> 
     </span>
     <span class='ocr_line' id='line_1_43' title="bbox 1193 2130 1636 2198; baseline 0.005 -20"><span class='ocrx_word' id='word_1_327' title='bbox 1193 2132 1325 2178; x_wconf 75' lang='lat' dir='ltr'><strong>sione</strong></span> <span class='ocrx_word' id='word_1_328' title='bbox 1337 2130 1636 2198; x_wconf 72' lang='lat' dir='ltr'><strong>discerpunt.</strong></span> 
     </span>
    </p>

    <p class='ocr_par' dir='ltr' id='par_1_10' title="bbox 1192 2208 2203 2444">
     <span class='ocr_line' id='line_1_44' title="bbox 1262 2208 2199 2281; baseline 0.009 -22"><span class='ocrx_word' id='word_1_329' title='bbox 1262 2212 1329 2275; x_wconf 68' lang='lat' dir='ltr'><strong>(lo)</strong></span> <span class='ocrx_word' id='word_1_330' title='bbox 1367 2212 1636 2279; x_wconf 69' lang='lat' dir='ltr'><strong>Hieronym.</strong></span> <span class='ocrx_word' id='word_1_331' title='bbox 1663 2213 1827 2281; x_wconf 81' lang='lat' dir='ltr'><strong>Epist.</strong></span> <span class='ocrx_word' id='word_1_332' title='bbox 1848 2235 1925 2274; x_wconf 86' lang='lat' dir='ltr'><strong>xv,</strong></span> <span class='ocrx_word' id='word_1_333' title='bbox 1939 2217 2005 2266; x_wconf 88' lang='lat' dir='ltr'><strong>ad</strong></span> <span class='ocrx_word' id='word_1_334' title='bbox 2016 2208 2199 2267; x_wconf 82' lang='lat' dir='ltr'><strong>Dama-</strong></span> 
     </span>
     <span class='ocr_line' id='line_1_45' title="bbox 1192 2296 2203 2364; baseline 0.011 -24"><span class='ocrx_word' id='word_1_335' title='bbox 1192 2309 1299 2341; x_wconf 83' lang='lat' dir='ltr'><strong>sum</strong></span> <span class='ocrx_word' id='word_1_336' title='bbox 1320 2331 1332 2352; x_wconf 89' lang='lat'><em>‚</em></span> <span class='ocrx_word' id='word_1_337' title='bbox 1360 2312 1412 2343; x_wconf 90' lang='lat' dir='ltr'><strong>n.</strong></span> <span class='ocrx_word' id='word_1_338' title='bbox 1441 2310 1487 2350; x_wconf 81' lang='lat'><strong>2,</strong></span> <span class='ocrx_word' id='word_1_339' title='bbox 1506 2296 1617 2345; x_wconf 89' lang='lat' dir='ltr'><strong>edit.</strong></span> <span class='ocrx_word' id='word_1_340' title='bbox 1640 2296 1835 2347; x_wconf 81' lang='lat' dir='ltr'><strong>Vallars.</strong></span> <span class='ocrx_word' id='word_1_341' title='bbox 1851 2318 1863 2357; x_wconf 89' lang='lat'><strong>;</strong></span> <span class='ocrx_word' id='word_1_342' title='bbox 1880 2297 2174 2364; x_wconf 81' lang='lat' dir='ltr'><strong>Augustinus</strong></span> <span class='ocrx_word' id='word_1_343' title='bbox 2183 2323 2203 2360; x_wconf 69' lang='lat'><strong>,²</strong></span> 
     </span>
     <span class='ocr_line' id='line_1_46' title="bbox 1193 2375 2082 2444; baseline 0.009 -22"><span class='ocrx_word' id='word_1_344' title='bbox 1193 2377 1243 2423; x_wconf 89' lang='lat' dir='ltr'><strong>in</strong></span> <span class='ocrx_word' id='word_1_345' title='bbox 1277 2375 1472 2425; x_wconf 87' lang='lat' dir='ltr'><strong>Psalmo</strong></span> <span class='ocrx_word' id='word_1_346' title='bbox 1489 2387 1654 2426; x_wconf 79' lang='lat' dir='ltr'><strong>contra</strong></span> <span class='ocrx_word' id='word_1_347' title='bbox 1674 2387 1863 2444; x_wconf 85' lang='lat' dir='ltr'><strong>partem</strong></span> <span class='ocrx_word' id='word_1_348' title='bbox 1882 2377 2082 2431; x_wconf 76' lang='lat' dir='ltr'><strong>Donati.</strong></span> 
     </span>
    </p>

    <p class='ocr_par' dir='ltr' id='par_1_11' title="bbox 1192 2456 2200 2604">
     <span class='ocr_line' id='line_1_47' title="bbox 1261 2456 2200 2527; baseline 0.01 -22"><span class='ocrx_word' id='word_1_349' title='bbox 1261 2458 1325 2522; x_wconf 78' lang='grc' dir='ltr'><strong>(ὅ)</strong></span> <span class='ocrx_word' id='word_1_350' title='bbox 1362 2458 1420 2507; x_wconf 90' lang='lat' dir='ltr'><strong>In</strong></span> <span class='ocrx_word' id='word_1_351' title='bbox 1451 2459 1536 2509; x_wconf 89' lang='lat' dir='ltr'><strong>lib.</strong></span> <span class='ocrx_word' id='word_1_352' title='bbox 1568 2456 1748 2509; x_wconf 79' lang='lat' dir='ltr'><strong>Contra</strong></span> <span class='ocrx_word' id='word_1_353' title='bbox 1772 2460 1953 2527; x_wconf 80' lang='lat' dir='ltr'><strong>epistol.</strong></span> <span class='ocrx_word' id='word_1_354' title='bbox 1967 2462 2200 2527; x_wconf 77' lang='lat' dir='ltr'><strong>fundam.</strong></span> 
     </span>
     <span class='ocr_line' id='line_1_48' title="bbox 1192 2538 1376 2604; baseline 0.005 -16"><span class='ocrx_word' id='word_1_355' title='bbox 1192 2548 1294 2604; x_wconf 62' lang='grc' dir='ltr'><strong>ουρ.</strong></span> <span class='ocrx_word' id='word_1_356' title='bbox 1326 2538 1376 2604; x_wconf 74' lang='grc'><strong>4.</strong></span> 
     </span>
    </p>

    <p class='ocr_par' dir='ltr' id='par_1_12' title="bbox 1190 2620 2198 2851">
     <span class='ocr_line' id='line_1_49' title="bbox 1256 2620 2198 2687; baseline 0.007 -17"><span class='ocrx_word' id='word_1_357' title='bbox 1256 2622 1328 2685; x_wconf 88' lang='grc'><strong>(6)</strong></span> <span class='ocrx_word' id='word_1_358' title='bbox 1368 2620 1503 2687; x_wconf 78' lang='lat' dir='ltr'><strong>Apud</strong></span> <span class='ocrx_word' id='word_1_359' title='bbox 1537 2621 1656 2672; x_wconf 89' lang='lat' dir='ltr'><strong>Lud.</strong></span> <span class='ocrx_word' id='word_1_360' title='bbox 1690 2622 2010 2686; x_wconf 82' lang='lat' dir='ltr'><strong>Holstenium,</strong></span> <span class='ocrx_word' id='word_1_361' title='bbox 2058 2627 2198 2677; x_wconf 86' lang='lat' dir='ltr'><strong>Rom.</strong></span> 
     </span>
     <span class='ocr_line' id='line_1_50' title="bbox 1190 2702 2198 2774; baseline 0.006 -22"><span class='ocrx_word' id='word_1_362' title='bbox 1190 2703 1366 2754; x_wconf 79' lang='lat' dir='ltr'><strong>collect.</strong></span> <span class='ocrx_word' id='word_1_363' title='bbox 1394 2704 1553 2752; x_wconf 79' lang='lat' dir='ltr'><strong>Romae</strong></span> <span class='ocrx_word' id='word_1_364' title='bbox 1592 2702 1741 2767; x_wconf 83' lang='lat'><strong>1662,</strong></span> <span class='ocrx_word' id='word_1_365' title='bbox 1774 2716 1883 2755; x_wconf 86' lang='lat' dir='ltr'><strong>tom.</strong></span> <span class='ocrx_word' id='word_1_366' title='bbox 1910 2724 1942 2758; x_wconf 86' lang='lat'><strong>1.</strong></span> <span class='ocrx_word' id='word_1_367' title='bbox 1978 2725 2081 2774; x_wconf 84' lang='lat' dir='ltr'><strong>pag.</strong></span> <span class='ocrx_word' id='word_1_368' title='bbox 2118 2707 2198 2771; x_wconf 80' lang='lat'><strong>15,</strong></span> 
     </span>
     <span class='ocr_line' id='line_1_51' title="bbox 1193 2786 1710 2851; baseline 0.004 -17"><span class='ocrx_word' id='word_1_369' title='bbox 1193 2796 1237 2834; x_wconf 84' lang='lat' dir='ltr'><strong>et</strong></span> <span class='ocrx_word' id='word_1_370' title='bbox 1269 2804 1370 2851; x_wconf 84' lang='lat' dir='ltr'><strong>pag.</strong></span> <span class='ocrx_word' id='word_1_371' title='bbox 1410 2786 1507 2847; x_wconf 82' lang='lat'><strong>23,</strong></span> <span class='ocrx_word' id='word_1_372' title='bbox 1548 2797 1593 2834; x_wconf 85' lang='lat' dir='ltr'><strong>et</strong></span> <span class='ocrx_word' id='word_1_373' title='bbox 1624 2801 1710 2851; x_wconf 87' lang='lat'><strong>27.</strong></span> 
     </span>
    </p>

    <p class='ocr_par' dir='ltr' id='par_1_13' title="bbox 1191 2867 2203 3592">
     <span class='ocr_line' id='line_1_52' title="bbox 1261 2867 2203 2932; baseline 0.007 -17"><span class='ocrx_word' id='word_1_374' title='bbox 1261 2867 1330 2932; x_wconf 86' lang='lat'><strong>(7)</strong></span> <span class='ocrx_word' id='word_1_375' title='bbox 1367 2868 1423 2916; x_wconf 92' lang='lat' dir='ltr'><strong>In</strong></span> <span class='ocrx_word' id='word_1_376' title='bbox 1482 2868 1634 2917; x_wconf 84' lang='lat' dir='ltr'><strong>libello</strong></span> <span class='ocrx_word' id='word_1_377' title='bbox 1677 2868 1870 2918; x_wconf 88' lang='lat' dir='ltr'><strong>Mariani</strong></span> <span class='ocrx_word' id='word_1_378' title='bbox 1917 2880 1960 2919; x_wconf 88' lang='lat' dir='ltr'><strong>et</strong></span> <span class='ocrx_word' id='word_1_379' title='bbox 2006 2871 2203 2922; x_wconf 82' lang='lat' dir='ltr'><strong>aliorum</strong></span> 
     </span>
     <span class='ocr_line' id='line_1_53' title="bbox 1192 2950 2201 3019; baseline 0.006 -22"><span class='ocrx_word' id='word_1_380' title='bbox 1192 2950 1654 2998; x_wconf 85' lang='lat' dir='ltr'><strong>archimandritarum</strong></span> <span class='ocrx_word' id='word_1_381' title='bbox 1676 2951 1733 2999; x_wconf 81' lang='lat' dir='ltr'><strong>ad</strong></span> <span class='ocrx_word' id='word_1_382' title='bbox 1750 2950 2003 3016; x_wconf 83' lang='lat' dir='ltr'><strong>Agapetum</strong></span> <span class='ocrx_word' id='word_1_383' title='bbox 2028 2952 2201 3019; x_wconf 88' lang='lat' dir='ltr'><strong>Papam</strong></span> 
     </span>
     <span class='ocr_line' id='line_1_54' title="bbox 1193 3032 2200 3101; baseline 0.005 -20"><span class='ocrx_word' id='word_1_384' title='bbox 1193 3042 1237 3081; x_wconf 85' lang='lat' dir='ltr'><strong>et</strong></span> <span class='ocrx_word' id='word_1_385' title='bbox 1261 3033 1403 3081; x_wconf 83' lang='lat' dir='ltr'><strong>relato</strong></span> <span class='ocrx_word' id='word_1_386' title='bbox 1436 3035 1487 3081; x_wconf 90' lang='lat' dir='ltr'><strong>in</strong></span> <span class='ocrx_word' id='word_1_387' title='bbox 1513 3033 1657 3082; x_wconf 85' lang='lat' dir='ltr'><strong>Cone.</strong></span> <span class='ocrx_word' id='word_1_388' title='bbox 1686 3032 2200 3101; x_wconf 84' lang='lat' dir='ltr'><strong>Constantinopolitano</strong></span> 
     </span>
     <span class='ocr_line' id='line_1_55' title="bbox 1193 3110 2199 3181; baseline 0.006 -21"><span class='ocrx_word' id='word_1_389' title='bbox 1193 3112 1282 3160; x_wconf 85' lang='lat' dir='ltr'><strong>sub</strong></span> <span class='ocrx_word' id='word_1_390' title='bbox 1303 3110 1502 3173; x_wconf 83' lang='lat' dir='ltr'><strong>Menua,</strong></span> <span class='ocrx_word' id='word_1_391' title='bbox 1520 3113 1643 3178; x_wconf 86' lang='lat' dir='ltr'><strong>apud</strong></span> <span class='ocrx_word' id='word_1_392' title='bbox 1664 3113 1813 3163; x_wconf 85' lang='lat' dir='ltr'><strong>Labb.</strong></span> <span class='ocrx_word' id='word_1_393' title='bbox 1833 3124 1946 3163; x_wconf 87' lang='lat' dir='ltr'><strong>tom.</strong></span> <span class='ocrx_word' id='word_1_394' title='bbox 1961 3134 2019 3174; x_wconf 84' lang='lat' dir='ltr'><strong>v,</strong></span> <span class='ocrx_word' id='word_1_395' title='bbox 2041 3135 2089 3181; x_wconf 88' lang='lat' dir='ltr'><strong>p.</strong></span> <span class='ocrx_word' id='word_1_396' title='bbox 2116 3117 2199 3178; x_wconf 82' lang='lat'><strong>30,</strong></span> 
     </span>
     <span class='ocr_line' id='line_1_56' title="bbox 1193 3195 2200 3262; baseline 0.005 -19"><span class='ocrx_word' id='word_1_397' title='bbox 1193 3198 1256 3243; x_wconf 85' lang='lat' dir='ltr'><strong>ita</strong></span> <span class='ocrx_word' id='word_1_398' title='bbox 1282 3195 1569 3244; x_wconf 89' lang='lat' dir='ltr'><strong>concludunt</strong></span> <span class='ocrx_word' id='word_1_399' title='bbox 1611 3212 1625 3244; x_wconf 74' lang='lat' dir='ltr'><strong><em>z</em></strong></span> <span class='ocrx_word' id='word_1_400' title='bbox 1669 3195 1831 3262; x_wconf 79' lang='lat' dir='ltr'><strong>Quam</strong></span> <span class='ocrx_word' id='word_1_401' title='bbox 1875 3197 2200 3262; x_wconf 71' lang='lat' dir='ltr'><strong>defendentes,</strong></span> 
     </span>
     <span class='ocr_line' id='line_1_57' title="bbox 1191 3277 2202 3348; baseline 0.003 -22"><span class='ocrx_word' id='word_1_402' title='bbox 1191 3277 1489 3348; x_wconf 59' lang='lat' dir='ltr'><strong>beatissimi,</strong></span> <span class='ocrx_word' id='word_1_403' title='bbox 1527 3279 1754 3344; x_wconf 80' lang='lat' dir='ltr'><strong>suscipite</strong></span> <span class='ocrx_word' id='word_1_404' title='bbox 1784 3286 1993 3328; x_wconf 78' lang='lat' dir='ltr'><strong>nostram</strong></span> <span class='ocrx_word' id='word_1_405' title='bbox 2017 3281 2202 3347; x_wconf 80' lang='lat' dir='ltr'><strong>suppli-</strong></span> 
     </span>
     <span class='ocr_line' id='line_1_58' title="bbox 1191 3361 2200 3425; baseline 0.004 -18"><span class='ocrx_word' id='word_1_406' title='bbox 1191 3361 1444 3418; x_wconf 77' lang='lat' dir='ltr'><strong>cationem,</strong></span> <span class='ocrx_word' id='word_1_407' title='bbox 1483 3367 1528 3407; x_wconf 85' lang='lat' dir='ltr'><strong>et</strong></span> <span class='ocrx_word' id='word_1_408' title='bbox 1548 3367 1822 3425; x_wconf 84' lang='lat' dir='ltr'><strong>potestatem</strong></span> <span class='ocrx_word' id='word_1_409' title='bbox 1849 3362 1983 3410; x_wconf 78' lang='lat' dir='ltr'><strong>vobis</strong></span> <span class='ocrx_word' id='word_1_410' title='bbox 2017 3379 2048 3410; x_wconf 87' lang='lat' dir='ltr'><strong>a</strong></span> <span class='ocrx_word' id='word_1_411' title='bbox 2095 3361 2200 3411; x_wconf 86' lang='lat' dir='ltr'><strong>Deo</strong></span> 
     </span>
     <span class='ocr_line' id='line_1_59' title="bbox 1192 3440 2202 3508; baseline 0.003 -20"><span class='ocrx_word' id='word_1_412' title='bbox 1192 3441 1354 3489; x_wconf 87' lang='lat' dir='ltr'><strong>datam</strong></span> <span class='ocrx_word' id='word_1_413' title='bbox 1373 3442 1426 3488; x_wconf 79' lang='lat' dir='ltr'><strong>in</strong></span> <span class='ocrx_word' id='word_1_414' title='bbox 1455 3442 1582 3507; x_wconf 76' lang='lat' dir='ltr'><strong>ipsos</strong></span> <span class='ocrx_word' id='word_1_415' title='bbox 1604 3451 1832 3491; x_wconf 78' lang='lat' dir='ltr'><strong>moventes</strong></span> <span class='ocrx_word' id='word_1_416' title='bbox 1848 3479 1865 3505; x_wconf 87' lang='lat'><em>‚</em></span> <span class='ocrx_word' id='word_1_417' title='bbox 1888 3450 2089 3508; x_wconf 76' lang='lat' dir='ltr'><strong>puryate</strong></span> <span class='ocrx_word' id='word_1_418' title='bbox 2105 3440 2202 3492; x_wconf 82' lang='lat' dir='ltr'><strong>Dei</strong></span> 
     </span>
     <span class='ocr_line' id='line_1_60' title="bbox 1193 3522 2138 3592; baseline 0.004 -21"><span class='ocrx_word' id='word_1_419' title='bbox 1193 3522 1466 3572; x_wconf 75' lang='lat' dir='ltr'><strong>Ecclesiam</strong></span> <span class='ocrx_word' id='word_1_420' title='bbox 1484 3562 1497 3585; x_wconf 86' lang='lat'>‚</span> <span class='ocrx_word' id='word_1_421' title='bbox 1531 3532 1577 3572; x_wconf 84' lang='lat' dir='ltr'><strong>et</strong></span> <span class='ocrx_word' id='word_1_422' title='bbox 1597 3541 1629 3573; x_wconf 92' lang='lat' dir='ltr'><strong>a</strong></span> <span class='ocrx_word' id='word_1_423' title='bbox 1650 3524 1781 3592; x_wconf 81' lang='lat' dir='ltr'><strong>lupis</strong></span> <span class='ocrx_word' id='word_1_424' title='bbox 1805 3525 1997 3574; x_wconf 80' lang='lat' dir='ltr'><strong>liberate</strong></span> <span class='ocrx_word' id='word_1_425' title='bbox 2016 3562 2030 3585; x_wconf 89' lang='lat'><strong>,</strong></span> <span class='ocrx_word' id='word_1_426' title='bbox 2049 3536 2138 3575; x_wconf 88' lang='lat' dir='ltr'><strong>etc.</strong></span> 
     </span>
    </p>

    <p class='ocr_par' dir='ltr' id='par_1_14' title="bbox 1194 3603 2200 3756">
     <span class='ocr_line' id='line_1_61' title="bbox 1265 3603 2200 3675; baseline 0.004 -22"><span class='ocrx_word' id='word_1_427' title='bbox 1265 3605 1332 3670; x_wconf 89' lang='lat'><strong>(8)</strong></span> <span class='ocrx_word' id='word_1_428' title='bbox 1370 3603 1463 3655; x_wconf 89' lang='lat' dir='ltr'><strong>Hic</strong></span> <span class='ocrx_word' id='word_1_429' title='bbox 1506 3623 1614 3655; x_wconf 73' lang='lat' dir='ltr'><strong>cum</strong></span> <span class='ocrx_word' id='word_1_430' title='bbox 1670 3610 1878 3675; x_wconf 86' lang='lat' dir='ltr'><strong>iniquam</strong></span> <span class='ocrx_word' id='word_1_431' title='bbox 1932 3610 1981 3655; x_wconf 88' lang='lat' dir='ltr'><strong>in</strong></span> <span class='ocrx_word' id='word_1_432' title='bbox 2029 3625 2076 3656; x_wconf 84' lang='lat' dir='ltr'><strong>se</strong></span> <span class='ocrx_word' id='word_1_433' title='bbox 2122 3626 2200 3657; x_wconf 87' lang='lat' dir='ltr'><strong>ex-</strong></span> 
     </span>
     <span class='ocr_line' id='line_1_62' title="bbox 1194 3689 2199 3756; baseline 0.002 -20"><span class='ocrx_word' id='word_1_434' title='bbox 1194 3697 1349 3753; x_wconf 83' lang='lat' dir='ltr'><strong>pertus</strong></span> <span class='ocrx_word' id='word_1_435' title='bbox 1379 3698 1492 3738; x_wconf 81' lang='lat' dir='ltr'><strong>esset</strong></span> <span class='ocrx_word' id='word_1_436' title='bbox 1513 3692 1786 3741; x_wconf 84' lang='lat' dir='ltr'><strong>sententiam</strong></span> <span class='ocrx_word' id='word_1_437' title='bbox 1803 3724 1822 3749; x_wconf 87' lang='lat'>‚</span> <span class='ocrx_word' id='word_1_438' title='bbox 1851 3690 1923 3738; x_wconf 85' lang='lat' dir='ltr'><strong>his</strong></span> <span class='ocrx_word' id='word_1_439' title='bbox 1945 3689 2094 3739; x_wconf 82' lang='lat' dir='ltr'><strong>verbis</strong></span> <span class='ocrx_word' id='word_1_440' title='bbox 2116 3707 2199 3756; x_wconf 82' lang='lat' dir='ltr'><strong>ap-</strong></span> 
     </span>
    </p>
   </div>
  </div>
 </body>
</html>
