2514 4218
307 181 426 241 388
916 195 1115 232 rasam.
1163 191 1231 229 ne
1276 192 1426 229 Locis
1471 192 1849 233 runotoeicm.

304 367 400 405 an.
448 342 606 414 210,
661 358 981 423 provocare
1033 333 1367 406 haereticos,
1424 354 1456 391 a
1503 333 1716 416 quibus
1757 336 1923 397 facile
1965 336 2231 396 falsitatis
2276 341 2439 419 argui

306 438 628 520 potuisset3
679 455 788 494 nec
839 433 999 492 enim
1053 429 1249 489 minus
1297 427 1544 488 audaces
1596 442 1768 488 erant
1803 430 2058 491 haeretici
2104 433 2443 510 seculilll,

300 555 479 616 quam
503 532 622 590 sint
666 527 919 589 haeretici
954 524 1132 585 seculi
1169 524 1318 582 XIX.
1360 523 1660 584 Siluerunt
1690 537 1892 585 tamen
1918 527 2003 586 illi
2034 554 2051 601 ς
2098 542 2447 608 argumento

304 632 503 710 itaque
525 623 885 698 ineluctabili
915 633 1038 691 est,
1062 618 1221 702 quod
1252 618 1399 678 nihil
1424 619 1715 680 haberent
1741 624 2174 704 reponendum.
2201 626 2448 688 Ridicu-

310 725 435 785 lum
461 735 658 782 autem
691 731 780 779 est
801 764 816 794 ,
844 717 1003 800 quod
1042 713 1360 798 opponitur
1382 715 1455 775 de
1495 717 1809 797 exiguitate
1839 718 1992 777 illius
2036 724 2442 800 monumenti,

301 818 547 903 perinde
584 838 650 875 ac
692 816 739 873 si
786 814 862 873 ad
915 813 1094 873 fidem
1138 813 1467 874 faciendam
1510 835 1656 894 opus
1696 825 1847 873 esset
1895 815 2115 894 erigere
2156 817 2447 899 templum

304 916 358 975 S.
379 913 554 973 Petri.
595 912 766 971 Certe
792 911 839 969 si
867 909 991 969 haec
1009 909 1157 968 ratio
1178 908 1422 981 valeret,
1454 909 1663 967 frustra
1689 908 1872 969 Jacob
1898 909 2155 992 lapidem
2173 912 2448 973 erexisset

302 1011 364 1068 in
389 1007 631 1068 titulum
653 1052 669 1082 ,
700 1018 803 1065 aut
840 1017 1062 1065 veteres
1091 1004 1438 1087 patriarchae
1477 1026 1755 1067 acervum
1789 1005 2055 1088 lapidum
2089 1029 2197 1089 pro
2230 1030 2449 1069 monu-

303 1116 506 1164 mento
531 1104 878 1186 posuissent.

383 1202 522 1260 566.
574 1199 665 1259 Ad
696 1199 814 1267 8¹¹¹,
853 1198 1003 1278 Neq.
1049 1221 1277 1276 conseq.
1315 1219 1386 1257 ex
1416 1195 1575 1257 falsis
1621 1198 1932 1279 praemissis
1971 1197 2318 1276 deductam,
2358 1202 2444 1260 uti

304 1320 375 1358 ex
393 1296 542 1356 datis
566 1293 1044 1378 responsionibus
1070 1304 1270 1375 aperte
1287 1293 1507 1375 liquet;
1535 1305 1712 1375 prout
1742 1293 1955 1352 falsum
1975 1306 2085 1370 est,
2115 1295 2442 1378 Scripturas

300 1391 658 1476 impossibile
715 1401 1034 1472 utrumque
1075 1389 1288 1448 factum
1347 1388 1692 1466 ostendere,
1741 1410 1870 1470 quae
1908 1388 2149 1470 quidem
2191 1389 2443 1450 demon-

302 1490 506 1550 stratio
553 1487 724 1546 unice
769 1487 1055 1562 *innititur
1114 1484 1346 1544 silentio
1387 1483 1552 1542 Pauli
1605 1485 1667 1542 in
1711 1485 1764 1543 II
1805 1483 1880 1554 ad
1925 1484 2179 1545 Timotb.
2230 1487 2444 1570 scripta

302 1582 479 1667 paulo
509 1594 647 1642 ante
683 1586 805 1660 ejus
834 1592 1087 1640 mortem
1128 1581 1256 1659 (l);
1291 1583 1452 1658 cujus
1481 1589 1680 1639 autem
1718 1579 1995 1661 ponderis
2028 1581 2102 1639 sit
2127 1603 2443 1662 argumen-

302 1693 466 1755 tum,
515 1679 672 1760 quod
717 1700 787 1737 ex
825 1676 1114 1756 ejusmodi
1159 1675 1391 1735 silentio
1448 1676 1707 1751 eruitur,
1752 1676 1928 1758 paulo
1980 1689 2119 1738 ante
2162 1680 2438 1739 vidimus,

387 1776 525 1834 567.
573 1774 706 1852 Obj.
759 1771 1034 1832 secunda.
1078 1772 1300 1832 Saltem
1326 1771 1561 1831 ostendi
1598 1773 1838 1855 nequit,
1881 1774 2121 1843 Petrum
2144 1774 2320 1835 fuisse
2345 1798 2444 1835 ro-

374 1984 441 2048 (l)
479 1982 750 2032 Ridiculum
769 1980 905 2046 plane
920 1990 1004 2039 est,
1022 1979 1150 2045 quod
1167 1998 1192 2028 a
1210 1997 1330 2028 non-

307 2066 448 2114 nullis
473 2076 692 2130 urgetur,
740 2073 1066 2128 argumentum
1099 2081 1153 2110 ex
1181 2062 1332 2110 verbis

305 2147 466 2207 Pauli,
496 2164 532 2194 11
567 2147 626 2195 ad
662 2145 787 2193 Tim.
819 2163 865 2191 iv
889 2181 906 2206 ‚
952 2141 1046 2192 16:
1086 2140 1332 2208 Inprima

307 2246 411 2277 mea
453 2228 730 2293 defensione
773 2243 913 2274 nemo
966 2224 1089 2272 mihi
1144 2226 1289 2291 affuit
1317 2262 1331 2280 ,

307 2312 390 2361 sed
412 2328 574 2361 omnes
593 2329 667 2359 me
691 2309 1048 2375 dereliquerunt
1069 2348 1083 2370 ‚
1108 2326 1212 2376 quae
1234 2312 1334 2357 sine

306 2393 480 2462 injuria
510 2394 563 2444 S.
608 2394 730 2444 Petri
757 2394 959 2442 scribere
987 2410 1084 2441 non
1113 2394 1336 2458 potuisset

309 2476 587 2544 Apostolus,
623 2477 816 2543 perinde
844 2494 897 2525 ac
923 2479 961 2524 si
978 2476 1158 2533 Petrus,
1192 2478 1336 2541 quiet

311 2561 406 2625 ipse
434 2562 483 2608 in
511 2559 713 2623 vinculi-s
745 2557 1076 2618 detinebatur,
1118 2560 1337 2623 potuisset

309 2642 452 2691 Paulo
493 2644 725 2710 suppetias
768 2642 904 2690 ferre.
951 2639 1173 2689 Ceterum
1207 2638 1335 2705 apud

306 2734 607 2790 protestantes
623 2723 836 2772 nondum
845 2723 1128 2788 exploratum
1139 2730 1225 2784 est,
1240 2739 1334 2787 quo

313 2817 517 2872 tempore
538 2808 638 2855 haec
661 2806 850 2872 epistola
878 2816 1062 2854 exarata
1090 2806 1146 2852 sit
1166 2841 1179 2863 ‚
1211 2803 1333 2852 utab

313 2891 425 2953 ipsis
455 2907 613 2955 urgere
648 2891 790 2954 possit
831 2889 1048 2938 adversus
1096 2905 1195 2934 nos.
1231 2886 1333 2935 Cfr.

314 2970 581 3029 Michaelis,
622 2989 703 3037 op.
743 2974 827 3020 cit.
862 2981 975 3019 tom.
998 2987 1046 3018 lv
1069 3006 1081 3029 ,
1112 2969 1192 3018 ch.
1232 2986 1294 3018 22
1318 3005 1331 3027 ‚

317 3064 429 3103 sect.
463 3070 513 3103 2.
558 3054 647 3103 Hic
690 3054 879 3103 demum
925 3053 1152 3111 observo,
1192 3069 1336 3117 quam

314 3134 506 3184 feliciter
537 3147 833 3201 protestantes
857 3140 978 3186 inter
1009 3153 1056 3184 se
1094 3145 1335 3201 pugnent,

309 3216 431 3266 dum
469 3220 795 3284 aggrediuntur
819 3221 1094 3281 catholicos,
1126 3222 1207 3286 qui
1241 3216 1333 3267 Ross

317 3318 442 3350 mam
466 3299 650 3350 Petrum
685 3306 859 3353 venisse
900 3305 1063 3370 ibique
1098 3312 1335 3350 mortuum

303 3400 414 3445 ,esse
445 3394 650 3432 tuentur.
680 3385 859 3434 Etenim
903 3390 1035 3451 juxta
1065 3384 1330 3445 Calvinum,

318 3464 581 3515 Comment.
618 3467 698 3514 cit.
743 3469 799 3514 in
831 3486 847 3516 1
879 3464 1007 3517 Petr.
1040 3469 1182 3534 epist.
1216 3466 1336 3515 Pon-

1415 1982 1559 2028 tentia
1592 1978 1719 2046 quod
1745 1980 1901 2029 Petrus
1926 1981 2126 2030 Romam
2158 1985 2331 2032 venerit
2355 2002 2369 2046 ;
2396 1993 2444 2031 at

1415 2079 1523 2110 vero
1549 2061 1679 2128 juxta
1711 2062 2051 2113 Eiehhornium
2075 2102 2090 2124 ‚
2122 2083 2200 2130 op.
2238 2068 2313 2114 cit.
2339 2065 2444 2114 ideo

1415 2142 1643 2192 Catholici
1659 2153 1925 2204 autumant,
1943 2144 2132 2193 Petrum
2150 2145 2330 2195 venisse
2344 2145 2442 2195 Ro-

1381 2227 1383 2229 ’
1417 2243 1573 2287 mam,
1595 2227 1722 2292 quod
1750 2226 2005 2295 Babylonis
2032 2231 2224 2277 nomine
2250 2230 2446 2297 mystice

1419 2309 1615 2358 Romam
1663 2311 1946 2374 interpretati
1985 2311 2178 2361 fuerint.
2210 2311 2288 2382 Sic
2317 2314 2443 2361 enim

1418 2392 1607 2440 scribit:
1627 2390 1885 2440 Habitatio
1907 2388 2048 2441 Petri
2072 2393 2236 2443 Romoe
2262 2431 2276 2454 ‚
2287 2395 2444 2459 juxta

1419 2477 1647 2541 majorem
1688 2491 1880 2524 omnem
1901 2476 2329 2542 probabilitatem,
2359 2477 2444 2542 fa-

1416 2557 1529 2606 bula
1557 2566 1646 2606 est.
1677 2553 1932 2605 Innititur
1952 2558 2290 2623 compilationi
2301 2561 2442 2625 prio-

1417 2642 1489 2687 ris
1510 2639 1721 2706 epistolae
1742 2657 1844 2688 sace
1863 2638 2108 2706 Babylone
2126 2679 2140 2701 ‚
2167 2659 2181 2689 ι
2216 2641 2363 2691 Petr.
2391 2659 2438 2703 v,

1427 2723 1482 2771 13
1504 2759 1518 2782 ‚
1559 2721 1688 2787 quod
1718 2739 1891 2770 nomen
1918 2725 2180 2789 primitiva
2223 2722 2441 2772 Ecclesia

1415 2804 1677 2868 exponebat
1694 2805 1902 2869 fiqurate
1933 2805 1989 2852 dt!
2027 2806 2142 2854 urbe
2165 2805 2319 2854 Roma
2345 2825 2365 2867 ,·
2396 2815 2442 2854 et

1416 2905 1562 2953 super
1575 2886 1660 2935 Ιιοο
1679 2887 1733 2934 id
1748 2905 1884 2935 omne
1903 2888 2197 2953 <edificatum
2207 2897 2273 2937 est
2284 2926 2299 2951 ‚
2314 2888 2441 2953 quod

1419 2970 1631 3019 mundus
1655 2971 1956 3019 christianus
1977 2973 2207 3035 antiquas
2226 2979 2271 3018 et
2286 2987 2440 3019 novus

1412 3052 1662 3116 fabulatus
1701 3063 1802 3114 est,
1843 3053 1902 3100 de
1947 3052 2081 3100 illius
2112 3054 2298 3100 meritis
2327 3070 2439 3105 eum

1418 3132 1640 3184 Ecclesia
1659 3153 1804 3196 rom„
1842 3135 1900 3182 de
1922 3137 2027 3200 ejas
2049 3133 2151 3182 illic
2178 3136 2402 3200 primatu
2419 3173 2435 3197 ,

1418 3235 1476 3265 ae
1534 3218 1590 3264 de
1639 3234 1725 3265 suo
1784 3219 2037 3282 martyrio.
2091 3217 2187 3265 an
2237 3217 2441 3280 fidenter

1417 3316 1580 3365 quaero
1608 3316 1621 3350 :
1662 3300 1750 3348 ubi
1788 3299 1989 3347 aliunde
2021 3299 2275 3348 haberetur
2290 3300 2438 3366 liujus

1417 3386 1492 3431 rei
1508 3384 1729 3450 probatio
1747 3384 1780 3431 ,Ρ
1814 3381 1882 3432 Et
1909 3382 2111 3446 lii-storia
2140 3384 2312 3432 critica
2355 3383 2436 3432 de-

1416 3469 1540 3534 beret
1571 3485 1632 3515 ne
1646 3469 1763 3533 pati
1778 3468 2112 3533 probationem
2144 3467 2260 3516 adeo
2292 3469 2435 3534 inop-

305 3547 442 3597 uticii
468 3548 662 3597 inillam
695 3567 855 3598 venere
876 3553 1149 3600 sententiam
1169 3588 1182 3610 ,
1202 3551 1327 3616 quod
1408 3550 1719 3617 portianam?
1762 3549 1831 3598 Ita
1883 3551 2070 3618 quidem
2111 3553 2183 3600 isti
2225 3553 2330 3598 novi
2365 3553 2435 3614 gi-

307 3627 464 3680 Petrus
501 3628 748 3698 Babylonis
791 3634 985 3680 nomine
1027 3632 1224 3682 Romam
1265 3635 1330 3680 si-

302 3713 585 3777 gnificaverit
605 3751 619 3776 ,
652 3732 708 3764 ex
742 3726 1053 3781 praeconcepta
1081 3716 1193 3767 falsa
1221 3733 1329 3765 sen-

1415 3643 1595 3699 gantes.
