2514 4218
280 169 408 229 260
907 183 1104 223 macr.
1155 183 1223 218 nc
1267 183 1419 221 10013
1463 185 1837 224 aeconomum.

278 337 484 410 dasset
500 332 666 410 videm
688 330 1002 416 Apostolus
1026 327 1155 387 Tito
1180 348 1384 388 curare
1403 373 1419 404 ,
1447 337 1515 387 ut
1548 332 1857 398 senem-sint
1893 332 2033 390 sani
2055 333 2127 388 in
2150 329 2269 408 fide
2295 327 2386 412 (l)
2406 375 2424 405 7

288 433 337 492 si
373 453 568 514 neque
606 431 768 490 Titus
811 425 1305 506 nequeEpiscopi
1340 424 2007 513 reliqui,‚tetiam;simnl
2034 425 2258 508 ,sumpti
2294 447 2428 488 cum

287 527 551 588 Ecclesiae
596 526 820 608 capite,
861 520 935 595 de
975 519 1244 580 doctrina
1283 519 1617 590 orthodoxa
1643 519 2091 597 aut·llaeretica‚-
2133 521 2427 604 proutfab

288 623 623 686 auctoribus
658 617 965 694 asseritur,
995 616 1260 695 judicare
1297 639 1363 676 ac
1399 614 1964 697 decernere‘absq'ue
1991 619 2202 685 erroris
2232 639 2296 677 ac
2321 617 2430 677 de·-

288 720 572 802 ceptionis
607 713 935 796 suspicione
974 723 1217 795 possent
1236 759 1251 787 7
1293 724 1469 796 prout
1494 733 1604 772 nec
1631 722 1874 794 possent
1897 702 2008 787 rite
2034 726 2268 795 pascere
2299 736 2433 795 gre-

289 837 419 896 gem
441 810 552 872 sibi
569 809 971 870 commissum.
1004 811 1143 883 Quae
1164 809 1409 892 quidem
1439 810 1637 869 omnia
1665 807 1885 869 absona
1907 820 2048 868 sunt
2070 820 2131 875 et
2153 808 2429 871 absurda.

371 908 510 968 395.
563 908 755 981 Quare
793 905 1045 965 Ecclesia
1084 905 1195 964 hac
1231 916 1522 988 potestate
1556 905 1887 965 continenti
1934 904 2263 973 seculorum
2299 916 2434 970 om-

287 1007 455 1065 nium
492 1003 639 1063 serie
677 1025 779 1061 usa
811 1013 904 1063 est
924 1047 941 1078 ‚
980 1001 1124 1084 quin
1155 1002 1313 1061 ullus
1348 1025 1612 1085 unquam
1633 1047 1651 1080 ‚
1687 1002 1737 1060 si
1772 1001 2073 1063 haereticos
2104 1001 2299 1061 forsan
2330 1023 2438 1062 ex-

286 1102 500 1185 cipias,
539 1097 952 1160 reclamaverit
979 1143 996 1172 ,
1035 1099 1154 1157 imo
1190 1099 1296 1180 qui
1328 1109 1524 1158 ratum
1562 1111 1622 1158 et
1650 1097 1961 1158 infallibile
2000 1120 2121 1157 non
2159 1097 2435 1158 habuerit

286 1203 408 1277 ejus
439 1196 552 1256 hac
589 1195 652 1255 in
681 1217 748 1255 re
779 1193 1097 1274 judicium.
1144 1195 1297 1254 Sane
1335 1193 1586 1264 Ecclesia
1620 1195 1684 1253 in
1712 1193 1972 1254 Concilio
2002 1194 2235 1255 N-icaeno
2268 1194 2433 1254 dam-

287 1296 455 1357 navit
482 1295 601 1355 Arii
641 1294 928 1354 Thaliam
946 1339 963 1362 ‚
1003 1302 1210 1375 utpote
1234 1291 1527 1352 erroribus
1546 1291 1984 1375 haeresibusque
2010 1292 2289 1352 refertam
2313 1289 2430 1372 (2).

289 1391 609 1452 Damnavit
652 1389 868 1473 scripta
894 1389 1149 1448 Nestorii
1177 1389 1238 1447 in
1267 1388 1524 1449 Concilio
1557 1388 1850 1472 Ephesino
1882 1401 1941 1448 et
1969 1387 2434 1448 Chalcedonensi

290 1487 497 1550 eadem
540 1485 613 1546 de
651 1507 843 1546 causa.
888 1485 1108 1544 Contra
1147 1506 1289 1547 vero
1329 1485 1604 1565 probavit
1653 1485 1870 1567 scripta
1917 1484 2116 1565 cyrilli
2156 1483 2437 1546 adversus

291 1583 571 1646 eumdem
599 1593 832 1643 exarata
853 1626 868 1657 ‚
896 1592 1105 1664 utpote
1139 1579 1465 1642 orthodoxa
1495 1581 1608 1661 (3).
1645 1581 1821 1641 Et·ita
1845 1603 2021 1664 porro
2051 1603 2110 1641 se
2134 1581 2309 1662 gessit
2340 1581 2436 1641 in-

292 1677 675 1763 sequentibus
692 1677 901 1737 seculis
917 1722 933 1752 ,
962 1681 1124 1757 cujus
1149 1677 1378 1737 illustre
1400 1676 1741 1760 exemplum
1776 1698 1895 1759 prae
1913 1677 2130 1737 caeteris
2153 1676 2438 1760 suppedi-

287 1787 378 1835 tat
394 1774 720 1835 Concilium
740 1773 787 1833 V
804 1774 1235 1835 oecumenicum
1251 1773 1312 1833 in
1328 1773 1707 1834 damnatione
1722 1773 1904 1833 trium
1915 1771 2302 1857 capitulorum
2322 1773 2432 1853 (4),

291 1883 360 1931 ut
396 1871 621 1952 reliqua
656 1871 831 1930 missa
865 1870 1096 1930 faciam.

375 1967 517 2027 396.
565 1967 698 2029 Sive
733 1967 910 2047 igitur
948 1976 1174 2047 spectes
1199 1965 1437 2041 munia,
1482 1986 1613 2047 quae
1646 1964 1913 2026 Christus
1940 1965 2207 2026 Ecclesiae
2239 1965 2437 2047 impo-

292 2064 410 2124 suit
426 2107 448 2136 ,
486 2063 610 2125 sive
652 2066 775 2140 ejus
817 2062 997 2122 finem
1034 2062 1096 2120 in
1138 2060 1387 2121 Ecclesia
1422 2061 1789 2121 instituenda
1817 2106 1834 2134 .‚
1874 2061 1995 2124 sive
2025 2060 2263 2143 praxim
2293 2081 2442 2120 con-

298 2170 556 2219 stantem
581 2204 597 2234 ,
643 2179 819 2240 quam
866 2168 1155 2239 perpetuo
1195 2156 1444 2217 Ecclesia
1487 2157 1716 2232 tenuit,
1747 2156 1970 2239 liquet,
2012 2177 2143 2217 eam
2183 2156 2246 2215 in
2274 2155 2437 2216 factis

294 2255 634 2338 dogmaticis
665 2253 1050 2314 decernendis
1082 2274 1245 2336 aeque
1282 2252 1654 2313 infallibilem
1694 2241 1820 2313 esse
1840 2297 1857 2328 ‚
1897 2263 2074 2336 prout
2105 2251 2435 2314 ostenden-

286 2351 437 2412 dum
460 2349 883 2433 assumpsimus
908 2349 1019 2430 (5).

363 2542 431 2607 (l)
471 2540 584 2608 Cap.
621 2551 691 2601 11,
724 2555 777 2589 2.

364 2624 434 2688 (2)
469 2624 525 2672 ln
558 2624 695 2689 epist.
726 2621 980 2688 synodica,
1012 2621 1137 2687 apud
1166 2621 1328 2671 Socra-

291 2718 421 2768 tem,
452 2706 593 2755 Hist.
632 2703 744 2755 0001.
775 2704 862 2753 lib.
893 2718 945 2765 1,
977 2720 1079 2769 cap.
1115 2719 1143 2751 2
1163 2740 1178 2765 ‚
1206 2706 1326 2753 circa

291 2791 439 2840 finem
468 2826 482 2850 ‚
539 2805 727 2839 necnon
776 2787 902 2853 apud
959 2784 1272 2836 Sozomenum
1307 2823 1323 2848 ‚

295 2872 384 2922 lib.
406 2891 455 2933 1,
485 2889 591 2939 cap.
618 2887 704 2921 21.

368 2954 433 3020 (3)
447 2953 679 3004 Cfr.Acta
692 2950 878 3003 Concil.
892 2950 1142 3012 flat-duim,
1156 2962 1273 3002 tom.
1289 2969 1323 3014 1,

297 3036 388 3087 001.
436 3037 559 3089 1363
587 3077 600 3102 ,
653 3041 767 3088 item
800 3047 911 3086 tom.
959 3053 996 3084 u
1025 3073 1040 3098 ‚
1090 3036 1178 3085 col.
1228 3035 1323 3087 1'15

301 3129 348 3170 et
372 3138 507 3188 seqq.

368 3202 432 3266 (h)
470 3202 593 3252 lbid.
622 3220 674 3251 ιιι
695 3239 710 3263 ,
744 3204 837 3253 001.
877 3203 970 3270 193
1003 3212 1049 3251 et
1084 3200 1193 3270 194.

371 3285 439 3350 (5)
478 3284 575 3333 Cfr.
594 3286 651 3334 de
682 3286 772 3335 hoc
790 3295 1063 3352 argumento
1083 3285 1287 3335 Penelon
1305 3325 1319 3346 ‚

300 3384 411 3433 opp.
443 3366 555 3416 edit.
573 3369 652 3415 cit.
672 3377 789 3417 tom.
820 3385 870 3416 x1
887 3404 903 3428 ,
943 3367 1209 3417 Troisieme
1235 3370 1320 3416 in-

300 3450 535 3498 struction
547 3448 788 3515 pastorale
801 3459 1060 3500 contenant
1083 3448 1150 3498 les
1170 3467 1322 3516 preu-

300 3550 379 3581 ves
395 3532 451 3580 de
472 3530 520 3580 la
541 3530 775 3579 tradition
796 3540 1087 3582 concernunt
1113 3532 1320 3598 l'infail-

295 3614 470 3663 libilite
502 3615 559 3664 de
585 3612 790 3678 l'Equse
818 3617 1048 3665 touchant
1079 3615 1144 3664 les
1176 3624 1321 3663 textos

292 3697 623 3764 doqmatiques
659 3714 722 3746 oa
759 3696 1042 3763 heretiques.
1070 3698 1187 3748 Item
1221 3698 1313 3746 Re-

1406 2558 1563 2608 ponse
1589 2541 1647 2591 de
1681 2542 1761 2592 M.
1795 2524 1999 2608 l'baeque
2034 2543 2093 2591 de
2137 2542 2372 2592 Cambrai
2403 2543 2435 2590 ὰ

1414 2640 1486 2671 un
1517 2626 1689 2689 eaeque
1708 2660 1724 2687 ,
1750 2642 1859 2674 cum
1887 2627 1999 2674 aliis
2032 2627 2233 2691 epistolis
2270 2626 2328 2676 de
2358 2643 2437 2675 eo-

1412 2706 1521 2755 dem
1541 2717 1815 2772 argumento
1828 2745 1841 2767 ,
1861 2725 1965 2774 quae
1981 2712 2297 2769 continentur,
2314 2719 2432 2759 tom.
2451 2736 2454 2740 >

1412 2790 1511 2853 ¹³¹3
1539 2791 1844 2848 Instruction
1859 2790 2101 2858 pastorale
2126 2808 2213 2839 sur
2247 2790 2290 2839 le
2315 2790 2436 2840 livre

1410 2870 1608 2919 intitul&
1638 2888 1653 2920 ε
1682 2872 2014 2923 Jus‘rmcnion
2041 2889 2299 2940 substituet
2335 2891 2436 2922 ass-

1411 2971 1636 3003 rsc'rusux
1668 2993 1682 3016 ,
1732 2966 1828 3004 tom
1870 2973 1983 3020 xiv3
2031 2974 2215 3006 necnon
2270 2955 2435 3004 Lettre

1408 3053 1499 3086 sar
1525 3037 1884 3103 l'infaillibz'lite
1901 3038 1960 3087 de
1979 3036 2179 3103 l’E'qlise
2206 3038 2435 3087 touchant

1410 3120 1476 3170 les
1503 3130 1651 3170 tec-ecs
1678 3121 2033 3187 doqmatz'ques‚
2066 3122 2184 3171 ibid.
2229 3122 2431 3171 Disser-

1408 3207 1528 3254 tatio
1567 3205 1626 3253 de
1652 3203 1706 3253 E
1706 3203 1888 3253 cclesiae
1916 3203 2266 3269 infallibilitate
2295 3207 2432 3254 circa

1409 3295 1566 3335 textus
1605 3286 1898 3353 dogmaticos
1923 3321 1939 3346 ‚
1989 3285 2238 3336 occasione
2277 3286 2433 3336 libelli

1407 3372 1494 3417 cui
1518 3368 1690 3418 titulus
1717 3368 1839 3417 :Vm
1867 3384 1990 3417 ucis
2006 3407 2019 3430 ‚
2042 3379 2159 3420 tom.
2197 3388 2277 3419 xv.
2301 3370 2429 3419 Con—

1407 3451 1552 3500 sulat.
1598 3461 1814 3517 praeterea
1853 3451 2122 3519 Tomnely,
2165 3461 2300 3502 tract.
2356 3448 2431 3500 De

1406 3531 1628 3583 Ecclesia
1649 3570 1663 3592 ‚
1701 3544 1865 3599 quaest.
1887 3553 1915 3582 v
1937 3570 1954 3597 ‚
1983 3545 2068 3583 art.
2101 3552 2157 3583 111
2176 3571 2191 3596 ,
2228 3534 2308 3583 De
2340 3550 2428 3582 au-

1406 3618 1620 3665 ctoritate
1641 3614 1836 3676 Summi
1855 3613 2110 3682 pontificis
2131 3625 2176 3666 et
2193 3614 2427 3665 Ecclesiae

1405 3699 1650 3748 universa?
1696 3701 1753 3747 in
1790 3716 1994 3749 censura
2041 3700 2306 3763 librorum,
2342 3714 2426 3745 scu
