2514 4218
532 230 696 270 ran.
742 229 788 267 1.
832 229 953 267 cn.
1000 230 1088 267 ιιι.
1133 229 1203 267 nn
1238 228 1515 269 ‚secusia
1555 229 1737 269 noris.
2067 208 2182 269 211

84 377 420 439 diemorum
452 383 751 458 pastorum
792 372 991 446 dictis,
1042 393 1151 434 nec
1185 372 1355 434 aliter
1393 372 1507 434 dici
1544 384 1740 456 potest
1780 385 1916 456 post
1951 385 2185 437 tantum

83 472 362 555 temporis
402 469 778 531 intervallum
814 467 889 528 ab
925 466 1332 551 Apostolorum
1372 480 1562 530 oetate.
1598 470 1744 529 Cum
1783 489 1921 529 vero
1950 470 2189 552 Aposto-

83 568 275 629 lorum
330 566 544 648 scripta
595 563 866 624 omnibus
909 572 1151 646 pateant
1176 607 1194 638 ,
1237 563 1352 623 illae
1401 564 1699 624 societates
1738 562 1998 624 dicendae
2049 577 2189 625 sunt

83 660 444 746 apostolicae,
497 683 667 742 quas„
707 682 778 719 ex
812 658 1117 719 collatione
1153 655 1430 718 doctrinae
1464 680 1601 719 cum
1643 657 1904 718 doctrina
1940 660 2189 742 Aposto-

82 755 272 816 lorum
323 756 647 815 constiterit
684 755 974 835 integrum
1023 772 1352 838 purumque
1390 753 1495 812 Dei
1534 752 1780 814 verbum
1816 774 2193 831 conservare,

82 862 260 934 prout
310 850 383 909 de
420 847 874 932 protestantibus
916 843 1237 927 ceterisque
1282 844 1576 920 Ecclesiis,
1633 869 1764 930 quae
1812 847 2114 911 inductam
2158 873 2191 910 a

84 967 327 1006 romana
375 945 622 1005 Ecclesia
685 940 1115 1023 corruptionem
1179 939 1579 1015 sustulerunt,
1641 940 1898 1003 dubitari
1962 946 2187 1028 nequit.

84 1042 153 1100 7⁰
187 1040 392 1122 Ecquis
420 1040 578 1100 enim
609 1058 782 1098 sanus
826 1033 1018 1108 dicat,
1055 1034 1227 1093 unius
1268 1035 1529 1096 Ecclesiae
1567 1057 1822 1098 romanae
1861 1041 2195 1102 testimonio

85 1135 359 1196 standum
384 1155 507 1195 esse
533 1134 677 1194 circa
706 1129 1207 1191 conservationem
1235 1129 1566 1212 apostolicae
1587 1130 1901 1208 doctrinae3
1933 1157 2068 1196 cum
2102 1157 2197 1197 ex-

82 1229 379 1313 ploratum
404 1230 511 1307 sit,
534 1226 839 1311 plerasque
873 1222 1150 1284 Ecclesias
1176 1224 1521 1307 apostolicas
1549 1224 1624 1286 ab
1654 1228 2066 1310 Apostolorum
2089 1231 2200 1291 do-

83 1326 270 1385 ctrina
296 1324 568 1385 defecisse
586 1322 615 1381 Ρ
647 1321 815 1399 Ergo.

167 1420 308 1480 320.
353 1414 525 1500 Resp.
551 1413 638 1476 Ad
670 1416 773 1489 1¹¹⁸,
799 1415 956 1476 Dist.
986 1414 1066 1473 Eo
1090 1411 1345 1473 tendunt
1376 1422 1546 1475 sectae
1568 1458 1585 1490 ,
1615 1424 1687 1473 ut
1708 1413 1977 1477 homines
2008 1430 2199 1480 retra-

85 1514 233 1576 hant
267 1537 300 1575 a
334 1514 484 1578 vitiis
516 1522 576 1573 et
606 1511 926 1570 informent
952 1508 1027 1568 ad
1055 1509 1427 1568 sanctitatem
1458 1554 1475 1584 ,
1522 1508 1758 1592 qualem
1786 1510 1897 1570 sibi
1931 1513 2198 1593 fingunt,

85 1631 153 1671 ac
178 1630 283 1693 per
308 1606 530 1682 media,
555 1627 684 1688 quae
716 1604 879 1664 illam
913 1602 1256 1678 destruunt,
1287 1623 1483 1673 eonc.‚·
1512 1625 1644 1664 vere
1674 1616 1736 1664 et
1770 1607 2039 1689 proprie,
2065 1630 2197 1690 neq.

8 1777 12 1782 ι
87 1707 154 1765 ln
183 1704 386 1788 primis
407 1702 818 1777 observamus,
853 1699 963 1759 hoc
989 1701 1182 1782 ipsum
1213 1698 1499 1779 professas
1528 1720 1652 1759 esse
1687 1721 1892 1761 omnes
1934 1704 2202 1785 antiquas

83 1811 294 1874 sectas,
329 1819 577 1881 quarum
599 1795 762 1856 nulla
786 1794 982 1855 extitit
1004 1816 1268 1877 unquam
1289 1839 1305 1869 ,
1337 1815 1468 1877 quae
1490 1793 1600 1854 sibi
1621 1808 1976 1878 apparenter
1994 1797 2203 1859 saltem

84 1915 206 1953 non
242 1893 610 1977 proposuerit
643 1891 913 1950 homines
951 1888 1030 1949 ad
1067 1891 1349 1950 virtutem
1383 1901 1446 1951 et
1487 1891 1861 1951 sanctitatem
1886 1892 2203 1955 informare

83 2002 259 2073 atque
288 2012 321 2051 a
366 1990 523 2051 vitiis
556 1987 843 2048 abducere
873 1987 969 2066 (l)
988 2031 1004 2061 ,
1036 1996 1180 2067 quas
1215 1996 1415 2046 tamen
1447 1985 1747 2046 hodiernae
1772 1997 1937 2048 sectae
1966 1991 2055 2049 uti
2079 1988 2207 2049 hae-

87 2086 292 2144 reticas
316 2095 377 2144 et
395 2085 602 2164 impias
616 2092 978 2142 execrantur.
1006 2080 1232 2141 Deinde
1252 2080 1799 2157 animadvertimus,
1823 2104 2208 2166 unamquam-

87 2200 201 2261 que
231 2190 443 2239 sectam
471 2178 774 2259 concipere
800 2176 1191 2251 sanctitatem,
1216 2187 1392 2255 prout
1423 2174 1569 2235 libet
1585 2220 1603 2252 ,
1628 2197 1871 2258 quaeque
1894 2179 2205 2241 consistere

88 2273 272 2356 possit
299 2292 431 2332 cum
472 2271 720 2354 propriis
756 2268 1202 2352 cupiditatibus,
1232 2281 1298 2328 ut
1333 2281 1498 2351 patet
1531 2291 1603 2330 ex
1639 2271 1742 2342 iis,
1779 2291 1905 2351 quae
1938 2274 2206 2354 superius

90 2366 263 2427 allata
290 2378 461 2442 sunt,
488 2365 941 2448 protestantium
973 2363 1274 2446 principiis
1297 2407 1314 2437 ,
1344 2363 1490 2423 adeo
1520 2374 1587 2422 ut
1614 2364 1753 2422 satis
1774 2365 1915 2445 ipsis
1937 2367 2015 2425 sit
2041 2366 2207 2426 Chri·

90 2473 248 2523 stum
277 2460 719 2544 apprehendere
743 2480 849 2541 per
864 2457 1041 2518 fidem
1061 2503 1079 2532 ,
1101 2469 1171 2516 ut
1197 2457 1394 2536 magni
1421 2457 1622 2516 statim
1637 2457 1826 2517 sancti
1844 2458 2172 2520 efficiantur
2187 2504 2207 2535 ,

90 2557 358 2640 quamvis
398 2557 517 2615 sint
553 2551 830 2614 'omnibus
865 2552 1179 2614 sceleribus
1222 2552 1535 2634 inquinati.
1582 2552 1902 2612 Commoda
1946 2555 2207 2636 profecto

90 2652 384 2713 sanctitas.
404 2652 654 2710 Demum
669 2648 918 2708 dicimus
935 2693 952 2722 ,
972 2666 1214 2707 omnem
1235 2647 1610 2707 sanctitatem
1628 2648 1811 2708 everti
1829 2669 1936 2730 per
1958 2649 2209 2711 ferream

90 2769 269 2831 quam
326 2744 614 2805 inducunt
672 2744 1077 2805 necessitatem
1133 2741 1427 2825 pleraeque
1480 2741 1690 2802 saltem
1754 2746 2211 2826 protestantium

90 2841 354 2917 familiae,
396 2841 519 2903 sive
555 2841 618 2899 in
646 2838 850 2900 ordine
882 2837 959 2898 ad
993 2837 1217 2899 bonum
1238 2881 1256 2913 ,
1290 2838 1416 2898 sive
1443 2837 1508 2897 in
1541 2837 1748 2898 ordine
1772 2837 1848 2899 ad
1882 2850 2205 2922 peccatum.

92 2938 292 3022 Neque
313 2936 461 2998 illud
480 2934 878 2996 omittendum
900 2945 1010 3011 est,
1034 2934 1335 2994 neminem
1359 2954 1430 2994 ex
1453 2932 1750 2993 catholicis
1780 2945 2211 3015 protestantem

95 3052 195 3094 seu
214 3033 521 3096 sectarium
542 3030 689 3108 fieri,
706 3042 773 3091 ut
797 3028 1003 3091 melior
1022 3028 1265 3106 evadat,
1288 3026 1392 3088 sed
1415 3049 1648 3112 semper
1671 3038 1738 3087 ut
1760 3026 1998 3089 liberius
2014 3029 2205 3107 vivat,

166 3291 237 3354 (1)
267 3290 340 3342 Ita
357 3292 630 3354 Manicbaei,
654 3286 907 3342 Donatisiae
922 3327 936 3349 ‚
955 3289 1110 3339 Nova·
1192 3289 1418 3354 perfectos
1443 3286 1685 3355 jactabant
1701 3323 1716 3346 ‚
1748 3286 1863 3337 adeo
1885 3299 1938 3339 ut
1962 3289 2120 3342 Patres
2148 3310 2203 3343 ac

101 3373 214 3420 tiani
236 3373 397 3437 primis
417 3374 630 3426 Ecclesiae
659 3374 835 3424 saeculis
854 3389 868 3434 ;
888 3372 1074 3422 Cathari
1091 3407 1107 3431 ‚
1191 3370 1391 3437 theologi
1404 3369 1653 3420 debuerint
1669 3364 1900 3436 ejusmodi
1924 3371 2103 3422 diluere
2113 3373 2209 3422 dif-

104 3452 398 3518 Albigenses,
415 3453 686 3507 waldenses
703 3493 717 3518 ,
740 3456 934 3522 aliaeque
964 3456 1111 3502 innu-
1193 3452 1463 3503 ficultatem.
1482 3450 1695 3500 Ceterum
1726 3456 1919 3518 quinam
1942 3454 2113 3504 fuerint
2127 3457 2205 3503 in·

105 3551 240 3584 merae
267 3552 405 3601 prope
437 3547 564 3586 secta
599 3538 752 3588 medio
784 3554 879 3587 ατο
907 3546 1072 3586 e'xortae
1089 3574 1104 3597 ,
1189 3538 1390 3601 corrupti
1413 3550 1561 3584 mores
1586 3535 1797 3597 istorum,
1814 3539 1963 3604 quise
1984 3537 2208 3602 perfectos

103 3633 207 3684 quae
220 3633 380 3667 omnes
395 3617 988 3682 exprobraruntssatholicis
1011 3636 1112 3667 ma·
1192 3616 1429 3684 jactabant
1446 3654 1461 3681 ,
1491 3634 1546 3668 ex
1577 3617 1770 3668 historia
1804 3629 2094 3684 compertum
2120 3630 2205 3670 est.

105 3699 195 3749 lam
222 3700 407 3749 vivendi
435 3700 660 3749 rationem
678 3733 695 3762 ‚
730 3716 874 3768 seque
901 3717 1043 3768 puros
1067 3710 1115 3750 et

1859 3778 1958 3838 14.
