2514 4218
289 149 408 209 368
862 161 1061 202 macr.
1110 164 1181 199 1113
1222 162 1372 201 Locis
1417 165 1802 209 mnozoclcls.

284 314 634 373 duraturum
678 306 961 391 quamdiu
1000 304 1263 365 Ecclesiae
1297 306 1493 366 unitas
1526 310 1850 390 perdurare
1891 317 2070 380 dehet
2107 342 2181 382 ex
2218 322 2438 382 Christi

285 406 653 469 institutione
677 450 691 478 .,
724 424 940 483 nempe
970 423 1155 483 usque
1186 401 1261 460 ad
1289 402 1499 463 mundi
1532 406 1758 467 exitum
1777 454 1793 484 ,
1823 426 2000 493 prout
2032 415 2202 475 nobis
2231 429 2436 477 osten-

287 502 551 566 dendum
598 499 1028 584 proposuimus,

1113 650 1595 696 DIFFICULTATES
1606 686 1615 696 .

372 797 512 857 538.
562 793 689 872 Ohj.
719 796 1036 875 perperam
1059 814 1439 854 romanenses
1463 794 1814 856 adnituntur
1832 799 2148 860 ostendere
2172 846 2189 874 ,
2222 805 2437 885 prima-

287 906 417 954 tum
456 892 613 952 Petri
641 889 984 948 institutum
1027 889 1202 949 fuisse
1235 889 1311 949 ob
1334 890 1582 973 ,aliquod
1618 894 1912 971 objectum
1940 919 2341 974 permanens,
2372 922 2437 961 ac

285 987 535 1074 proinde
578 987 654 1046 ad
694 986 834 1045 alios
867 984 1137 1045 debuisse
1168 987 1513 1046 transmitti.
1555 990 1612 1047 Si
1658 990 1817 1071 quod
1852 993 2012 1051 enim
2039 992 2240 1054 fuisset
2285 1000 2441 1074 ejus-

288 1085 449 1146 modi
495 1084 823 1163 objectnm,
875 1094 1032 1141 certe
1098 1082 1298 1142 fuisset
1351 1091 1717 1144 conservatio
1766 1092 2062 1163 unz'tatis;
2121 1095 2246 1169 jam
2296 1113 2437 1153 vero

290 1185 354 1243 10
379 1181 544 1242 nulla
558 1202 825 1263 unquam
845 1202 915 1240 ex
932 1180 1244 1262 Scripturis
1268 1179 1522 1240 adducta
1547 1181 1657 1240 fuit
1692 1182 1962 1265 probatio
1988 1185 2086 1263 huj
2096 1209 2159 1245 us
2186 1192 2442 1248 rationis

286 1281 612 1339 theoreticae
672 1276 745 1336 de
789 1277 1162 1335 institutione
1209 1277 1365 1336 Petri
1413 1278 1734 1359 primatuS‚
1792 1279 2143 1363 nullumque
2204 1305 2442 1364 prorsus

286 1376 535 1437 occurrit
571 1375 634 1434 in
663 1374 978 1455 Scripturis
1022 1372 1131 1432 hac
1179 1373 1251 1432 de
1288 1396 1351 1433 re
1386 1375 1791 1434 testimonium
1812 1398 1832 1445 ,·
1878 1378 1946 1435 20
1986 1380 2147 1460 quod
2192 1401 2327 1439 cum
2359 1381 2440 1451 ita

287 1495 348 1533 se
376 1471 624 1546 habeat,
665 1475 799 1549 jure
836 1468 1087 1529 infertur
1113 1491 1185 1529 ex
1219 1471 1528 1553 principiis
1583 1472 1847 1548 Veronii,
1890 1476 2176 1550 Bossueti‚
2218 1488 2444 1537 cetero-

286 1590 541 1650 rumque
562 1568 1042 1649 praestantiorum
1074 1565 1485 1646 theologorum
1518 1566 1781 1627 Ecclesiae
1817 1591 2113 1648 romanae,
2154 1573 2444 1637 motivum

286 1666 670 1725 institutionis
698 1664 987 1744 primatus
1021 1684 1143 1720 non
1180 1684 1349 1743 posse
1376 1662 1514 1722 fidei
1538 1665 1847 1724 materiam
1885 1687 2009 1726 esse
2032 1713 2047 1741 .,
2088 1689 2279 1750 neque
2305 1669 2444 1728 fun-

287 1762 429 1821 dare
462 1759 776 1820 articulum
811 1758 967 1816 fidei.
1029 1760 1349 1840 Nunquam
1386 1759 1497 1819 hoc
1543 1758 1830 1820 motivum
1867 1762 2195 1823 revelatum
2235 1777 2355 1841 est,
2380 1785 2444 1824 ac

285 1857 389 1918 soli
441 1856 690 1939 proinde
735 1861 1085 1933 conjecturae
1130 1855 1427 1916 innititur.
1488 1856 1553 1916 30
1595 1857 1766 1931 Quod
1808 1859 1854 1917 si
1898 1861 1955 1918 S.
2006 1861 2397 1942 Hieronymus
2426 1907 2441 1937 ,

287 1966 348 2015 et
373 1954 571 2014 forsan
593 1974 744 2011 unus
770 1951 995 2011 alterve
1038 1963 1323 2033 praeterea
1373 1955 1545 2012 Pater
1580 1957 2021 2014 romanensium
2049 1957 2195 2015 ideae
2226 1957 2445 2034 faveat,

286 2052 347 2110 id
388 2051 596 2133 nequit
636 2051 885 2107 istorum
939 2047 1133 2107 ideam
1170 2043 1467 2127 objectum
1510 2050 1881 2109 certitudinis
1927 2051 2175 2110 efficere.
2226 2052 2293 2109 4⁰
2330 2053 2448 2112 Nec

288 2147 455 2208 obest
476 2193 491 2222 .‚
540 2145 852 2206 Ecclesiam
881 2145 943 2202 in
978 2145 1291 2227 Scripturis
1321 2145 1605 2228 appellari
1646 2150 1822 2216 ovile,
1860 2169 2149 2228 regnum,
2183 2169 2403 2227 corpus
2419 2191 2442 2220 ,

288 2243 448 2327 quod
481 2245 709 2322 exigere
742 2240 979 2301 videtur
1020 2253 1351 2322 pastorem,
1389 2243 1721 2324 principem
1762 2254 1823 2301 et
1853 2254 2066 2325 caput,
2105 2255 2164 2303 ct
2200 2243 2444 2326 quidem

288 2342 525 2400 visibile
554 2384 570 2413 ‚
616 2349 791 2419 prout
825 2336 1072 2397 visibilis
1117 2337 1242 2419 ipsa
1277 2337 1522 2398 Ecclesia
1553 2349 1675 2412 estt,
1719 2338 2013 2420 siquidem
2042 2339 2291 2399 Ecclesia
2318 2361 2444 2399 non

289 2448 376 2498 est
411 2434 648 2518 proprie
695 2455 797 2492 seu
838 2435 1182 2492 litteraliter
1220 2436 1400 2504 ovile,
1446 2433 1548 2493 sed
1585 2434 1775 2494 solum
1817 2436 2060 2515 figurate
2108 2447 2168 2495 et
2215 2436 2442 2517 impro-

288 2533 434 2616 prie.
471 2530 633 2590 Idem
673 2529 900 2589 dicatur
939 2529 1011 2588 de
1047 2551 1226 2610 reyno
1257 2542 1315 2589 et
1348 2553 1610 2611 corpore.
1654 2532 1957 2609 Ejusmodi
1995 2530 2245 2614 proinde
2278 2530 2442 2590 locu-

288 2630 478 2688 tiones
507 2637 746 2686 tantum
782 2626 1128 2705 significant,
1165 2625 1479 2685 Ecclesiam
1526 2641 1651 2686 esse
1685 2628 2021 2687 societatem
2067 2627 2403 2686 ordinatam
2425 2672 2442 2702 .,

292 2726 357 2783 5⁰
402 2727 579 2785 Porro
615 2721 924 2781 essentiale
962 2721 1226 2780 societati
1267 2721 1426 2781 haud
1462 2743 1586 2782 esse
1632 2734 1820 2802 caput
1865 2722 2125 2797 visibile,
2175 2734 2338 2805 patet
2367 2744 2442 2782 ex

291 2844 383 2895 en,
411 2819 571 2902 quod
585 2818 783 2901 plures
815 2830 998 2877 status
1026 2818 1278 2877 existant
1302 2817 1524 2900 absque
1559 2819 1921 2879 monarchia.
1941 2821 2220 2893 Quamvis
2244 2830 2443 2878 autem

291 2918 584 2978 institutio
617 2917 821 2998 capitis
851 2936 915 2973 ac
953 2916 1203 2997 pastoris
1235 2914 1566 2997 plurimum
1603 2916 1863 2975 conferat
1893 2915 1967 2975 ad
2007 2916 2269 2977 Ecclesiae
2307 2915 2445 2974 uni-

292 3026 477 3075 tatem
524 3027 584 3075 et
626 3014 932 3088 ordinem7
989 3025 1165 3095 prout
1205 3012 1303 3072 vel
1361 3015 1475 3096 ipsi
1530 3017 1925 3074 protestantes
1972 3014 2215 3073 confessi
2261 3023 2440 3088 sunt,

291 3111 494 3171 inferri
516 3109 729 3171 exinde
761 3111 989 3192 nequit.
1026 3109 1329 3168 Christum
1352 3110 1415 3168 id
1443 3110 1767 3193 perfecisse.
1789 3110 2043 3184 Etenim,
2066 3109 2153 3169 uti
2183 3107 2446 3168 animad-

293 3207 474 3268 vertit
518 3209 865 3282 Bossuetus⁷
914 3228 1021 3265 nos
1066 3206 1310 3265 minime
1353 3207 1628 3266 insistere
1671 3205 1958 3266 debemus
2001 3206 2175 3264 meris
2214 3205 2447 3264 ratioci-

293 3302 630 3363 nationibus
687 3314 788 3361 aut
837 3301 1173 3377 desideriiS‚
1229 3302 1333 3362 sed
1379 3304 1895 3383 promissionibus
1936 3307 2112 3361 certis
2175 3313 2229 3360 et
2273 3311 2444 3360 certae

295 3401 638 3459 traditioni.
686 3400 746 3456 Si
794 3398 975 3458 semel
1026 3396 1328 3458 desideriis
1375 3411 1479 3457 aut
1514 3398 1754 3458 somniis
1779 3397 2083 3477 indulgere
2113 3419 2220 3456 nos
2248 3396 2446 3457 delec-

297 3508 483 3569 taret7
540 3516 841 3577 possemus
908 3495 1149 3576 quidem
1200 3507 1405 3576 optare
1464 3497 1633 3553 Rom.
1688 3494 2059 3555 'Pontificem
2107 3516 2228 3554 non
2269 3491 2444 3552 modo

295 3595 626 3652 immunem
684 3589 757 3648 ab
813 3612 1010 3650 errore
1057 3612 1212 3666 esse,
1269 3590 1373 3650 sed
1416 3591 1660 3673 insuper
1707 3612 1737 3648 a
1794 3602 2060 3672 peccato,
2116 3588 2445 3670 ignorantia

295 3701 396 3748 aut
415 3687 756 3772 cupiditate.
790 3688 1094 3746 Possemus
1124 3707 1418 3770 quaerere‚
1464 3708 1647 3769 quare
1670 3732 1685 3762 ,
1723 3690 1769 3745 si
1801 3687 2064 3747 Christus
2102 3686 2250 3745 dixit
2292 3687 2445 3767 Apo-
