2514 4218
2082 241 2157 299 69

431 262 583 304 PART.
632 262 672 297 1.
717 259 837 298 CAP.
881 260 944 298 11.
994 262 1062 298 DE
1105 259 1320 300 CHRISTI
1362 261 1512 299 acet.
1560 261 1802 300 Gons'n‘r.

77 428 234 465 mam
265 417 325 466 et
349 426 553 486 corpus
585 403 897 485 requiritur
921 425 1102 463 nexus
1139 406 1295 464 inter
1322 417 1633 486 utrumque
1653 450 1669 474 7
1706 407 1764 465 vi
1800 410 1958 484 cujus
1999 426 2158 466 com-

77 501 351 560 mercium
368 499 513 558 illud
532 510 802 557 mutuum
825 499 1069 578 exurgit,
1083 520 1198 579 quo
1222 500 1415 558 anima
1437 500 1499 557 in
1523 520 1728 581 corpus
1751 544 1767 574 7
1791 520 1997 582 corpus
2016 522 2156 561 vero

77 594 137 651 in
161 594 413 651 animam
441 604 570 672 agat
593 619 608 666 ς
643 594 721 651 sic
749 594 924 652 etiam
942 593 1006 650 in
1027 592 1272 651 Ecclesia
1293 639 1309 668 7
1344 605 1411 652 ut
1443 594 1574 656 viva
1611 593 1721 652 dic-i
1749 594 1934 674 possit
1962 604 2021 653 et
2047 596 2122 654 sit
2139 641 2156 666 7

77 708 175 745 seu
212 708 415 767 corpus
450 689 650 748 vivum
669 733 684 761 7
719 707 949 747 necesse
972 695 1090 759 est7
1115 696 1181 743 ut
1202 707 1305 744 suo
1333 687 1507 747 modo
1526 687 1636 746 1106
1660 686 1979 747 intercedat
2008 709 2160 747 com-

75 782 386 855 mercium7
434 804 546 863 quo
586 781 847 858 ejusdem·
880 777 1134 839 Ecclesiae
1171 780 1364 838 anima
1399 781 1464 838 in
1502 802 1706 863 corpus
1743 793 1804 841 et
1844 803 2051 864 corpus
2095 782 2158 840 in

74 876 326 933 animam
351 877 470 935 vim
498 887 692 935 exerat
722 895 905 934 suam.
947 875 1190 952 Insuper
1216 872 1292 930 ad
1326 894 1460 932 eum
1494 876 1732 937 modum
1758 922 1775 952 7
1813 898 1928 958 quo
1956 878 2019 958 in
2044 874 2162 935 liu-

73 991 246 1027 mano
281 969 580 1029 individuo
615 969 832 1028 semine
875 977 1032 1025 creto
1080 966 1240 1046 prius
1279 967 1569 1028 evolvitur
1600 991 1665 1028 36
1702 992 1762 1029 se
1796 970 1996 1052 prodit
2027 992 2157 1030 cor·

73 1085 212 1143 pus7
249 1063 457 1122 deinde
487 1064 739 1135 animus7
778 1060 876 1141 qui
899 1081 1006 1140 per
1035 1060 1286 1140 corporis
1316 1061 1681 1140 operationes
1710 1064 2020 1124 innotescit
2039 1110 2055 1140 7
2083 1065 2162 1123 sic

74 1158 317 1217 Ecclesia
349 1158 546 1240 incipit
580 1178 610 1215 a
650 1155 1021 1234 generatione
1043 1199 1059 1228 7
1099 1175 1226 1235 quae
1259 1156 1310 1214 ei
1338 1154 1586 1235 obtingit
1619 1177 1726 1238 per
1757 1159 2118 1239 Baptismum
2146 1204 2162 1233 7

74 1273 136 1310 ac
176 1253 222 1310 si
260 1274 448 1311 sermo
482 1251 557 1310 sit
576 1250 650 1308 de
687 1248 898 1308 adultis
920 1293 937 1323 7
974 1270 1079 1328 per
1104 1249 1351 1308 verbum
1385 1250 1489 1309 Dei
1523 1261 1582 1309 et
1620 1271 1727 1331 per
1761 1253 2159 1332 Baptismum7

75 1368 190 1426 quo
226 1348 351 1428 quis
394 1355 695 1426 cooptatur
733 1345 799 1402 in
831 1342 1164 1402 membrum
1197 1343 1486 1419 Ecclesiae,
1525 1344 1708 1403 donec
1738 1366 1844 1426 per
1878 1346 2163 1407 virtutum

72 1440 514 1520 theologicarum
550 1438 887 1497 exercitium
926 1438 1118 1496 anima
1139 1483 1156 1513 ·›
1199 1459 1312 1519 qua
1345 1438 1548 1499 vivum
1583 1437 1682 1497 ille
1717 1439 2049 1499 membrum
2076 1442 2163 1500 ef-

76 1535 251 1593 fectus
278 1545 393 1607 est7
424 1555 482 1592 se
508 1533 841 1592 manifestat
866 1528 1134 1592 exterius,
1162 1535 1410 1592 Demum
1437 1533 1930 1614 quemadmodum
1956 1557 2162 1618 corpus

72 1631 419 1687 extrinsecus
442 1627 730 1686 alimentis
753 1628 1039 1708 perceptis
1066 1627 1354 1702 nutritur7
1391 1638 1448 1686 et
1484 1627 1710 1686 animus
1742 1628 1922 1691 verbo
1944 1651 2044 1688 seu
2068 1631 2164 1688 in⁴

74 1722 369 1780 stitutione
397 1722 743 1780 informatur
761 1766 777 1790 7
806 1722 887 1779 ita
916 1720 1159 1779 Ecclesia
1185 1719 1363 1780 verbo
1386 1722 1490 1780 Dei
1509 1721 1861 1803 reliquisque
1893 1722 2162 1783 subsidiis

70 1818 444 1877 exterioribus
487 1818 694 1892 alitur7
742 1838 868 1898 quae
914 1816 1158 1876 totidem
1197 1817 1391 1896 gratiae
1436 1838 1502 1876 ae
1540 1819 1861 1877 sanctitatis
1900 1819 2163 1880 vehicula

71 1923 207 1970 sunt
246 1957 261 1986 7
314 1933 379 1971 ac
427 1912 682 1970 animam
737 1921 1051 1993 penetrant
1105 1911 1538 1992 vivificantque.
1599 1912 1939 1971 Interiorem
1991 1935 2164 1995 porro

69 2006 218 2065 hanc
245 2007 426 2067 vitam
448 2028 545 2066 seu
570 2007 939 2065 sanctitatem
957 2051 974 2080 7
1016 2026 1130 2086 qua
1155 2027 1258 2064 suo
1295 2004 1470 2064 modo
1492 2005 1840 2065 informatur
1864 2051 1881 2080 7
1920 2007 2164 2067 Ecclesia

70 2102 316 2159 exterius
353 2101 621 2182 patefacit
664 2103 781 2163 sive
822 2121 927 2181 per
965 2110 1191 2158 sanctas
1238 2100 1601 2181 operationes
1623 2145 1638 2174 7
1689 2101 1810 2160 sive
1844 2102 2022 2159 etiam
2059 2122 2164 2182 per

72 2195 523 2274 supernaturalia
541 2195 692 2254 dona
705 2206 878 2276 atque
900 2193 1242 2254 charismata
1255 2240 1270 2269 7
1283 2192 1489 2275 quibus
1507 2216 1537 2253 a
1552 2196 1674 2254 Deo
1695 2193 2036 2254 honestatur
2050 2194 2157 2277 (l).

144 2410 206 2475 (l)
244 2412 462 2460 Praeclare
490 2411 573 2461 Dr.
605 2413 836 2472 Moehler,
864 2416 913 2461 in
930 2412 1069 2477 Sym-

74 2491 224 2541 bolica
241 2530 254 2551 7
278 2510 378 2556 cap.
406 2491 454 2552 5,
474 2492 500 2558 §
521 2491 602 2554 48,
618 2494 862 2542 discrimen
880 2494 1066 2559 detegit,

1156 2416 1281 2462 mier
1296 2430 1417 2479 coup
1444 2414 1595 2474 d'oeil,
1626 2413 1962 2480 impl‘iqueune
1977 2419 2166 2464 enorme

1156 2493 1423 2559 difference.
1483 2493 1665 2560 Quanti
1725 2492 1993 2559 l’Evanqile
2057 2498 2166 2544 vinc

72 2573 196 2639 quod
220 2575 527 2638 interponitur
549 2576 671 2621 inter
685 2575 939 2622 doctrinam
962 2592 1069 2638 pro—

72 2656 333 2702 testantium
392 2661 436 2702 et
486 2655 740 2702 doctrinam
799 2654 1067 2702 catholicam

71 2738 188 2783 circa
224 2737 440 2800 originem
469 2738 668 2799 corporis
699 2745 743 2783 et
787 2737 953 2783 animae
984 2735 1070 2783 Ec-

72 2819 218 2866 clesiae
241 2855 254 2877 7
291 2819 426 2882 plane
461 2820 579 2866 inter
601 2836 647 2866 se
681 2821 944 2868 contrariae.
977 2818 1070 2866 Les

70 2898 354 2963 catholiques
367 2936 380 2959 7
404 2902 556 2964 inquit
572 2934 588 2959 ‚
606 2900 879 2962 enseiqnem
899 2918 915 2946 .·
934 2884 1070 2946 L’E-

70 2980 189 3046 qliae
206 2982 375 3030 visible
402 2984 550 3029 existe
568 2980 764 3030 d’abord
780 3016 795 3042 ‚
809 2983 929 3046 puis
943 2982 1072 3029 viem

73 3047 270 3128 I’E'ql-ise
284 3063 504 3111 invisible
521 3102 534 3124 7
557 3063 663 3111 c’est
681 3062 970 3129 lapremiere
987 3065 1073 3127 qui

69 3145 219 3208 forme
244 3146 290 3194 la
323 3145 535 3195 seconde.
571 3145 664 3193 Les
697 3143 984 3192 Lutheriens
1000 3145 1075 3191 di-

77 3235 175 3273 sent
196 3265 209 3287 7
242 3245 308 3275 au
343 3229 580 3275 contraire
617 3245 636 3274 .·
672 3225 873 3291 I'quioe
907 3225 1075 3275 visible

78 3314 173 3352 sort
207 3307 262 3356 de
303 3307 558 3359 l‘invisible
574 3325 595 3369 7·
631 3307 678 3356 Ia
705 3307 898 3355 seconde
933 3316 1001 3355 est
1036 3307 1076 3355 16

77 3386 345 3449 sondemem
371 3390 428 3436 de
444 3389 489 3436 Ia
501 3390 757 3454 premiere.
776 3388 828 3436 Id
849 3398 933 3446 est,
946 3391 1076 3453 juxta

81 3468 338 3518 Catholicos
355 3489 409 3519 ex
436 3490 621 3535 corpore
642 3471 855 3520 Ecclesiae
875 3473 1082 3535 provenit

80 3552 252 3612 animer,
268 3553 394 3616 juxta
415 3561 707 3617 protestantes
732 3572 786 3602 ex
816 3555 969 3601 anima
985 3569 1080 3617 pro·

79 3634 204 3680 venit
241 3649 422 3695 corpus,
451 3632 598 3698 Pergit
626 3652 759 3699 porro
788 3636 981 3692 exim-ius
1011 3652 1085 3682 au-

86 3722 183 3760 ctor
207 3730 219 3760 :
244 3711 370 3760 Cette
390 3716 668 3765 contrariete
680 3716 725 3763 si
737 3717 882 3781 petite
903 3731 1088 3780 cupre-

1156 2574 1354 2622 eolairer
1376 2574 1416 2622 16
1429 2574 1625 2634 monde,
1650 2574 1689 2623 16
1717 2591 1943 2639 royaume
1973 2574 2164 2624 deDieu

1157 2655 1405 2703 n’exislait
1435 2655 1575 2719 qu'en
1600 2654 1946 2704 Jews-Christ
1979 2665 2024 2705 et
2042 2658 2166 2704 dans
2204 2698 2206 2701 .

1157 2735 1295 2783 l'idee
1335 2736 1519 2785 divine.
1555 2736 1620 2785 Ce
1649 2738 1816 2801 furem
1851 2738 1916 2786 les
1958 2737 2166 2804 Apo'tres

1157 2820 1243 2881 qui
1265 2816 1329 2863 les
1358 2820 1591 2882 premier-3
1634 2829 1854 2878 recurant
1876 2819 1923 2866 la
1953 2819 2166 2868 nouvelle

1157 2898 1213 2946 de
1227 2914 1278 2946 ce
1311 2915 1538 2963 royaumo
1556 2918 1575 2961 ‚·
1604 2904 1728 2947 mais
1749 2900 1830 2947 6116
1856 2900 1960 2948 leur
1977 2901 2057 2965 fut
2075 2917 2165 2948 an·

1157 2983 1333 3027 noncee
1371 2997 1470 3044 par
1506 2979 1552 3027 Ia
1583 2981 1750 3046 parole
1801 2990 1993 3030 externe
2019 3019 2033 3042 7
2068 2998 2168 3047 par

1162 3059 1202 3106 16
1222 3058 1421 3124 Ιαη9α96
1443 3059 1644 3109 humain
1660 3078 1683 3122 ,·
1708 3061 1791 3109 elle
1807 3079 1957 3127 passa
1991 3063 2057 3110 du
2081 3062 2164 3110 de-

1159 3141 1268 3189 hors
1291 3142 1413 3189 dans
1434 3141 1536 3190 leur
1557 3142 1875 3208 intelliqence.
1897 3143 2107 3209 Lorsque
2124 3144 2166 3193 Ie

1161 3223 1215 3270 F
1211 3222 1270 3271 ils
1295 3223 1351 3271 de
1369 3223 1618 3288 *Dieufait
1631 3223 1812 3273 homme
1834 3234 1914 3273 eut
1926 3226 2080 3291 forme
2101 3225 2165 3274 les

1161 3305 1365 3370 Apotres
1388 3340 1402 3365 7
1444 3305 1486 3352 il
1526 3306 1628 3353 leur
1664 3306 1825 3354 donna
1872 3306 1920 3355 la
1966 3308 2168 3355 mis-sion

1163 3387 1422 3434 exter-ieme
1438 3386 1493 3432 de
1517 3403 1666 3433 semer
1682 3387 1864 3439 auloin
1885 3386 1932 3435 Ia
1955 3387 2170 3435 doctrine

1166 3467 1233 3515 du
1270 3466 1409 3514 sal-nc.
1445 3467 1588 3515 Alors
1629 3476 1692 3516 on
1731 3472 1830 3518 voit
1866 3469 1932 3518 les
1958 3470 2171 3518 ouvriens

1170 3547 1496 3612 evanqeliques
1546 3557 1818 3599 traversam
1853 3551 1933 3599 des
1966 3551 2171 3598 contr-ees

1173 3631 1235 3680 οὰ
1267 3634 1452 3696 reynait
1479 3649 1574 3681 non
1594 3650 1689 3699 pas
1729 3632 1769 3681 le
1798 3633 2055 3682 souverain
2073 3629 2171 3680 Do·—

1177 3716 1434 3777 navatem,
1455 3717 1583 3764 mais
1609 3715 1650 3765 16
1661 3717 1832 3783 prime
1854 3715 1934 3764 des
1950 3713 2174 3765 tenebres-
