2514 4218
365 215 523 253 PAn'r.
570 215 614 251 1.
662 213 813 251 mter.
862 214 928 252 11,
976 211 1102 250 CAP.
1145 211 1212 250 11.
1256 209 1327 248 DE
1371 210 1602 247 Pnlus'r.
1651 207 1879 245 Pmu’nr.

2064 183 2182 245 377

68 380 321 422 romanae
364 359 544 418 hostis
569 403 586 434 ,
621 379 693 417 ex
737 368 825 416 tot
845 355 1132 415 haereticis
1160 354 1262 436 qui
1289 353 1363 412 ab
1391 350 1705 435 apostolica
1735 349 1884 409 Sede
1921 347 2186 408 damnati

67 469 206 517 sunt
236 457 326 535 (l)
349 499 366 529 a
405 474 580 512 nemo
608 475 678 512 ex
715 463 803 510 tot
831 451 1209 510 schismaticis
1228 495 1243 525 ‚
1279 448 1473 529 graecis
1507 446 1829 530 praesertim
1849 490 1866 518 ‚
1893 444 2103 526 quibus
2124 444 2185 503 id

66 539 438 612 commodum
470 548 710 606 omnino
740 545 1035 606 accidisset
1062 544 1286 625 sibique
1315 555 1490 624 atque
1519 562 1704 601 causae
1736 562 1854 600 suae
1884 538 2138 621 perutile
2169 585 2185 613 .,

67 666 243 705 nemo
286 664 547 724 unquam
585 663 655 701 ex
707 652 796 700 tot
830 639 1152 699 ambitiosis
1196 637 1545 719 praesulibus
1571 648 1746 718 atque
1787 634 2051 695 Ecclesiae
2093 656 2192 693 ro·

65 760 256 798 manae
304 736 528 796 aemulis
556 781 573 810 Ἴ
608 735 669 794 id
717 734 813 796 vel
855 736 915 792 in
967 731 1214 792 dubium
1255 753 1528 791 revocare
1569 733 1632 790 in
1681 742 1804 789 tota
1842 730 2194 812 antiquitate

67 832 509 917 pertentaverit.
542 833 691 890 Sane
731 829 966 888 nonnisi
1003 827 1195 886 seculo
1238 828 1366 884 XI·V
1421 827 1603 907 coepit
1649 826 1914 884 omnium
1966 825 2192 906 primus

69 927 359 989 Marsilius
410 926 760 998 Patavium,
813 922 1126 986 levissimis
1173 921 1522 1000 conjecturis
1572 921 1816 994 ductus7
1862 920 1936 979 ad
1982 921 2196 983 foven-

69 1024 212 1083 dum
242 1021 517 1083 Ludovici
547 1019 801 1081 Bavarici
847 1017 1125 1102 schisma7

1174 1038 1301 1076 rem
1333 1015 1552 1098 absque
1593 1014 1715 1074 ullo
1755 1036 2019 1076 successu
2053 1016 2198 1075 infi-

70 1118 211 1177 ciari
236 1118 352 1196 (2).
390 1117 503 1198 Ipsi
548 1115 790 1196 posthac
822 1112 1230 1172 haereticorum
1275 1111 1455 1172 seculi
1488 1113 1616 1170 XVI
1656 1122 1928 1192 parentes
1958 1111 2199 1171 nonnisi

74 1222 421 1272 cunctanter
458 1210 533 1271 de
561 1210 711 1269 facto
757 1207 869 1268 hoc
911 1209 1276 1290 scripserunt
1310 1207 1424 1286 (3).
1452 1207 1705 1266 Tantum
1729 1228 1870 1294 vero
1900 1207 2091 1282 abest,
2127 1217 2199 1267 ut

145 1390 210 1452 (1)
227 1390 324 1439 Cfr.
342 1389 585 1454 Fogginius
606 1423 619 1446 ‚
636 1403 715 1450 op.
737 1388 817 1434 cit.
837 1387 1023 1434 exercit.
1046 1402 1089 1432 1.

148 1471 213 1535 (ἓ)
250 1470 323 1519 Ε11
341 1508 355 1531 ,
372 1469 495 1536 quod
509 1467 738 1533 judicium
757 1468 911 1516 tulerit
929 1468 986 1515 de
1005 1467 1095 1515 hoc

80 1554 287 1602 Marsilio
334 1551 640 1600 Menandrino
685 1552 877 1614 scriptor
914 1564 1095 1598 coaevus

81 1635 281 1684 Joannes
318 1634 491 1683 villani
529 1649 542 1694 3
584 1632 789 1680 scribens
834 1634 959 1679 euim
1005 1631 1090 1680 lib.

77 1716 271 1765 Hister.
301 1732 354 1763 lx
373 1751 386 1774 ‚
420 1732 519 1779 cap.
545 1711 644 1776 264
663 1751 675 1773 ,
704 1715 762 1762 de
796 1713 1096 1762 damnatione

75 1797 298 1846 Ludovici
327 1796 486 1845 Bavari
503 1833 516 1856 ‚
535 1796 673 1844 refert
696 1830 710 1857 ,
740 1812 845 1843 eum
867 1813 893 1843 a
915 1794 942 1842 J
947 1812 1096 1843 oanne

75 1896 169 1928 xxn
198 1879 301 1927 ideo
328 1879 618 1927 anathemate
639 1878 777 1925 fuisse
798 1877 1085 1942 perculsum,

77 1961 204 2027 quod
219 1962 368 2010 fautor
382 1971 501 2010 esset
512 1961 834 2008 haereticorum
849 1996 864 2019 ,
893 1962 975 2025 qui
999 1958 1096 2008 Me-

81 2042 256 2090 diolani
273 2042 504 2108 degebant
521 2079 535 2099 ,
554 2058 739 2090 necnon
756 2079 769 2099 ‚
798 2051 849 2089 ut
875 2042 973 2106 ipse
987 2058 1094 2106 pro-

80 2125 286 2189 sequitur
318 2141 333 2172 :
360 2124 439 2172 Di
469 2125 658 2172 Mastro
690 2122 826 2171 Gian
853 2123 908 2170 di
931 2122 1093 2172 Gian-

81 2204 203 2253 done
222 2243 235 2264 ,
254 2224 279 2253 e
293 2205 346 2252 di
359 2190 550 2253 Mastro
564 2203 789 2253 Marsilio
812 2205 864 2251 di
875 2201 1093 2265 Padova,

78 2287 259 2351 qrandi
282 2289 480 2334 maestri
507 2289 562 2335 in
575 2296 753 2334 natura
778 2296 820 2334 et
844 2286 1098 2350 astrologia

82 2388 163 2418 ma
174 2370 373 2419 heretici
384 2372 439 2417 in
444 2370 540 2436 piz'c
551 2372 671 2420 caci.
696 2370 914 2438 Loquens
929 2371 1097 2419 deinde

79 2452 165 2502 lib.
193 2469 245 2512 x,
274 2469 391 2519 capr
417 2468 506 2500 102
525 2489 539 2512 ‚
575 2453 632 2501 de
659 2455 759 2518 ejus
790 2462 968 2513 morte,
993 2468 1097 2518 quae

80 2535 274 2598 contigit
292 2533 417 2598 apud
437 2531 645 2582 Mentem
660 2531 826 2583 Altum
849 2551 925 2582 an.
948 2532 1094 2595 1328,

79 2614 181 2663 haec
205 2614 349 2663 habet
379 2633 390 2661 ε
414 2613 513 2662 Che
544 2632 575 2663 a
600 2614 656 2662 di
682 2615 812 2675 dieei
838 2614 893 2662 di
909 2623 1096 2662 settem-

78 2697 160 2745 bre
193 2700 239 2745 si
280 2697 534 2763 partirono
569 2698 631 2745 da
671 2696 876 2746 Corneto
907 2732 923 2758 ,
963 2715 988 2745 e
1021 2715 1098 2746 ve-

75 2780 264 2845 ynendo
295 2782 480 2829 moriva
516 2798 547 2829 a
577 2781 745 2829 ,Monte
779 2779 894 2829 Alto
927 2780 967 2829 il
979 2798 1096 2847 per-

72 2862 172 2926 fido
197 2862 400 2910 heretico
417 2899 432 2919 ,
462 2870 720 2922 emmetra,
739 2879 764 2910 e
791 2863 1096 2912 conducitore

77 2944 154 2992 del
167 2946 355 2992 Bavero
374 2980 388 3003 ‚
420 2944 635 2992 Maestro
664 2942 887 2993 Mareilio
911 2945 975 2993 da
996 2942 1097 2993 Pa-

77 3024 226 3084 dova;
259 3033 303 3072 et
336 3027 510 3089 qiunse
543 3025 584 3073 il
610 3025 802 3074 Bavero
828 3065 841 3086 ‚
864 3036 909 3074 et
935 3025 1096 3076 l’hoste

78 3121 168 3153 sua
193 3123 224 3154 a
258 3106 490 3155 Grossedo
521 3124 552 3155 a
585 3108 642 3156 di
679 3107 808 3157 15di
836 3110 1093 3160 settembre.

76 3185 275 3248 (Horum
293 3189 500 3237 locorum
527 3192 789 3239 versionem
803 3191 997 3239 latinam
1020 3209 1095 3240 re-

76 3270 220 3329 peries
236 3269 292 3315 ad
311 3269 480 3318 calcem
506 3272 806 3336 voluminis).
834 3272 970 3337 Apud
986 3272 1094 3322 Mu-

77 3350 249 3406 taturi,
277 3349 455 3397 Rerum
492 3351 721 3402 Italicar.
752 3353 934 3419 Script.
974 3364 1091 3403 tom.

76 3446 186 3490 11113
207 3427 290 3477 cfr.
308 3433 444 3479 etiam
457 3431 680 3498 Raynaldi
697 3436 754 3483 ad
775 3453 920 3484 annos
942 3436 1086 3502 1327,

84 3510 211 3560 1328
241 3522 286 3561 et
311 3513 456 3562 1331.
481 3513 750 3582 Talisporro
780 3529 875 3576 est,
905 3522 985 3584 qui
1008 3538 1093 3568 no-

74 3594 148 3642 bis
194 3614 219 3643 a
253 3598 608 3659 protestantibus
646 3600 788 3649 veluti
831 3585 1093 3651 catholicus

75 3675 314 3742 objicitur.

150 3754 216 3819 (3)
249 3755 368 3808 Sane
386 3756 616 3809 Lutherus
632 3794 646 3821 ,
669 3762 707 3809 si
738 3761 853 3812 fides
874 3761 1090 3814 habenda

1176 1385 1211 1432 F
1216 1386 1485 1434 euardentio
1505 1420 1521 1445 ‚
1561 1388 1612 1433 in
1650 1388 1775 1434 notis
1800 1387 1860 1435 ad
1891 1403 1994 1452 cap.
2027 1402 2058 1435 2
2088 1386 2198 1436 libri

1176 1484 1227 1514 111
1258 1466 1307 1516 S.
1335 1467 1531 1526 henaei,
1558 1468 1701 1516 fassus
1735 1478 1802 1516 est
1834 1485 1849 1517 ε
1885 1468 2068 1517 Omnes
2093 1467 2198 1517 hia-

1178 1551 1327 1597 torias
1341 1549 1581 1615 affirmare
1599 1549 1802 1598 Petrum
1814 1551 1967 1614 sm‘sse
1977 1553 2198 1616 primum

1179 1631 1374 1697 Papam
1422 1632 1601 1680 Romoe.
1647 1631 1860 1699 Theoph.
1907 1632 2195 1700 Raynaudus

1180 1720 1338 1758 tamen
1354 1714 1404 1757 in
1435 1713 1515 1759 cit.
1535 1708 1782 1780 Disputat.
1815 1709 1871 1759 de
1891 1711 2086 1779 bicipiti
2102 1710 2199 1760 Ec-

1178 1790 1324 1840 clesia
1345 1827 1360 1854 ‚
1392 1801 1506 1840 tom.
1537 1809 1581 1850 x,
1610 1809 1712 1857 pag.
1741 1790 1837 1841 262
1856 1828 1870 1856 ‚
1895 1794 2082 1856 scribit,
2100 1794 2197 1844 Lu-

1178 1874 1361 1923 therum
1374 1873 1494 1924 bene
1513 1885 1671 1940 potum
1687 1878 1949 1937 asseruisse,
1970 1879 2198 1927 incertum

1178 1955 1308 2015 fore,
1346 1967 1503 2005 utrum
1535 1956 1692 2005 Romae
1725 1957 1886 2007 Petrus
1914 1959 2071 2009 fuerit.
2121 1958 2198 2009 Sic

1177 2041 1316 2085 etiam
1333 2037 1554 2087 Calvinus
1577 2075 1592 2098 ‚
1627 2037 1796 2089 Instit.
1811 2038 1896 2090 lib.
1914 2055 1988 2102 lv,
2006 2059 2108 2108 cap.
2129 2040 2166 2092 6
2181 2081 2196 2106 ‚

1178 2120 1205 2187 §
1230 2138 1245 2168 1
1257 2119 1308 2183 5,
1326 2139 1434 2171 cum
1452 2125 1753 2188 congessisset
1772 2127 1950 2186 omnia,
1966 2131 2200 2193 quotquot

1178 2207 1362 2268 potuit,
1396 2216 1666 2270 argumenta
1697 2206 1756 2254 ad
1785 2207 2050 2273 negandum
2078 2207 2200 2259 Petri

1178 2287 1228 2332 in
1256 2285 1424 2335 urbem
1452 2287 1707 2336 adventum
1726 2323 1740 2347 ‚
1757 2289 1835 2337 illa
1847 2288 2022 2339 scilicet
2035 2291 2200 2341 eadem

1178 2385 1282 2434 quae
1309 2369 1480 2418 deinde
1497 2385 1587 2418 sec.
1621 2387 1698 2419 xlx
1720 2372 1937 2421 audacter
1959 2384 2089 2438 urget
2108 2377 2200 2423 mi-

1178 2451 1390 2499 nistellus
1411 2451 1489 2499 1118
1508 2455 1776 2516 genevensis
1793 2489 1807 2514 ,
1827 2455 1885 2503 de
1899 2473 1991 2520 quo
2017 2458 2200 2522 scripsi·

1178 2549 1313 2592 mus,
1359 2533 1595 2581 concludit
1643 2550 1658 2581 :
1704 2531 1775 2583 Et
1807 2543 1969 2584 tamen
2002 2545 2201 2604 propter

1177 2612 1308 2661 laune
1325 2617 1612 2679 scriptorum
1647 2632 1932 2666 consensum
1953 2654 1969 2680 ‚
1993 2635 2199 2686 nonpu-

1173 2711 1269 2759 qno
1288 2731 1301 2752 ‚
1332 2698 1454 2760 quin
1485 2695 1588 2745 illic
1613 2708 1830 2747 mortuus
1860 2701 2054 2764 (Petrus)
2079 2718 2094 2766 3
2116 2702 2201 2750 sed

1178 2776 1477 2843 Episcopum
1520 2779 1674 2843 fuisse
1695 2818 1707 2838 ,
1750 2787 2025 2846 praesertim
2059 2782 2198 2849 lonqo
2249 2818 2256 2823 ι

1175 2869 1380 2925 tempore
1401 2896 1414 2919 ‚
1437 2861 1758 2926 persuaderin
1781 2880 1937 2927 equeo.
1965 2865 2022 2912 In
2057 2865 2199 2914 Com-

1176 2945 1411 2991 mentario
1439 2945 1496 2990 in
1511 2960 1544 2991 11
1557 2945 1696 3009 epist.
1721 2941 1862 2993 Petri
1887 2982 1901 3005 ‚
1926 2946 1985 2994 ad
2017 2963 2118 3013 cap.
2147 2963 2194 3010 1,
2222 2943 2226 2957 ’

1176 3041 1222 3071 v.
1249 3021 1331 3086 14,
1359 3027 1576 3074 audacius
1605 3026 1762 3074 scribit
1793 3041 1807 3076 ε
1834 3026 2082 3094 Quomodo
2108 3045 2198 3078 au-

1175 3115 1267 3153 tem
1287 3144 1300 3167 ,
1336 3111 1382 3155 ei
1411 3107 1659 3173 Babylone
1703 3112 1782 3171 (ut
1804 3112 1902 3174 ipse
1930 3114 2063 3176 gratis
2081 3130 2195 3178 sup-

1176 3188 1334 3252 ponit)
1368 3189 1618 3237 oraculam
1634 3193 1817 3256 accepit
1841 3190 1899 3239 de
1912 3195 2196 3259 propinqua

1175 3278 1325 3318 morte
1344 3308 1357 3330 ‚
1400 3271 1563 3319 Romoe
1604 3269 1874 3331 crucifixus
1919 3279 2024 3323 eet?
2060 3275 2196 3323 Certe

1175 3353 1282 3400 nisi
1315 3354 1474 3400 maria
1508 3362 1553 3400 et
1587 3362 1739 3401 terras
1778 3365 2013 3404 momento
2041 3365 2196 3404 trane-

1174 3433 1432 3494 volaverit‚
1454 3433 1627 3499 procul
1667 3435 1730 3483 ab
1765 3435 1918 3485 Italia
1954 3447 2194 3486 mortuum

1175 3532 1272 3563 esse
1287 3524 1488 3565 constat.
1519 3515 1642 3582 Opp.
1669 3519 1783 3567 edit.
1805 3519 2057 3568 Amstelod.
2079 3529 2190 3569 tom.

1177 3612 1240 3644 vn
1259 3631 1276 3658 ‚
1311 3614 1412 3662 pag.
1448 3595 1531 3647 36.
1570 3597 1638 3648 Ita
1655 3617 1836 3666 semper
1849 3602 1935 3652 sihi
1961 3601 2194 3651 cohaerent

1177 3681 1391 3730 haeretici.
