2514 4218
241 179 359 239 534
836 198 1036 235 raAcr.
1084 199 1153 234 ΒΕ
1197 199 1344 236 roms
1388 196 1771 237 weomadum.

245 353 473 406 secutus
498 342 574 402 sit
593 339 965 401 Theodorum
985 384 1001 415 ,
1039 340 1338 420 Sergium,
1364 341 1691 423 Pyrrhum,
1709 349 1821 400 etc.
1851 338 2068 421 (1).2ο
2100 341 2366 403 Anathe-

242 438 542 500 matizavit
584 436 909 496 Honorium
932 480 948 510 ,
988 445 1056 494 ut
1095 434 1395 496 haereticos
1433 436 1722 519 reliqum,
1761 456 2017 517 quorum
2059 437 2301 496 nomina
2336 459 2368 497 e

243 538 418 594 sacris
448 532 695 616 diptycis
719 531 1005 613 expunxit
1021 577 1036 606 ‚
1064 536 1304 614 ejusque
1327 528 1596 615 epistolas
1617 554 1734 592 una
1757 553 1892 592 cum
1913 533 2142 614 scriptis
2159 533 2336 613 Sergii
2352 578 2369 608 .,

241 630 482 711 Pyrrhi,
529 641 639 689 etc.
677 627 932 687 flammis
967 628 1214 688 addixit.
1256 630 1421 710 ErgO.

335 728 370 787 7
379 727 479 785 92.
529 727 704 808 Resp.
732 725 885 805 Neq.
918 736 1044 783 ant.
1078 725 1166 784 Ad
1194 726 1296 800 1¹1¹,
1332 723 1505 807 prob.
1539 746 1644 785 seu
1681 722 2098 807 probationum
2127 724 2370 794 seriem,

243 826 401 887 Dist.
436 823 519 881 Ex
558 821 649 880 his
675 821 971 882 'evincitur
996 821 1325 882 Honorium
1351 808 1701 881 damnatum
1735 820 1911 887 fuisse
1948 819 2023 879 ob
2055 821 2377 881 oeconomi·

244 940 375 979 cam
418 917 919 995 dispensationem
949 937 1112 976 suam
1135 961 1151 990 ‚
1192 937 1353 978 conc.
1371 941 1394 985 ‚·
1421 916 1495 977 ob
1531 937 1791 978 errorem
1815 916 1878 975 in
1903 914 2018 976 fide
2039 961 2056 991 ,
2088 938 2216 997 neq.
2245 918 2377 976 Non

242 1012 403 1073 aliud
463 1012 751 1092 colligitur
815 1033 889 1071 ex
947 1012 1238 1090 ejusmodi
1301 1012 1678 1072 damnatione
1727 1056 1746 1087 ‚
1809 1032 1990 1093 quam
2054 1011 2378 1071 Honorium

242 1109 536 1192 perversis
585 1107 834 1167 aliorum
885 1108 1136 1168 consiliis
1175 1110 1537 1186 connivisse,
1584 1131 1707 1169 non
1756 1095 2084 1169 resistendo
2136 1108 2225 1167 uti
2273 1128 2380 1189 par

245 1215 406 1279 erat,
447 1203 550 1264 sed
591 1225 698 1284 per
738 1203 1185 1284 imprudentem
1219 1204 1437 1264 silentii
1469 1204 1793 1283 jussionem
1837 1203 2062 1262 malum
2102 1203 2377 1265 fovendo,

247 1301 373 1360 Hoc
407 1299 640 1359 silentio
670 1298 836 1358 abusi
864 1298 1160 1373 haeretici,
1201 1322 1235 1360 a
1276 1300 1549 1380 dogmate
1583 1300 1867 1360 catholico
1904 1298 1978 1359 de
2010 1297 2249 1369 duabus
2277 1319 2385 1361 vo-

241 1394 576 1455 luntatibus
613 1406 672 1455 et
709 1395 1149 1476 operationibus
1186 1396 1438 1478 populos
1475 1397 1694 1455 sensim
1731 1396 1859 1454 sine
1890 1417 2070 1455 sensu
2101 1393 2388 1454 abducere
2419 1464 2425 1469 .

242 1491 667 1552 moliebantur.
703 1492 884 1570 Igitur
915 1514 1038 1550 non
1071 1491 1306 1552 haeresis
1335 1504 1572 1552 assertae
1606 1491 1711 1551 sed
1744 1492 1880 1551 fotae
1912 1512 2045 1551 reus
2082 1491 2226 1564 fuit3
2269 1511 2390 1549 non

242 1587 644 1651 consensionis
681 1608 815 1646 cum
849 1586 1134 1646 haereticis
1170 1586 1274 1645 sed
1301 1586 1646 1646 inconsultae
1683 1585 2179 1645 dissimulationis,
2212 1586 2392 1645 Cum-

243 1705 359 1767 que
386 1683 524 1742 dote
558 1681 993 1741 infallibilitatis
1022 1682 1085 1739 in
1108 1682 1221 1741 fide
1245 1682 1556 1741 asserenda
1573 1726 1590 1758 7
1622 1690 1830 1763 utpote
1855 1680 2112 1742 Ecclesiae
2138 1681 2389 1761 primas,

241 1778 525 1861 praeditus
575 1788 766 1852 esset7
812 1798 936 1836 non
980 1775 1352 1840 confirmavit
1393 1777 1602 1837 fratres
1653 1799 1786 1836 suos
1822 1781 1994 1856 juxta
2033 1799 2248 1836 munus
2285 1776 2395 1836 sibi

242 1897 276 1934 a
310 1874 548 1934 Christo
590 1873 847 1932 Domino
884 1872 1335 1933 demandatum.
1376 1876 1542 1934 Hanc
1576 1873 1806 1933 stetisse
1840 1872 2096 1932 Concilio
2132 1884 2396 1933 mentem

239 1973 305 2030 in
337 1970 675 2031 damnando
704 1972 963 2031 Honorio
980 1983 1227 2032 testatur
1257 1975 1370 2032 Leo
1387 1976 1438 2032 11
1458 2018 1475 2048 .‚
1508 1974 1572 2032 in
1588 1973 1788 2053 Epist.
1817 1973 1904 2032 ad
1933 1972 2396 2032 Constantinum

244 2068 684 2147 Imperatorem
719 2110 744 2140 ,
806 2067 909 2127 ubi
963 2089 1198 2128 causam
1245 2069 1416 2129 affert
1442 2114 1460 2144 ,
1506 2090 1610 2128 cur
1652 2079 1710 2128 et
1762 2062 1922 2150 ipse,
1975 2066 2221 2131 Concilii
2264 2087 2401 2127 sen-

240 2164 492 2224 tentiam
549 2164 943 2240 confirmans,
1011 2164 1490 2243 anathematizet*
1523 2166 1920 2235 Honorium,
1972 2167 2114 2244 qui,
2161 2163 2397 2246 inquit,

240 2261 403 2319 hanc
435 2261 819 2340 apostolicam
847 2260 1186 2319 Ecclesiam
1214 2283 1338 2320 non
1362 2263 1696 2340 apostolicae
1730 2250 2089 2320 traditionis
2118 2261 2401 2319 doctrina

242 2360 607 2434 illustravit,
636 2357 742 2415 sed
754 2360 1035 2436 profana
1057 2358 1401 2435 proditione
1426 2359 1898 2417 immacu-latam
1923 2358 2233 2415 maculari
2245 2376 2397 2435 per-

241 2456 411 2513 misit
454 2452 577 2533 (2);
631 2474 732 2511 seu
783 2453 1002 2527 etiam,
1047 2453 1135 2512 uti
1165 2453 1369 2512 scribit
1413 2452 1489 2512 ad
1523 2453 1826 2535 episcopos
1871 2451 2166 2534 Hispaniae
2206 2473 2221 2510 z
2275 2451 2400 2530 Qui

226 2551 554 2630 flammam
581 2551 850 2610 laceret-ici
877 2539 1171 2631 doymatis
1200 2574 1351 2621 non,
1379 2562 1452 2610 ut
1470 2552 1671 2610 decuit
1704 2551 2092 2631 apostolicam
2124 2550 2391 2608 auctori-

240 2658 446 2718 tatem,
489 2650 881 2726 incipientem
922 2651 1201 2718 emtinxit,
1244 2649 1351 2707 sed
1379 2649 1738 2728 neqlzyentia
1778 2648 2047 2724 confovit
2091 2644 2203 2723 (3).
2237 2645 2394 2704 Prae-

241 2751 333 2803 ter
364 2745 627 2803 Leonem
685 2742 868 2802 alium
917 2755 1128 2803 testem
1182 2742 1469 2803 habemus
1523 2742 2053 2823 locupletissimum
2100 2743 2389 2822 Imperat.

242 2839 699 2899 Constantinum
736 2842 1136 2920 Pogonatum7
1177 2839 1278 2921 qui
1313 2837 1544 2898 assidue
1582 2837 1802 2921 synodi
1838 2836 2165 2897 actionibus
2210 2838 2392 2894 inter·

242 2933 389 3011 fuit,
427 2956 537 2995 nec
570 2957 782 3018 parum
807 2956 1037 2994 causam
1073 2934 1420 2994 catholicam
1446 2935 1623 3014 juvit.
1662 2935 1768 2994 Hic
1806 2956 2010 3016 porrO,
2049 2933 2138 2993 cui
2169 2932 2388 3014 optime

242 3043 547 3114 perspecta
583 3044 707 3092 erat
738 3032 957 3113 Synodi
993 3055 1186 3109 mem,
1223 3031 1469 3114 loquens
1495 3031 1568 3092 de
1595 3033 1923 3115 EpiscopiS‚
1968 3019 2081 3114 qui⁰
2109 3027 2385 3089 Ecclesiae

238 3222 621 3290 praedicaverint
641 3233 684 3272 et
708 3224 1009 3291 proedicant‚
1028 3235 1119 3274 etc.
1147 3241 1273 3273 ana·
1359 3225 1451 3274 col.
1491 3223 1637 3293 1247.
1656 3223 1788 3273 Licet
1807 3223 2022 3289 haeoipsa
2044 3226 2143 3289 jam
2170 3222 2380 3271 dederim

245 3306 437 3368 thema3
466 3307 535 3353 uti
564 3309 712 3372 reipsa
731 3308 898 3372 legitur
926 3325 1035 3356 cum
1065 3307 1153 3356 hac
1176 3309 1275 3372 ipsa
1358 3309 1408 3354 in
1437 3313 1575 3355 tract.
1610 3308 1689 3354 cit.
1720 3303 1794 3353 De
1824 3306 2034 3353 Incarn.
2069 3304 2159 3352 loc.
2190 3306 2271 3352 cit.
2297 3301 2380 3349 At-

245 3389 622 3453 interpunctione
656 3389 783 3453 apud
814 3387 1147 3449 Herdonium,
1177 3388 1270 3438 loc.
1356 3398 1514 3438 tamen
1549 3399 1602 3436 ut
1634 3388 1772 3453 plena
1804 3386 1882 3435 hic
1916 3387 2165 3436 haberetur
2192 3384 2252 3434 de
2283 3384 2381 3433 Ho-

247 3473 328 3520 cit.
1355 3473 1476 3519 norii
1516 3487 1655 3519 causa
1694 3469 1997 3534 disceptatio,
2037 3486 2126 3518 nec
2168 3484 2377 3533 cogerem

316 3555 383 3620 (1)
422 3554 545 3604 lbid.
587 3552 733 3618 1422.
1353 3552 1573 3602 lectorem
1600 3551 1658 3600 ad
1685 3569 1738 3601 ea
1764 3552 1853 3601 sibi
1877 3551 2188 3618 comparanda
2213 3567 2268 3599 ex
2295 3547 2374 3597 illo

315 3636 383 3700 (Ξ)
417 3636 542 3686 Ibid.
574 3636 667 3686 col.
711 3633 857 3702 1475.
1347 3643 1555 3693 ,tractatu
1576 3671 1590 3695 ‚
1628 3636 1797 3683 iterum
1827 3635 1907 3685 illa
1935 3635 2014 3684 hic
2045 3636 2095 3684 in
2124 3637 2222 3701 ejus
2246 3647 2374 3681 com-

311 3716 383 3783 (3)
421 3706 557 3786 Apud
610 3719 761 3770 Labb.
817 3719 968 3770 Cone.
1022 3731 1137 3770 tom.
1187 3721 1265 3781 vi,
1354 3717 1548 3767 modum
1580 3716 1776 3784 subjeci.
