2514 4218
276 256 392 316 102

859 274 1057 313 TRAGT.
1104 271 1172 307 DE
1217 270 1365 308 LOCIS
1409 270 1792 309 THEOLOGICIS.

273 438 426 481 verae
471 417 733 477 Ecclesiae
776 417 1135 494 assignetur,
1188 410 1382 470 minus
1432 410 1690 491 prof'ec-to
1727 424 1937 472 notum
1975 414 2085 472 erit
2130 414 2253 494 ipsa
2293 415 2400 473 Ec-

276 513 485 586 clesia3
517 513 583 571 30
614 514 675 571 in
696 508 1009 593 hypothesi
1031 507 1361 589 praesertim
1391 505 1821 567 Catholicorum
1841 555 1857 584 Ἴ
1884 509 1986 591 qui
2010 509 2275 569 Ecclesiae
2307 509 2402 569 de-

275 609 603 669 finitionem
629 629 732 666 suo
762 605 936 664 modo
959 604 1335 686 praestituunt
1354 649 1368 678 ,
1413 623 1659 683 eamque
1684 602 1974 664 visibilem
2010 627 2131 666 esse
2167 617 2403 665 conten-

276 706 462 780 dunt,
507 706 624 763 imo
665 701 1037 761 manifestam
1078 700 1154 759 ad
1195 701 1379 759 instar
1412 697 1546 757 solis
1572 743 1588 772 .,
1638 699 1735 779 qui
1761 698 1887 759 luce
1931 722 2032 759 sua
2061 723 2121 760 se
2161 701 2399 784 prodit3

277 801 343 859 40
368 800 623 880 denique
646 797 781 878 quia
801 818 910 856 nec
933 795 1174 878 prodest
1205 794 1489 874 ejusmodi
1518 792 1820 879 inquisitio
1842 794 2176 854 infidelibus
2216 817 2405 878 neque

276 895 586 956 Catholicis
625 914 819 975 neque
847 892 1166 962 haereticis3
1206 913 1325 950 non
1359 888 1600 973 prodest
1627 888 1961 949 infidelibus
1985 936 2001 965 .,
2039 890 2141 971 q'ui
2176 911 2309 949 cum
2342 892 2407 949 in

278 990 576 1050 Christum
619 1010 741 1047 non
771 987 1018 1048 credant
1040 1033 1055 1063 ,
1096 998 1401 1068 nequeunt
1433 986 1662 1046 solliciti
1699 1007 1821 1045 esse
1855 985 1927 1044 de
1966 1007 2103 1047 vera
2140 990 2261 1065 ejus
2301 987 2408 1045 Ec-
2488 1036 2493 1041 ,

275 1085 482 1159 clesia3
512 1107 634 1144 non
672 1084 980 1144 Catholicis
1001 1129 1016 1158 ,
1056 1084 1157 1165 qui
1187 1105 1324 1143 cum
1361 1082 1476 1141 fide
1498 1088 1625 1161 jam
1652 1092 1895 1142 teneant
1918 1103 1979 1141 56
2013 1103 2135 1142 6556
2167 1082 2233 1140 in
2269 1103 2407 1143 vera

276 1181 550 1256 Ecclesia,
572 1180 729 1240 notis
758 1202 881 1239 non
903 1178 1169 1259 indigent
1193 1178 1268 1238 ad
1287 1199 1417 1237 eam
1439 1177 1992 1252 internoscendam3
2019 1199 2137 1236 non
2165 1178 2408 1238 demum

276 1277 563 1336 haereticis
583 1320 606 1349 ,
649 1277 753 1358 qui
789 1297 1099 1357 nunquam
1132 1296 1266 1333 cum
1304 1273 1618 1334 Catholicis
1657 1274 2011 1334 convenient
2035 1273 2098 1331 in
2131 1273 2284 1332 notis
2315 1293 2409 1332 as-

278 1373 610 1454 signandiS,
651 1371 912 1454 adeoque
958 1392 1390 1454 supervacanea
1440 1393 1675 1453 prorsus
1726 1370 1923 1432 evadit
1966 1370 2090 1430 haec
2133 1368 2206 1430 de
2256 1370 2410 1429 notis

278 1492 436 1530 verae
472 1468 739 1529 Ecclesiae
765 1467 1180 1528 controversia.
1221 1469 1385 1547 Ergo,

366 1564 502 1625 174.
551 1567 727 1646 Resp.
773 1563 925 1644 Ney.
969 1574 1096 1622 ant.
1133 1562 1360 1621 Summi
1387 1563 1547 1622 enim
1574 1562 1862 1621 momenti
1890 1573 2002 1637 est,
2034 1573 2163 1620 tum
2194 1582 2367 1621 nosse
2389 1603 2409 1637 ‚

279 1673 481 1720 utrum
507 1662 600 1721 via
629 1671 786 1720 certa
813 1681 878 1719 ac
906 1671 1032 1718 tuta
1061 1669 1291 1741 pateat,
1321 1679 1435 1739 qua
1458 1657 1533 1716 ad
1562 1679 1711 1719 verae
1735 1658 1994 1718 Ecclesiae
2018 1657 2412 1738 cognitionem

279 1756 661 1818 deveniamus
687 1801 703 1830 ,
748 1755 900 1831 hanc
936 1746 1306 1814 secernentes
1349 1776 1381 1812 a
1425 1755 1627 1830 sectiS,
1663 1752 1815 1812 illius
1857 1752 2313 1836 appellationem
2354 1764 2412 1812 et

279 1874 405 1912 rem
425 1852 625 1933 inique
652 1850 762 1910 sibi
783 1849 1202 1933 usurpantibus
1225 1849 1340 1932 (l),
1364 1860 1491 1908 tum
1515 1849 1929 1924 determinare,
1956 1870 2224 1931 quaenam
2250 1851 2412 1928 signa

280 1949 436 2024 sint.
475 1970 546 2008 ex
597 1946 808 2030 quibus
848 1946 1069 2028 absque
1107 1944 1351 2025 ambage
1397 1945 1498 2005 illa
1538 1945 2059 2028 deprehendatur,
2094 1957 2155 2005 et
2193 1968 2226 2004 a
2256 1944 2412 2004 falsis

279 2055 651 2117 secernatur,
688 2044 773 2101 uti
804 2043 1109 2124 permagni
1143 2043 1389 2102 interest
1413 2063 1715 2102 secernere
1745 2063 1917 2104 ovem
1949 2065 1981 2102 a
2011 2042 2151 2123 lupo
2171 2086 2188 2116 ,
2226 2041 2329 2123 qui
2351 2061 2412 2099 56

277 2138 434 2197 illius
466 2138 622 2220 pelle
663 2139 987 2198 contexerit
1020 2139 1133 2218 (2).
2328 2136 2331 2137 ⁷

366 2235 502 2295 175.
527 2235 617 2295 Ad
645 2237 724 2294 1m
754 2234 920 2317 prob.
948 2237 1099 2295 Dist.
1125 2234 1192 2294 Id
1207 2246 1327 2312 est,
1359 2236 1472 2294 nisi
1495 2237 1657 2317 prius
1685 2237 1989 2295 theoretice
2013 2243 2411 2314 cognoscatur,

280 2350 406 2412 quae
439 2352 575 2390 vera
605 2330 820 2391 debeat
859 2352 979 2390 esse
1017 2331 1236 2389 Christi
1276 2330 1558 2406 Ecclesia,
1605 2352 1813 2399 conc.‚·
1850 2332 1963 2389 nisi
1996 2332 2156 2413 prius
2198 2350 2414 2409 cogno-

278 2436 472 2484 scatur
502 2428 574 2482 in
600 2437 903 2497 concreto,
945 2447 1073 2505 ⁹²09.
1098 2426 1362 2485 Profecto
1389 2442 1523 2486 cum
1548 2437 1704 2487 notae
1725 2448 1850 2487 esse
1887 2426 2141 2487 debcant
2165 2423 2413 2484 totidem

346 2684 410 2749 (l)
435 2681 657 2749 Apposite
674 2686 778 2748 pius
793 2689 837 2731 et
858 2683 1020 2730 doctus
1039 2683 1178 2733 Card.
1202 2683 1300 2731 Ho-

277 2768 397 2825 sius,
428 2768 478 2813 in
507 2783 615 2831 opp.
647 2767 727 2813 cit.
766 2762 834 2813 De
866 2764 1159 2828 confessione
1183 2764 1305 2828 fidei

1391 2700 1480 2747 que
1518 2683 1643 2746 fixos
1683 2692 1728 2730 et
1779 2681 2047 2730 immobiles
2077 2690 2413 2748 permanentes

1391 2763 1654 2812 excludunt
1683 2783 1701 2811 .·
1737 2762 1860 2811 illud
1888 2764 2026 2812 ‘nobis
2051 2765 2308 2813 dicendum
2336 2781 2411 2813 re-

278 2846 524 2898 catholicoe
552 2886 564 2908 ‚
601 2865 704 2915 cap.
748 2862 810 2894 20
837 2863 850 2894 :
881 2846 1129 2913 Quoniam
1160 2852 1303 2906 vero.

279 2932 432 2995 inquit
471 2969 483 2990 ‚
529 2931 644 2995 fieri
699 2928 917 2977 videmus
950 2968 961 2988 ‚
1008 2928 1133 2993 quod
1175 2931 1301 2977 sicut

279 3010 563 3078 Scripturas
606 3022 651 3062 et
688 3028 855 3060 earu-m
891 3028 1059 3058 verum
1112 3011 1297 3059 intelle-

280 3099 409 3141 ctum
435 3095 530 3142 sibi
544 3095 667 3160 falso
688 3102 922 3159 arroqant
940 3093 1161 3143 haeretici
1180 3134 1192 3153 ‚
1227 3097 1298 3142 ita

278 3185 321 3222 et
350 3174 581 3224 Ecclesioe
613 3194 790 3225 nornen
810 3216 822 3237 ‚
854 3180 994 3244 cujus
1019 3179 1299 3225 auctoritate

282 3276 328 3305 sc
339 3260 500 3324 premi
528 3260 746 3318 videant,
766 3261 863 3308 sibi
879 3268 1047 3307 temere
1070 3269 1113 3307 et
1128 3262 1289 3324 impu-

280 3340 449 3388 denter
492 3351 731 3409 usurpant
755 3361 774 3403 ;
817 3359 874 3391 ac
903 3343 1033 3389 sicut
1061 3338 1293 3407 Scriptu-

281 3443 447 3472 rarmn
492 3427 786 3492 professione
808 3466 820 3485 ‚
872 3429 925 3474 in
963 3443 1056 3491 qua
1102 3426 1293 3492 pridem

273 3510 614 3573 praescriptum
650 3518 719 3556 est
749 3527 776 3555 a
800 3508 1062 3557 Catholicis
1084 3546 1097 3568 ,
1138 3525 1167 3555 α
1184 3511 1294 3573 qui-

279 3592 366 3639 bus
385 3607 463 3639 eas
481 3590 650 3637 habere
673 3608 722 3636 se
740 3608 917 3653 neqare
944 3608 1041 3639 non
1061 3599 1262 3656 possunt
1279 3628 1292 3650 ,

278 3676 347 3719 ita
374 3691 398 3721 e
420 3674 615 3739 piorum
638 3680 758 3719 coetu
790 3671 1005 3720 homines
1031 3673 1178 3739 impii
1185 3675 1295 3738 pios

279 3771 437 3802 ornnes
467 3764 513 3803 et
535 3757 590 3803 in
616 3754 886 3803 christiana
910 3754 1008 3819 fide
1046 3755 1294 3819 reliqione-

1391 2854 1513 2909 stat,
1537 2847 1717 2911 quibus
1743 2848 1872 2894 notis
1907 2846 2153 2905 Ecclesia,
2187 2865 2294 2912 quoe
2331 2846 2414 2895 do-

1391 2946 1497 2976 mus
1523 2938 1590 2976 est
1616 2928 1720 2976 Dei
1734 2931 1867 2990 vivi,
1898 2930 1958 2977 ab
1989 2947 2064 2990 ea,
2095 2947 2242 2995 quam
2261 2930 2414 2978 odivit

1393 3011 1532 3060 Dens
1555 3050 1566 3071 ‚
1611 3009 1832 3061 Ecclesia
1866 3012 2249 3077 maliqnantium
2310 3011 2412 3059 dis-

1390 3097 1527 3143 cerni
1555 3103 1678 3143 recte
1699 3097 1870 3160 possit.
1903 3095 2042 3144 Tom.
2074 3110 2091 3142 1
2115 3132 2128 3157 ‚
2167 3112 2273 3160 pag.
2315 3109 2372 3160 17
2394 3130 2407 3154 ‚

1394 3196 1503 3242 opp.
1541 3177 1653 3226 edit.
1681 3176 1846 3224 Colon.
1888 3174 2037 3239 1584.

1461 3261 1527 3324 (2)
1564 3260 1619 3307 Id
1647 3260 1836 3307 demum
1876 3260 2020 3306 fassus
2055 3268 2121 3306 cst
2161 3256 2408 3317 CaloviuS‚

1389 3347 1469 3411 qui
1516 3347 1565 3392 in
1616 3345 1822 3408 Synops.
1880 3350 2088 3391 controv.
2144 3343 2266 3407 disp.
2314 3342 2410 3403 23,

1388 3428 1506 3477 thes.
1545 3424 1634 3490 14,
1670 3446 1776 3493 pag.
1817 3424 1945 3490 145,
1983 3428 2163 3491 scripsit
2201 3443 2217 3475 ε
2253 3424 2404 3493 Quoe-

1387 3512 1478 3558 stio
1508 3509 1565 3558 de
1592 3509 1715 3558 notis
1739 3507 1972 3558 Ecclesiae
1994 3547 2007 3567 ‚
2042 3518 2328 3574 ecquaenam
2349 3508 2416 3556 sit

1388 3609 1498 3639 vera
1535 3591 1791 3651 Ecclesia,
1828 3607 1925 3639 ‘non
1965 3600 2033 3639 est
2072 3590 2300 3653 inutilis,
2331 3588 2415 3638 sed

1387 3675 1604 3723 maxime
1628 3675 1896 3722 necessaria
1915 3683 2054 3739 atque
2075 3673 2357 3723 utilissima.
