2514 4218
263 154 384 215 210

865 170 1065 208 Tuscr.
1115 169 1184 204 ΒΕ
1227 166 1375 206 tome
1417 170 1800 213 vunonoclms,

266 320 557 380 unitatem
579 314 880 399 propriam
919 309 1180 372 Ecclesiae
1208 307 1463 385 Christi,
1490 313 1604 372 nisi
1627 329 2006 379 revertantur
2030 318 2106 378 ad
2131 337 2400 378 commu-

267 415 511 474 nionem
535 433 671 471 cum
696 409 941 471 Ecclesia
968 425 1212 464 romana
1236 449 1253 479 ,
1283 425 1418 464 cum
1454 427 1568 488 qua
1604 430 1712 490 per
1729 414 1829 471 XV
1857 415 2047 474 secula
2080 415 2143 473 in
2183 413 2401 473 unione

264 511 538 585 fuerunt,
583 518 759 591 prout
795 522 1169 584 summopere
1193 511 1347 561 etex
1371 501 1544 561 corde
1567 514 1839 586 optamus
1860 529 2058 571 amore
2079 510 2242 570 ducti
2277 519 2402 568 tam

265 605 507 666 illustris
535 600 786 663 nationis
807 643 823 674 ,
861 599 924 656 in
954 619 1067 680 qua
1097 619 1299 658 sensus
1323 598 1623 679 religiosus
1661 599 1807 660 adeo
1841 604 2070 666 excellit
2104 608 2216 687 (l).

350 702 491 761 319.
534 698 669 775 obj.
709 694 986 755 secunda.
1041 695 1103 752 10
1140 694 1430 754 Sanctitas
1458 717 1579 753 non
1608 693 1772 756 deest
1806 699 2007 775 sectiS,
2046 722 2173 782 quae
2197 720 2403 761 omnes

267 820 335 859 eo
363 795 620 857 tendunt
640 838 655 866 a
685 803 752 851 ut
778 791 1048 851 homines
1076 812 1107 850 a
1135 791 1291 851 vitiis
1325 790 1633 851 retrahant
1659 803 1718 852 et
1747 791 1822 852 ad
1851 794 2135 854 virtutem
2155 817 2259 856 seu
2279 819 2406 856 san-

266 895 529 954 ctitatem
554 889 900 948 informent.
931 888 1000 946 20
1022 889 1302 961 Quamvis
1329 909 1468 948 vero
1492 908 1669 969 opera
1699 887 1853 948 bona
1883 911 2006 949 non
2033 890 2408 973 requirantur

263 986 337 1047 ad
370 984 678 1045 formalem
701 983 1180 1063 justificationem
1200 1027 1218 1055 ‚
1257 1005 1380 1043 non
1416 983 1817 1044 excluduntur
1845 996 2049 1046 tamen
2083 997 2149 1045 ut
2179 985 2315 1045 fidei
2341 1006 2409 1046 ac

256 1082 690 1162 justificationis
716 1081 936 1141 fructus
961 1091 1021 1139 et
1046 1078 1291 1139 indices,
1311 1078 1377 1139 30
1394 1083 1581 1141 Nemo
1615 1103 1789 1161 porro
1814 1081 2147 1162 negaverit,
2179 1092 2408 1141 sanctas

265 1201 387 1240 esse
418 1178 697 1239 Ecclesias
730 1198 1004 1258 graecam,
1052 1177 1333 1236 russicam
1364 1188 1424 1236 et
1451 1177 1817 1257 anglicanam
1859 1197 1987 1260 quae
2019 1177 2217 1260 plures
2253 1178 2410 1238 inter

264 1297 365 1336 sua
408 1274 677 1335 membra
707 1276 949 1334 Sanctos
985 1285 1358 1333 enumerant.
1390 1272 1456 1332 40
1499 1273 1566 1332 Id
1591 1274 1786 1355 ipsum
1815 1272 2044 1333 dicatur
2067 1272 2140 1333 dc
2166 1272 2410 1333 catholi-

264 1372 439 1431 citate
464 1417 480 1447 ,
525 1392 660 1430 cum
707 1380 1099 1451 protestantes
1137 1368 1356 1451 ubique
1391 1367 1587 1427 diffusi
1621 1370 1780 1444 sint,
1820 1381 1878 1428 ct
1918 1368 2312 1428 missionarios
2347 1368 2409 1427 in

266 1489 473 1526 omnes
528 1478 699 1526 terrae
743 1465 940 1548 plagas
985 1464 1282 1539 habeant,
1321 1464 1481 1547 quod
1519 1466 1738 1546 pariter
1776 1476 2058 1547 praestant
2110 1464 2411 1545 Anglicani

265 1574 325 1622 et
363 1562 553 1621 Russi.
596 1562 662 1620 5⁰
692 1563 1042 1643 Quanquam
1078 1582 1186 1621 nec
1221 1560 1715 1620 dissimulandum
1746 1572 1836 1621 est
1861 1606 1877 1636 .,
1909 1560 2199 1620 actualem
2223 1560 2411 1620 diffu-

267 1660 494 1719 sionem
531 1659 774 1718 minime
814 1658 1033 1739 requiri
1071 1656 1146 1716 ad
1175 1656 1489 1716 Ecclesiam
1516 1656 1866 1717 catholicam
1898 1655 2409 1730 constituendam3

267 1755 529 1839 alioquin
552 1755 836 1817 dicendus
870 1755 1071 1814 suisset
1094 1748 1423 1814 catholicus
1448 1754 1823 1829 arianismu8‚
1847 1754 1947 1835 qui
1962 1753 2169 1814 seculis
2189 1755 2261 1812 IV
2286 1765 2347 1813 et
2369 1753 2412 1811 V

265 1862 588 1935 utrumque
627 1852 946 1934 imperium
975 1849 1259 1911 orientale
1288 1862 1347 1910 et
1378 1849 1741 1911 occidentale
1776 1850 2105 1932 occupavit.
2136 1849 2202 1908 60
2226 1839 2431 1908 Μυίῑσ

266 1968 409 2008 vero
448 1948 628 2028 magis
668 1946 930 2007 dicendae
961 1958 1103 2006 sunt
1145 1968 1349 2006 omnes
1399 1946 1667 2007 Ecclesiae
1717 1946 1843 2004 istae
1881 1944 2250 2028 apostolicae3
2292 1943 2415 2003 haec

267 2044 428 2102 enim
462 2043 793 2126 proprietas
814 2088 830 2117 ,
852 2063 916 2101 ac
941 2041 1190 2124 proinde
1223 2053 1361 2101 nota
1390 2064 1511 2101 non
1543 2064 1575 2101 a
1605 2040 1776 2123 longa
1806 2061 2203 2100 successorum
2232 2039 2415 2118 serie,

237 2137 375 2209 ⁴sed
416 2138 490 2198 ab
536 2137 853 2221 apostolica
889 2137 1154 2197 doctrina
1197 2138 1427 2198 desumi
1477 2137 1683 2213 debet3
1726 2135 2042 2219 apostolica
2090 2156 2268 2218 porro
2310 2133 2422 2195 do-

272 2234 461 2294 ctrina
499 2256 570 2294 ex
605 2234 834 2316 scriptis
865 2233 1197 2316 apostolicis
1215 2233 1539 2313 'ediscenda
1576 2244 1706 2309 est,
1746 2233 1943 2315 potius
1988 2253 2170 2314 quam
2202 2252 2276 2294 ex
2312 2229 2422 2290 ho·

342 2452 405 2516 (1)
444 2452 499 2500 In
525 2462 759 2518 postremo
779 2452 1001 2502 fasciculo
1029 2470 1108 2502 an.
1150 2450 1279 2517 1840
1296 2490 1311 2516 ,

272 2553 353 2602 op.
385 2537 608 2601 periodici
658 2537 870 2601 inscripti
903 2535 1100 2585 British
1136 2538 1277 2586 critic
1297 2573 1312 2598 ‚

275 2619 500 2687 quodque
545 2635 571 2666 a
624 2619 993 2684 protestantibus
1053 2617 1315 2685 anglicanis

276 2703 524 2752 coniicitur
543 2738 557 2763 ,
585 2704 803 2750 asseritur
843 2703 1093 2751 necessitas
1125 2702 1314 2750 alterius

275 2783 527 2853 cujusdam
559 2783 792 2851 religionis
816 2822 829 2845 ‚
862 2803 1011 2850 quum
1039 2783 1203 2850 religio
1224 2784 1314 2833 Ec-

278 2869 427 2917 clesiae
457 2869 711 2934 anglicanae
733 2886 829 2918 non
859 2870 919 2917 sit
944 2868 1102 2933 religio
1130 2868 1309 2934 populi.

287 2950 528 3016 Quoenam
572 2960 733 3000 atatem
756 2988 771 3012 ‚
813 2953 967 3018 inquit
991 2987 1004 3010 ,
1046 2959 1114 2999 est
1140 2950 1314 3016 relae'qio

281 3034 415 3100 apud
435 3052 522 3084 nos
542 3034 941 3086 introducenda?
967 3032 1020 3083 E
1021 3043 1064 3082 st
1078 3034 1183 3095 illa,
1209 3051 1315 3100 quoe

280 3124 350 3164 est
377 3133 479 3165 nna
498 3155 510 3177 ‚
541 3127 710 3168 sancta
734 3156 746 3179 ‚
794 3115 1028 3167 catholica
1053 3125 1099 3165 et
1127 3127 1314 3184 aposto-

279 3198 397 3248 lica.
427 3200 617 3250 Utinam
657 3205 730 3251 isti
762 3202 976 3251 homines
1015 3201 1193 3249 larvam
1227 3202 1312 3251 de-

285 3292 543 3349 ponerent,
576 3295 620 3333 ct
664 3286 738 3334 vel
771 3284 915 3335 fidem
954 3283 1170 3333 Ecclesiae
1209 3302 1315 3333 vere

1392 2454 1494 2503 lum
1528 2455 1580 2503 in
1603 2451 2054 2503 indifferentismnm
2085 2451 2285 2518 dejicere
2305 2487 2319 2510 ‚
2346 2448 2420 2498 vel

1393 2543 1444 2589 in
1476 2542 1572 2590 suis
1601 2540 1838 2590 erroribus
1868 2535 2171 2589 confirmare!
2192 2536 2275 2586 Ast
2304 2537 2419 2585 mihi

1392 2624 1567 2672 similes
1609 2623 1826 2672 videntur
1850 2622 1941 2671 illis
1971 2620 2279 2681 mulieribus,
2309 2636 2417 2687 quae

1392 2716 1619 2756 venerunt
1640 2722 1788 2772 usque
1812 2706 1869 2754 ad
1899 2715 2117 2771 partum,
2146 2721 2233 2752 nec
2262 2714 2420 2752 tamen

1391 2788 1577 2837 defectu
1593 2789 1762 2836 virium
1779 2803 1940 2853 parere
1956 2796 2224 2852 potuerunt,
2240 2786 2298 2835 de
2311 2787 2419 2852 qui-

1391 2869 1481 2919 bus
1513 2871 1720 2936 loquitur
1750 2870 1991 2935 Propheta.
2023 2862 2096 2918 Ex
2129 2886 2222 2918 una
2246 2871 2420 2934 quippe

1392 2964 1522 3019 parte
1553 2956 1760 3001 sentiunt
1794 2956 2114 3002 necessitatem
2141 2968 2188 2999 se
2217 2948 2419 3013 conjun-

1392 3037 1532 3101 gendi
1564 3053 1673 3084 cum
1716 3034 1919 3084 Ecclesia
1944 3071 1959 3095 ‚
2005 3049 2111 3100 quae
2143 3031 2239 3080 sola
2285 3049 2414 3092 una,

1394 3129 1587 3182 sancta,
1635 3117 1867 3167 catholica
1910 3127 1956 3166 et
2004 3114 2255 3181 apostolica
2301 3124 2367 3163 est
2395 3148 2410 3171 ‚

1394 3218 1593 3270 quaeque
1617 3210 1686 3249 est
1710 3199 1804 3249 sola
1837 3198 2039 3248 Ecclesia
2089 3213 2318 3260 romana3
2359 3215 2414 3272 ες

1394 3286 1536 3334 altera
1571 3300 1677 3334 vero
1718 3282 2043 3349 perterreiiunt
2083 3299 2135 3329 ex
2173 3298 2293 3330 vano
2320 3296 2414 3347 pa-

290 3365 535 3415 catholicae
556 3403 569 3426 ‚
614 3385 782 3433 nempe
809 3367 1024 3416 Ecclesiae
1062 3382 1268 3414 romanae
1296 3404 1310 3428 ,
1384 3368 1543 3434 pismi
1581 3376 1659 3416 aut
1687 3366 1980 3413 romanismi
2000 3403 2013 3424 ‚
2043 3374 2094 3413 ut
2128 3366 2190 3413 ita
2223 3363 2408 3423 dicam,

286 3450 679 3516 amplecterentur
709 3488 722 3511 ,
754 3452 828 3500 vel
860 3452 949 3500 sibi
982 3450 1042 3500 ab
1081 3450 1153 3499 his
1178 3450 1314 3500 flebi-

287 3530 415 3581 libus
446 3532 596 3581 modis
624 3533 788 3583 frustra
820 3534 1096 3584 adhibendis
1132 3542 1311 3599 tempe·

287 3625 476 3680 rarent3
518 3632 667 3682 quum
709 3617 939 3682 ejusmodi
987 3616 1155 3682 agendi
1195 3618 1308 3665 ratio

282 3697 412 3747 aliud
432 3697 551 3747 nibil
574 3696 757 3748 efficere
785 3708 955 3765 queat,
986 3716 1129 3766 quam
1160 3715 1309 3764 popu·

1394 3453 1574 3516 magico
1612 3448 1852 3499 terriculo.
1891 3448 2056 3497 Vincat
2081 3448 2164 3497 Dei
2190 3448 2333 3513 gratia
2361 3447 2412 3495 in

1393 3536 1582 3583 istorum
1608 3533 1845 3582 cordibus.
1887 3532 1987 3581 Hoc
2024 3533 2151 3583 enim
2178 3531 2410 3579 bonorum

1393 3621 1605 3669 omnium
1634 3617 1913 3668 desiderium
1938 3635 1993 3667 ac
2023 3628 2183 3666 votum
2208 3623 2288 3665 est.
