2514 4218
468 255 632 296 mar.
675 257 717 293 1.
766 255 883 296 cu).
931 258 1017 296 ιιι.
1067 261 1133 296 na
1177 259 1448 298 Eccznsmi
1491 260 1667 297 noris.
2015 241 2128 301 163

104 401 246 461 263.
294 401 460 460 Nunc
486 399 549 457 in
580 401 953 477 universum,
987 413 1053 460 ut
1084 424 1288 463 omnes
1314 413 1498 463 coetus
1534 401 2015 485 complectamur.
2046 406 2129 466 di-

22 498 228 571 cimuS‚
245 494 570 554 doctrinam
590 494 848 555 Ecclesiae
864 495 938 555 ad
958 496 1105 554 filios
1121 518 1252 556 suos
1275 498 1348 557 ad
1371 498 1741 577 omnigenam
1762 501 2130 563 sanctitatem

27 588 425 649 informandos
453 589 724 650 idoneam
756 612 990 672 prorsus
1025 610 1149 649 esse
1169 636 1185 666 ‚
1216 603 1286 650 ut
1318 605 1482 674 patet
1511 615 1585 652 ex
1626 593 1980 671 innumeriS,
2028 599 2132 678 qui

20 684 210 764 gloriae
235 695 293 743 et
307 684 501 744 decori
523 685 714 745 eidem
736 686 974 744 fuerunt
988 694 1048 743 et
1075 696 1234 743 sunt.
1260 688 1343 745 De
1366 687 1434 745 iis
1455 709 1615 764 vem,
1637 688 1736 770 qui
1757 689 1941 748 vitam
1963 710 2129 750 suam

15 801 141 838 non
179 791 542 860 componunt
567 780 642 839 ad
677 780 849 858 hujus
877 778 1155 839 doctrinae
1191 779 1486 858 regulam,
1520 783 1640 841 imo
1670 782 1743 841 ab
1784 786 1850 843 ea
1880 785 2130 867 turpiter

17 873 336 932 deflectunt
361 920 377 948 .,
424 874 483 932 id
521 897 643 933 non
686 872 894 954 regulae
934 870 1222 946 defectui,
1266 873 1370 932 sed
1408 895 1696 956 perversae
1729 878 1990 962 ipsorum
2023 901 2133 941 vo-

18 967 233 1026 luntati
266 969 544 1050 imputari
580 968 786 1041 debet3
822 965 1050 1048 pollent
1073 967 1299 1049 quippe
1318 966 1503 1028 libero
1526 968 1764 1030 arbitrio
1785 1017 1802 1046 a
1836 995 2028 1056 neque
2057 997 2129 1034 ex

19 1064 264 1121 istorum
302 1062 568 1145 pluribus
593 1072 692 1122 aut
713 1060 1080 1141 paucioribus
1107 1062 1666 1143 transgressionibus
1704 1067 2006 1149 quidpiam
2031 1069 2130 1129 lo-

18 1157 141 1236 gice
172 1158 438 1217 concludi
466 1167 675 1240 potest.
699 1157 846 1215 Cum
875 1166 1099 1216 veteres
1123 1157 1427 1218 Maniehaei
1446 1159 1653 1220 eadem
1675 1160 1995 1240 objicerent
2020 1165 2134 1225 Ca·-

20 1242 290 1328 tholicis
329 1254 408 1312 sic
436 1253 572 1335 ipsis
602 1249 993 1331 respondebat
1023 1253 1081 1311 S.
1111 1251 1465 1331 Augustinus
1505 1277 1518 1311 :
1578 1256 1854 1317 Vestrum
1891 1262 2135 1320 oculum

19 1352 336 1410 malevolus
367 1369 536 1418 error
562 1352 633 1405 in
670 1353 856 1406 solam
876 1353 1124 1428 paleam
1158 1359 1376 1408 nostrae
1406 1353 1612 1430 seyetis
1645 1353 1860 1421 duci&
1898 1376 2046 1414 nam
2081 1367 2139 1415 et

18 1450 290 1504 triticum
319 1445 414 1503 ihi
434 1446 547 1502 cito
581 1443 887 1513 videretis,
921 1447 978 1502 si
1004 1455 1062 1502 et
1094 1466 1209 1503 esse
1233 1445 1450 1504 velletis
1474 1443 1585 1525 (1).
1614 1447 1845 1528 Fruges
1864 1452 1929 1508 in
1959 1472 2158 1530 ayro,‘

10 1542 328 1617 frumenta
357 1541 428 1595 in
457 1547 603 1596 a'rea
636 1541 888 1617 quaerite
911 1558 932 1607 ,·
959 1540 1349 1618 apparebunt
1375 1542 1597 1619 facile,
1635 1562 1863 1622 seseque
1899 1546 2142 1624 offerent

16 1638 148 1712 ipsa
170 1633 595 1712 quarentibus.
634 1633 803 1713 Quid
816 1638 1003 1693 nimis
1031 1638 1101 1692 in
1118 1646 1528 1715 pmyamenta
1552 1639 1745 1696 oculos
1776 1639 2134 1700 intenditis?

21 1729 192 1808 Quid
204 1728 282 1786 ab
310 1730 503 1806 opimi
530 1728 691 1787 horti
719 1730 984 1788 ubertate
1006 1731 1317 1809 imperitos
1347 1730 1614 1790 homines
1637 1736 1869 1811 sepiam
1901 1739 2137 1814 asperi-

15 1833 131 1880 tate
146 1825 407 1881 tenetis,
396 1821 470 1882 ⁹.
485 1825 739 1883 .Sunt
709 1845 781 1883 m
795 1825 1069 1885 Ecclesia
1092 1826 1385 1884 catholica
1404 1829 1887 1888 innumerabiles
1897 1830 2098 1908 fideles
2111 1874 2134 1902 ,

13 1922 125 1998 qui
150 1919 252 1978 hoc
286 1920 512 1978 mundo
546 1941 670 1979 non
713 1930 1004 1995 utantur,
1053 1932 1200 1980 aunt
1233 1926 1348 2000 qui
1386 1931 1649 1981 utantur
1680 1933 1988 2032 tanquam
2015 1946 2137 1983 non

13 2023 267 2091 utentes,
304 2025 374 2073 ut
397 2015 476 2074 ab
496 2015 767 2095 Apostolo
799 1998 1034 2075 dicetur
1066 2017 1191 2099 (2)-
1177 2062 1192 2090 ‚
1232 2036 1298 2075 ac
1319 2016 1599 2091 demum,
1638 2019 1843 2078 ceteris
1873 2020 2131 2081 omissis.

17 2107 218 2186 Quam
261 2114 426 2168 enim
479 2112 693 2169 mullos
748 2111 1076 2191 Episcopo-5
1129 2116 1379 2191 optimos
1418 2117 1575 2171 viros
1619 2118 2138 2195 sanctissimosque

14 2207 259 2281 cognovi
277 2245 298 2269 ,
339 2215 534 2282 quam
557 2207 774 2264 multos
805 2207 1216 2287 Presbytero&
1256 2229 1443 2286 quam
1478 2210 1695 2267 multos
1729 2210 2009 2269 diaconos
2024 2254 2044 2284 ,
2087 2222 2142 2269 et

16 2291 422 2374 cujuscemodi
437 2302 743 2357 ministros
764 2301 1114 2359 divinorum
1134 2303 1668 2360 Sacramentorum
1683 2345 1704 2373 ,
1733 2325 1995 2382 quorum
2019 2310 2141 2364 vir-

16 2401 114 2448 tus
136 2411 196 2448 eo
221 2391 379 2449 mihi
399 2393 749 2450 mirabilior
781 2404 838 2450 et
867 2398 1093 2471 majore
1122 2396 1561 2473 proedicatione
1591 2397 1838 2475 diqnior
1871 2401 2139 2470 videtur,

16 2505 132 2563 quo
165 2485 470 2562 difficilius
496 2498 578 2544 est
598 2508 729 2545 eam
764 2491 833 2545 in
869 2490 1204 2568 multiplici
1231 2489 1548 2548 hominum
1566 2511 1810 2569 yenere,
1844 2503 1900 2551 et
1919 2498 1989 2552 in
2019 2497 2137 2554 ista

15 2583 142 2640 vita
170 2580 603 2639 turbulentzore
633 2602 887 2640 servare.
926 2583 1066 2643 Non
1107 2588 1272 2642 enim
1307 2587 1541 2643 sanatis
1578 2590 1776 2666 ‘maffia
1811 2609 2000 2666 quam
2028 2611 2137 2648 sa-

0 2674 240 2748 gnandzs
273 2674 620 2734 hominebus
642 2687 926 2755 praesunt
951 2675 1065 2756 (3).
1114 2677 1326 2738 Eadem
1365 2699 1541 2759 porro
1574 2689 1634 2738 et
1675 2702 1782 2739 nos
1811 2682 2137 2764 responde·-

17 2789 148 2827 mus
185 2780 399 2829 nostrae
440 2771 620 2829 aetatis
655 2769 973 2846 haereticis
1001 2773 1098 2853 qui
1130 2771 1312 2832 illas
1297 2794 1451 2854 1psas
1498 2774 1930 2836 criminationes
1972 2775 2139 2837 nobis

15 2861 354 2923 obtrudunt.

21 3090 159 3140 runt,
200 3083 304 3147 quis
338 3099 433 3130 non
478 3085 693 3149 suspiciat
727 3083 775 3132 S.
821 3085 1038 3135 Carolum
1125 3087 1312 3153 quando
1329 3086 1356 3135 P
1383 3087 1482 3137 cfr.
1502 3090 1638 3137 etiam
1667 3088 1726 3136 de
1754 3090 1844 3137 hoc
1872 3100 2139 3156 argumento

24 3161 333 3212 Borromaeum
354 3163 436 3225 ‚S.
473 3165 772 3216 Franciscum
793 3165 1038 3228 Salesium‚
1124 3187 1247 3220 com.
1287 3171 1345 3219 de
1389 3170 1603 3232 Maistre‚
1635 3173 1686 3218 in
1723 3188 1799 3237 op.
1839 3173 1923 3221 Du
1966 3173 2137 3241 Papo,

25 3240 82 3290 Β.
105 3240 397 3293 Barbaricum
415 3283 429 3305 ‚
461 3246 517 3295 B.
545 3246 857 3297 Alexandrum
885 3248 1040 3310 Sauli,
1126 3250 1209 3300 liv.
1235 3268 1320 3310 111,
1357 3252 1494 3317 ehap.
1527 3252 1557 3300 3
1585 3289 1598 3311 ‚
1633 3262 1746 3301 tom.
1771 3267 1803 3301 u
1827 3290 1840 3311 ‚
1874 3271 1980 3320 pag.
2005 3252 2072 3304 80
2095 3265 2140 3305 et

26 3330 80 3370 ut
105 3322 164 3371 de
186 3324 436 3376 innumeris
460 3346 577 3394 pene
606 3331 706 3379 aliis
734 3341 906 3380 taceam
924 3368 938 3387 ,
964 3334 1046 3398 qui
1127 3334 1257 3399 seqq.
1285 3332 1422 3399 Lyon
1459 3331 1604 3381 1821.

26 3402 242 3451 doctrinae
286 3414 331 3454 et
372 3413 616 3460 sanctitatis
656 3412 795 3461 laude
824 3412 909 3461 Dei
941 3411 1034 3462 Ec-
1187 3413 1254 3479 (1)
1295 3415 1437 3464 Cant.
1465 3415 1708 3463 Faustum
1727 3453 1741 3476 ,
1780 3415 1867 3466 lib.
1899 3434 1927 3465 v
1961 3427 2008 3466 et
2039 3429 2102 3465 xi.

25 3484 210 3534 clesiam
266 3485 547 3545 illustrarunt
576 3498 602 3542 ?
649 3494 827 3544 Recens
883 3496 1037 3544 adhuc
1187 3497 1250 3562 (2)
1288 3497 1369 3547 De
1394 3497 1564 3548 morib.
1581 3497 1769 3549 Ecaten.
1794 3498 1964 3549 cathol.
1980 3498 2064 3547 lib.
2087 3515 2103 3546 ι
2118 3533 2135 3559 ,

38 3569 261 3615 memoria
304 3578 371 3617 est
403 3569 453 3618 S.
483 3572 706 3639 Alphonsi
746 3578 803 3626 de
840 3577 1038 3643 Ligurio.
1112 3596 1227 3646 cap.
1248 3578 1316 3629 35
1337 3617 1350 3640 ,
1370 3599 1418 3628 n.
1462 3596 1549 3645 77.

38 3646 242 3697 Ubinam
279 3652 506 3716 ejusmodi
544 3654 755 3708 homines
778 3669 1040 3725 protestan-
1194 3661 1260 3727 (3)
1299 3662 1422 3711 ibid.
1453 3680 1556 3729 cap.
1589 3662 1652 3712 32
1677 3701 1690 3724 ,
1728 3682 1779 3713 n.
1812 3661 1897 3729 69.

40 3731 204 3779 tismus
247 3741 290 3780 et
336 3734 688 3798 anglicanismus
725 3741 918 3805 protulit
960 3743 1043 3792 ali·
1390 3741 1402 3752 ”

1753 3824 1848 3881 11.
