2514 4218
466 211 625 253 mar.
679 215 718 251 1.
762 212 914 251 επιστ.
962 211 1027 250 11.
1078 211 1198 249 cu.
1242 210 1322 249 lv.
1372 211 1440 248 nn
1484 181 1689 249 noi-113(
1719 211 1872 250 Pam.
2102 195 2219 255 501

94 378 221 415 ram
262 355 669 439 Apostolorum
715 355 776 413 in
830 352 1127 412 communi
1171 353 1563 412 tentationem
1606 353 1750 412 circa
1793 353 2005 442 fidem,
2052 378 2222 438 expe.

91 455 230 510 tivit
273 472 368 510 vos
391 497 408 519 ,
449 471 514 508 ac
558 449 805 531 proinde
858 447 1119 507 Ecclesiae
1171 447 1235 505 in
1283 447 1626 506 eorumdem
1664 446 1954 530 persona3
2006 451 2223 514 deinde

92 544 405 606 affirmavit
454 546 661 618 Petro,
700 565 760 604 se
806 543 1107 624 speciatim
1141 564 1329 602 orasse
1370 563 1479 623 pro
1516 563 1584 602 eo
1605 588 1622 605 .
1664 564 1730 601 ac
1765 543 2073 627 propterea
2117 570 2226 630 pro

90 638 512 698 successoribus
548 639 664 697 suis
686 684 703 713 7
740 659 816 697 ne
850 637 992 697 fides
1023 640 1145 714 ejus
1178 635 1494 718 aliquando
1521 637 1796 697 deficeret
1821 683 1836 712 .,
1882 651 1956 697 ut
1977 662 2096 700 non
2121 645 2223 701 de-

86 735 259 813 ficiat
285 735 429 811 fides
464 744 607 802 tua3
648 732 888 791 demum
925 753 1071 791 onus
1109 751 1208 790 seu
1245 720 1467 790 munus
1499 732 1759 810 injunxit
1788 734 1965 793 Petro
1997 738 2216 796 confir-

89 829 294 888 mandi
314 830 378 887 in
399 828 515 888 fide
538 829 746 887 fratres
777 849 940 902 suos,
965 847 1180 907 nempe
1210 826 1519 886 Ecclesiam
1551 827 1869 907 expetitam
1902 851 1933 888 a
1965 831 2177 890 Satana
2199 878 2215 906 ‚

90 935 156 982 ut
190 945 320 983 eam
356 922 670 993 cribraret,
719 924 1012 1002 confirma
1045 923 1277 998 fratres
1316 933 1466 980 tuos,
1507 921 1728 995 Quibus
1763 944 1833 982 ex
1869 924 2066 985 verbis
2107 927 2218 987 hoc

90 1018 439 1077 instruimus
475 1029 885 1098 argumentum
919 1038 932 1074 :
964 1020 1131 1094 juxta
1172 1014 1425 1075 adducta
1460 1015 1639 1077 verba
1677 1017 1926 1078 Ecclesia
1965 1020 2215 1082 obnoxia

11 1173 17 1179 ,
86 1114 280 1172 futura
327 1124 451 1173 erat
482 1113 846 1200 tentationi,
893 1121 954 1170 et
1000 1111 1264 1171 Christus
1300 1132 1555 1194 praesens
1599 1112 1651 1171 ei
1688 1114 2017 1175 remedium
2054 1139 2213 1199 prae—

87 1209 319 1290 paravit
357 1210 421 1267 in
465 1208 699 1290 speciali
737 1204 998 1266 oratione
1038 1226 1146 1287 pro
1186 1208 1395 1281 Petro,
1448 1206 1643 1266 futuro
1689 1208 1946 1270 Ecclesiae
1985 1213 2211 1294 capite,

88 1304 350 1386 adeoque
376 1326 484 1385 pro
515 1309 636 1383 ejus
671 1301 1088 1362 successoribus
1123 1301 1246 1362 fusa
1267 1345 1283 1375 ,
1319 1311 1387 1359 ut
1422 1323 1452 1359 a
1482 1303 1653 1361 Petro
1689 1324 1754 1361 ac
1784 1306 2212 1367 successoribus

87 1405 245 1478 ejuS,
285 1422 535 1482 quorum
573 1397 721 1457 fides
766 1397 1013 1457 deficere
1048 1418 1170 1456 non
1203 1407 1470 1479 poterat,
1516 1397 1723 1457 eadem
1757 1401 1823 1458 in
1857 1401 1972 1461 fide
2008 1405 2214 1463 confir-

87 1508 370 1556 maretur.
409 1498 542 1556 Jam
575 1515 715 1556 vero
741 1495 789 1552 si
825 1495 1031 1554 Petrus
1052 1539 1068 1567 ,
1103 1514 1205 1552 seu
1240 1515 1388 1553 rom.
1424 1494 1690 1554 Pontifex
1726 1480 2048 1557 infallibilis
2091 1522 2215 1559 non

86 1605 278 1665 esset,
324 1615 423 1655 seu
468 1586 713 1652 deficere
766 1601 960 1674 posset
1009 1590 1155 1649 fides
1205 1594 1326 1667 ejus
1348 1634 1364 1663 7
1408 1588 1551 1648 dum
1602 1589 1835 1670 publico
1883 1593 2214 1674 magisterio

89 1690 350 1770 fungitur
375 1690 437 1747 in
469 1687 808 1767 dogmaticis
834 1686 1080 1746 decretis
1099 1730 1115 1758 ‚
1142 1683 1457 1744 dicendum
1494 1684 1646 1745 foret
1666 1731 1681 1759 .,
1710 1698 1813 1744 aut
1833 1686 2054 1747 Christi
2079 1711 2211 1768 ora÷

92 1786 317 1843 tionem
340 1805 450 1864 pro
467 1786 639 1842 Petro
662 1781 1019 1842 inefficacem
1040 1779 1216 1839 fuisse
1232 1825 1249 1854 ,
1279 1791 1381 1838 aut
1408 1779 1715 1839 sufficienti
1735 1781 2215 1843 remedio-Chris-

84 1891 212 1938 tum
260 1879 522 1938 Ecclesiae
570 1898 684 1937 suae
723 1882 1095 1958 nequaquam
1126 1874 1498 1935 consuluisse.
1537 1876 1718 1956 ErgQ
1767 1897 1900 1935 cum
1933 1872 2212 1938 neutrum

87 1975 211 2033 sine
240 1974 602 2056 blasphemia
623 1984 682 2032 et
708 1972 923 2031 Christi
949 1971 1159 2050 injuria
1179 1969 1414 2029 admitti
1442 1971 1654 2052 possit,
1681 1973 1943 2053 sequitur
1962 2019 1978 2050 ‚
2006 1972 2207 2034 dotem

86 2069 239 2128 hanc
271 2069 699 2128 infallibilitatis
731 2070 794 2127 in
816 2071 988 2127 Petro
1017 2071 1257 2148 ejusque
1291 2065 1710 2126 successoribus
1744 2089 1866 2127 esse
1895 2089 2210 2150 agnoscen-

87 2164 244 2223 dam.
297 2167 548 2224 Rursum
598 2187 612 2222 ε
666 2165 713 2222 si
761 2163 992 2223 decreta
1050 2162 1373 2242 dogmatica
1422 2183 1570 2221 rom.
1621 2162 1916 2221 Pontificis
1968 2175 2211 2245 possent

85 2261 388 2320 reformari
415 2260 489 2320 ab
504 2259 748 2321 Ecclesia
767 2306 784 2334 ,
812 2280 880 2318 eo
906 2257 1065 2341 quod
1093 2280 1242 2317 rom.
1272 2257 1539 2317 Pontifex
1557 2301 1575 2331 ,
1597 2257 1779 2316 etiam
1806 2257 1948 2317 dum
1966 2260 2210 2320 univer-

85 2378 210 2416 sam
257 2357 426 2416 docet
476 2354 831 2429 Ecclesiam,
887 2364 1085 2436 posset
1132 2352 1378 2412 deficere
1402 2353 1465 2410 in
1496 2352 1610 2412 fide
1631 2398 1650 2426 ,
1693 2352 1808 2411 duo
1857 2366 2207 2433 exurgerent

86 2462 289 2512 contra
325 2451 540 2510 Christi
568 2451 890 2533 promissa3
921 2470 986 2508 ac
1017 2449 1209 2531 primo
1229 2493 1245 2522 ‚
1284 2446 1442 2529 quod
1474 2447 1751 2519 Ecclesia,
1786 2439 1963 2530 prout
1992 2448 2206 2508 distin-

85 2548 283 2630 guitur
319 2569 352 2605 a
389 2547 614 2629 capite,
669 2544 918 2627 praedita
959 2555 1109 2604 esset
1156 2541 1611 2618 infallibilitate,
1660 2564 1794 2602 cum
1839 2555 2038 2602 tamen
2078 2544 2208 2605 'haec

86 2643 139 2702 ei
175 2664 297 2701 non
346 2652 675 2723 competat,
715 2640 827 2699 nisi
875 2649 1164 2722 quatenus
1203 2660 1389 2696 unum
1433 2658 1640 2720 corpus
1689 2660 1823 2697 cum
1858 2639 2048 2720 capite
2100 2661 2205 2698 suo

86 2737 422 2811 constituitz,
474 2735 760 2810 secundo,
806 2734 962 2817 quod
1003 2735 1393 2796 inverteretur
1426 2732 1570 2792 ordo
1602 2755 1634 2792 a
1669 2733 1899 2793 Christo
1928 2735 2209 2794 constitu-

87 2844 212 2906 tus3
258 2842 399 2891 nam
428 2853 554 2891 non
576 2831 827 2913 amplius
849 2833 1065 2890 ‘Petrus
1098 2830 1471 2889 confirmaret
1508 2828 1716 2889 fratres
1747 2851 1880 2888 suos
1904 2875 1920 2905 ,
1950 2830 2053 2889 sed
2090 2851 2205 2912 po-

87 2928 201 2987 tius
245 2927 451 2986 fratres
480 2920 720 2986 Petrum
751 2925 817 2984 in
847 2924 962 2985 fide
997 2925 1412 2985 confirmarent
1430 2969 1446 2999 ,
1487 2944 1647 2984 secus
1687 2945 1753 2984 ac
1783 2924 1997 2984 Christi
2026 2925 2208 2987 verba

89 3033 410 3102 exposcunt
439 3020 551 3101 (l).

172 3116 311 3175 734.
343 3117 608 3177 Alterum
623 3114 931 3175 *oraculum
952 3113 1279 3175 desumitur
1303 3137 1376 3175 ex
1402 3115 1611 3175 Matth.
1629 3115 1758 3174 XVI
1773 3160 1789 3190 ,
1820 3116 1893 3175 17
1917 3128 1977 3176 et
2001 3137 2163 3200 seqq.
2186 3140 2198 3176 :

88 3212 316 3270 Beatus
343 3233 400 3271 es
423 3214 630 3272 Simon
650 3213 1037 3271 Bar-Iona...
1067 3220 1123 3269 et
1140 3211 1270 3291 Eyo
1298 3211 1429 3269 dico
1452 3212 1571 3275 tihi
1584 3215 1762 3290 ‚quia
1784 3221 1851 3270 tu
1873 3233 1930 3270 es
1956 3213 2209 3283 Petrus,

90 3317 146 3365 et
186 3327 365 3389 super
415 3308 571 3366 lianc
611 3318 855 3388 petram
905 3306 1208 3384 aedificabo
1254 3307 1588 3367 Ecclesiam
1639 3327 1836 3365 meam
1849 3349 1872 3379 ,
1924 3318 1979 3366 et
2019 3316 2207 3385 portoe

88 3404 281 3480 inferi
309 3422 428 3460 non
471 3404 890 3482 praevalebunt
917 3403 1201 3461 adversus
1229 3423 1383 3460 cam.
1415 3400 1692 3476 Quamvis
1719 3423 1894 3483 porro
1929 3401 2200 3461 daremus

160 3616 233 3681 (1)·
268 3615 366 3665 cfr.
409 3615 591 3665 Lettorc
633 3632 775 3683 sopra
813 3615 892 3666 ἅθ’
915 3590 1106 3683 quamv
1184 3615 1376 3665 articuli
1420 3616 1538 3666 deni
1574 3616 1651 3666 del
1687 3616 1810 3667 clero
1851 3616 1907 3666 di
1946 3616 2167 3666 Francia
2182 3652 2206 3681 ‚

93 3698 229 3747 Card.
262 3698 398 3747 Litta.
434 3699 552 3748 Leti.
580 3714 703 3747 xxlv.
2018 3704 2020 3707 “
