2514 4218
2094 159 2211 220 331

418 185 579 224 PART.
633 187 674 224 1.
722 184 977 222 SECTLII.
1024 184 1148 223 CAP.
1198 187 1238 221 1.
1289 185 1355 221 ΒΕ
1400 157 1561 222 PETRI
1607 181 1906 223 PRIMATU.‘

95 332 270 393 simul
308 330 568 410 sumpti,
616 348 646 384 a
701 328 952 386 Domino
987 337 1129 386 sunt.
1165 328 1489 401 consecuti,
1533 337 1873 387 consecutus
1909 325 2086 385 etiam
2128 335 2218 384 est

93 431 333 499 Petrus3
375 423 478 483 sed
515 445 633 482 non
672 443 703 481 e
733 421 1094 483 conversoid
1130 430 1305 481 omne
1329 421 1529 503 ,quod
1558 420 1764 480 habuit
1793 422 1998 479 Petrus
2023 418 2179 479 solus
2199 463 2216 494 ‚

95 522 270 583 ceteri
290 519 509 602 pariter
537 518 652 577 hab
662 529 872 578 uerunt
897 515 1177 598 Apostoli.
1205 516 1435 599 Aliquid
1451 521 1765 599 'propterea
1791 514 2054 574 Christus
2077 535 2217 574 con-

94 617 229 677 tulit
254 615 501 697 speciale
533 616 736 690 Petro,
770 613 926 695 quod
963 633 1085 693 non
1111 611 1359 671 contulit
1392 612 1629 694 reliquis
1659 610 1985 694 ApostoliS,
2012 610 2074 669 id
2097 622 2219 686 est,

93 711 596 793 praeeminentiam
626 722 801 790 atque
827 709 1167 790 primatum.
1190 707 1317 779 Quo
1332 728 1506 766 sensu
1531 708 1764 788 scripsit
1799 709 1854 766 S.
1894 705 2220 788 Cyprianus

93 808 177 879 de,
212 811 383 867 Petro
413 831 428 866 ε
472 809 670 886 Super
697 806 873 864 illum
905 824 1103 862 vanum
1133 803 1392 882 oedifi'cat
1422 804 1760 863 Ecclesiam
1787 825 1964 864 snam
1976 845 1998 874 ,
2035 800 2093 861 et
2129 803 2230 860 illi

88 903 418 983 pascendas
439 902 697 959 mandat
713 920 839 958 oves
850 918 1063 956 suae...
1082 908 1150 955 ut
1170 900 1468 957 unitatem
1485 902 1912 977 manifestaret
1928 942 1943 970 ,
1966 901 2231 957 unitatis¹

91 1000 352 1076 ‹y'usdem
404 1000 697 1077 oriyinem
735 996 815 1054 ah
858 1013 980 1079 nno
1023 997 1408 1072 incipientem
1458 1012 1574 1054 sua
1611 998 1969 1054 auctoritate
2022 994 2226 1071 dispo·
2268 1069 2273 1073 Ι

97 1096 225 1151 suit
249 1093 358 1174 (l),
385 1104 444 1152 et
462 1091 633 1150 alibi:
661 1091 748 1152 Et
766 1110 896 1148 una
916 1088 1226 1161 Ecclesia,
1253 1101 1307 1148 et
1326 1087 1608 1149 cathedra
1635 1112 1763 1149 una
1786 1110 1971 1170 super
1984 1099 2230 1169 petram

94 1189 349 1248 Domini
384 1210 513 1247 vere
532 1187 801 1266 fundata
831 1184 939 1263 (2).
980 1184 1169 1265 Atque
1197 1184 1409 1245 exinde
1434 1186 1657 1267 factum
1692 1197 1781 1245 est
1803 1231 1820 1260 .‚
1858 1196 1925 1244 ut
1960 1185 2228 1265 apposite
2271 1219 2274 1222 -

99 1283 515 1344 animadvertit
542 1280 714 1342 Card.
742 1282 830 1339 Du
862 1282 1086 1339 Perron
1103 1325 1118 1353 ,
1144 1291 1210 1339 ut
1233 1280 1341 1339 soli
1363 1282 1596 1341 romani
1623 1281 1936 1340 Pontifices
1961 1280 2232 1340 dicantur

98 1380 160 1437 in
195 1390 345 1438 recto
378 1368 725 1436 successores
753 1377 813 1434 S.
861 1375 1019 1434 Petri
1046 1386 1107 1435 et
1138 1375 1202 1433 in
1240 1375 1514 1435 cathedra
1546 1376 1734 1449 Petri,
1778 1375 1987 1458 reliqui
2034 1386 2233 1435 autem

99 1475 361 1556 Episcopi
392 1475 455 1533 in
484 1471 782 1531 communi
828 1469 1096 1530 dicantur
1161 1492 1513 1531 successores
1564 1469 1976 1553 Apostolorum
2004 1515 2022 1547 ,
2056 1492 2234 1531 nemo

100 1581 294 1629 autem
330 1567 700 1648 singulariter
733 1566 964 1626 dicatur
999 1588 1290 1626 successor
1323 1567 1561 1645 alicujus
1595 1565 1903 1648 peculiaris
1936 1565 2234 1648 Apostoli,

99 1675 176 1723 et,
193 1665 254 1723 in
284 1668 405 1740 ejus
437 1662 751 1736 cathedra3
789 1684 898 1722 nec
926 1663 1038 1720 nisi
1061 1664 1127 1720 in
1150 1664 1383 1741 obliquo
1406 1706 1424 1733 ,
1447 1655 1734 1743 quatenus
1758 1661 1977 1721 scilicet
1995 1662 2056 1721 in
2078 1682 2232 1721 com-

103 1759 383 1818 munione
423 1770 561 1819 sunt
601 1779 734 1817 cum
771 1758 1046 1819 cathedra
1075 1759 1229 1837 Petri
1257 1804 1272 1833 ,
1306 1758 1499 1840 aliquo
1525 1757 1701 1817 modo
1731 1757 2008 1816 dicuntur
2036 1779 2236 1818 succe-

105 1854 244 1914 dere
271 1855 446 1914 etiam
482 1854 544 1913 in
570 1854 846 1914 cathedra
891 1854 1078 1931 Petri,
1119 1875 1253 1914 cum
1282 1876 1395 1936 qua
1433 1865 1573 1912 sunt
1610 1854 1912 1931 conjuncti
1938 1852 2236 1913 mediante

103 1971 348 2010 romano
385 1950 666 2011 Pontifice
700 1972 807 2032 pro
845 1961 1152 2032 tempore,
1192 1938 1354 2009 Petri
1387 1969 1715 2009 successore
1750 1947 1862 2028 (3).

177 2195 244 2258 (l)
287 2194 362 2243 De
396 2198 525 2244 unit.
574 2193 760 2245 Eccles.
801 2193 917 2246 edit.
969 2194 1119 2244 Maur.

109 2295 220 2342 pag.
257 2274 349 2343 195
367 2313 380 2325 .

179 2359 245 2422 (2)
282 2359 426 2425 Epist.
464 2376 550 2418 xm,
577 2377 681 2424 pag.
715 2358 799 2408 53.

181 2440 244 2506 (3)
283 2441 374 2507 Op.
405 2444 481 2490 cit.
523 2441 754 2507 Replique
789 2442 819 2489 ὰ
851 2441 897 2489 Ia
929 2445 1125 2507 repense

112 2524 178 2571 da
190 2525 268 2570 roi
283 2522 399 2570 dela
415 2523 877 2588 Grande-Bretaqne
890 2562 902 2583 ‚
920 2541 1024 2588 cap.
1042 2521 1123 2583 56,

108 2621 218 2672 pag.
255 2602 374 2668 454.
410 2605 562 2653 Etiam
596 2605 754 2653 Petrus
787 2607 845 2654 de
889 2606 1044 2654 Merca
1075 2608 1126 2654 in

111 2704 267 2752 opusc.
300 2703 379 2735 seu
406 2688 584 2737 dissert.
608 2687 690 2736 De
727 2687 1012 2747 discrimine
1035 2687 1127 2737 cle-

108 2770 203 2817 ric.
227 2777 274 2816 et
287 2767 401 2817 laic.
419 2785 478 2817 ea·
477 2771 595 2834 jure
611 2769 782 2818 divino
800 2805 816 2830 ,
843 2780 932 2819 etc.
954 2787 1054 2836 cap.
1073 2770 1123 2831 3,

109 2849 136 2917 §
161 2866 210 2913 2,
226 2851 323 2899 haec
337 2849 390 2900 in
414 2869 511 2899 rem
532 2862 737 2900 nostram
770 2852 961 2903 scribit:
981 2851 1126 2901 Chri-

109 2940 210 2981 stus
250 2931 490 2982 Dominus
517 2941 677 2982 noster
701 2933 950 2999 Apostolis
969 2937 1127 2983 omni-

110 3014 198 3062 bus
223 3024 267 3065 et
292 3015 501 3081 sinqulis
527 3017 585 3064 in
623 3015 831 3064 solidum
857 3015 1127 3067 Ecclesiam

111 3110 247 3144 suam
281 3097 613 3162 fundandam,
665 3098 927 3147 docendam
957 3107 1001 3147 et
1050 3116 1127 3148 re-

89 3176 314 3239 '9endam
344 3182 610 3244 commisit,
636 3197 692 3230 ea
718 3190 879 3231 tamen
915 3180 1013 3245 leqe
1039 3181 1129 3230 ad-

102 3258 234 3322 jecta
254 3295 269 3321 ‚
298 3270 351 3309 ut
377 3263 556 3312 Petrus
597 3265 728 3313 inter
755 3280 832 3312 eos
855 3266 1130 3330 primatum

118 3349 296 3402 qereret
337 3351 382 3390 et
421 3355 564 3411 caput
603 3354 724 3395 esset
760 3345 950 3412 colleyii
993 3345 1131 3395 illiue

119 3421 365 3486 apossoli&
375 3458 394 3485 ‚
422 3441 472 3475 eo
491 3427 591 3491 fine
618 3428 798 3478 scilicet
813 3467 827 3490 ,
852 3438 935 3492 ut,
955 3437 1132 3496 proeter

119 3519 413 3553 communem
438 3523 547 3556 cum
563 3509 677 3561 aliis
702 3528 868 3561 curam
885 3513 1130 3574 ,unitatis

117 3586 453 3637 conservanda·
489 3590 547 3636 in
593 3594 846 3643 exercendo
898 3595 1131 3660 reqimine

63 3710 66 3711 γ
117 3666 378 3717 sollicitudo
400 3673 648 3738 praecipue
684 3682 730 3723 et
766 3676 1034 3742 specialiter
1065 3677 1140 3726 illi

1205 2204 1498 2262 competeret.
1539 2196 1745 2262 Ideoque
1769 2235 1782 2257 ‚
1809 2206 1865 2246 ut
1894 2198 2151 2248 consilium
2175 2199 2239 2249 il-

1206 2273 1292 2326 lud
1337 2277 1577 2344 Apostolis
1629 2281 1928 2344 siqnisi'caret
1958 2316 1975 2342 ‚
2031 2283 2240 2331 Petrum

1142 2355 1146 2357 i
1210 2360 1433 2409 Christus
1473 2360 1625 2409 velati
1653 2370 1843 2427 petram
1879 2371 2019 2428 atque
2052 2364 2238 2428 funda·-

1209 2451 1419 2491 mentu'm
1464 2442 1529 2492 ad
1575 2441 1844 2494 Ecclesiam
1902 2445 2241 2508 (edificandam

1209 2526 1475 2581 constituit.
1498 2524 1745 2573 Praeterea
1769 2542 1982 2574 sermone
2007 2526 2074 2574 ad
2100 2526 2241 2576 illum

1208 2603 1368 2654 coram
1394 2608 1563 2655 ceteris
1589 2606 1859 2672 specialiter
1889 2608 2066 2656 directo
2086 2607 2242 2659 claves

1210 2686 1444 2749 Ecclesiae
1490 2689 1792 2755 postmodum
1830 2691 1932 2756 ipsi
1983 2690 2242 2739 tradendas

1210 2769 1462 2835 spopondit
1498 2787 1607 2818 cam
1632 2779 1860 2836 potestate
1892 2770 2080 2836 ligandi
2101 2781 2242 2838 atque

1210 2851 1443 2900 solvendi,
1477 2852 1599 2919 Quoe
1621 2852 1908 2918 pollicitatio
1939 2855 2085 2902 Petro
2106 2854 2241 2920 facta

1211 2934 1277 2981 ad
1303 2943 1477 2983 ceteros
1522 2936 1706 2999 quoque
1747 2934 2002 3001 Apostolos
2023 2939 2240 3002 pertine-

1210 3017 1292 3065 bat
1315 3055 1328 3078 ,
1350 3026 1393 3064 et
1412 3018 1476 3065 ad
1494 3015 1764 3066 Ecclesiam
1785 3021 2066 3067 universam
2082 3057 2095 3080 ‚
2113 3021 2240 3086 ejus-

1210 3116 1300 3164 que
1320 3109 1540 3166 pastores
1565 3101 1622 3147 in
1648 3099 1875 3164 futurum
1905 3101 2241 3168 praeficiendos

1211 3183 1395 3232 scilicet
1422 3192 1476 3231 ut
1496 3184 1671 3231 scirent
1689 3199 1851 3233 omnes
1872 3185 2139 3250 pontificii,
2152 3200 2240 3251 po-

1211 3273 1422 3314 testatem
1454 3281 1636 3335 semper
1682 3281 1791 3312 cum
1830 3265 1974 3315 Petri
2008 3264 2240 3314 Ecclesioe

1211 3350 1388 3414 capitis
1404 3347 1734 3395 communione
1753 3355 1799 3395 et
1821 3349 2005 3397 unitate
2024 3349 2235 3396 retinen-

1212 3429 1325 3478 dam
1341 3467 1354 3490 ,
1386 3430 1452 3477 ad
1474 3428 1599 3494 quod
1639 3429 1737 3496 ipse
1753 3431 1998 3498 proecipu'e
2023 3445 2132 3477 cum
2149 3444 2238 3495 po-

1211 3520 1373 3561 testate
1407 3507 1600 3576 liqandi
1643 3522 1943 3562 contumaces
1978 3513 2092 3560 huic
2120 3512 2236 3560 uni-

1212 3598 1303 3645 tati
1328 3611 1487 3660 coqere
1507 3605 1681 3662 posset.
