2514 4218
531 231 688 267 um.
741 230 779 263 1.
829 228 955 265 CAP·
1000 226 1080 263 111.
1127 229 1193 263 m:
1240 224 1507 263 eccmslffi
1553 226 1733 262 nous.
2089 206 2163 262 99

66 381 212 452 lem,
251 395 462 455 nempe
490 371 832 442 Ecclesiam,
870 374 1029 447 cujus
1068 390 1266 427 murus
1297 366 1547 444 habebat
1576 369 1984 446 fundamenta
2014 369 2164 427 duo-

65 476 288 544 decim,
346 480 400 528 et
436 471 503 527 in
541 469 692 546 ipsis
739 466 1046 525 duodecim
1093 463 1699 542 nomina-duodecim
1754 462 2165 540 Apostolorum

64 569 227 648 Aqui
250 566 359 642 (l).
1306 564 1308 567 ’

149 660 282 718 168.
329 660 401 716 At
439 658 596 716 enim
644 658 705 713 in
743 673 998 736 quonam
1033 651 1316 728 ejusmodi
1369 649 1803 732 apostolicitatis
1840 660 1976 707 nota
2022 672 2166 710 con-

62 756 236 828 sistit3
283 753 560 836 quidnam
612 754 672 810 in
720 772 822 810 suo
863 757 1146 826 conceptu
1186 747 1478 808 involvit?
1520 750 1729 806 Praeter
1761 745 2166 827 Apostolorum

65 850 390 908 doctrinam
419 848 676 929 exposcit
713 843 810 903 illa
845 839 1172 924 publicam,
1214 860 1537 921 perennem
1584 862 1684 899 seu
1729 862 2034 921 nunquam
2073 841 2169 899 in-

62 956 388 1025 terruptam
409 942 491 1001 -ab
534 935 924 1023 Apostolis'ad
957 956 1062 992 nos
1088 955 1280 1015 usque*
1295 934 1734 993 successionem.
1767 936 2028 994 Diximus
2061 957 2168 994 au-

61 1051 181 1098 tem
209 1040 526 1118 publicam
570 1035 1027 1100 successionem,
1080 1050 1193 1110 qua
1242 1049 1491 1109 nempe,
1538 1028 1785 1087 solemni
1827 1041 1883 1088 et
1928 1042 2170 1090 externa

60 1134 501 1213 inauguratione
546 1129 949 1193 ministrorum
1004 1145 1112 1206 per
1157 1125 1340 1188 ritum
1394 1145 1427 1182 a
1468 1122 1707 1182 Christo'
1737 1125 2071 1189 institutum
2112 1138 2171 1184 et

61 1228 133 1288 ab
177 1219 462 1309 Apostolis
496 1223 815 1295 adscitum,
851 1230 1202 1302 propagatus
1241 1219 1418 1278 fuerit
1461 1229 1646 1278 coetus
1692 1239 1929 1294 eorum7
1971 1221 2070 1302 qui
2110 1223 2170 1280 in

44 1323 386 1403 >magisterio
425 1331 483 1379 et
528 1317 807 1396 regimine
854 1313 1140 1396 Apostolis
1183 1323 1578 1378 successerunt
1605 1356 1621 1386 ‚
1671 1312 1750 1371 ad
1797 1335 1940 1395 opus
1979 1320 2171 1378 conti-

60 1417 362 1477 nuandum
389 1413 462 1474 ab
501 1410 788 1493 Apostolis
817 1411 1147 1491 incoeptum
1173 1454 1189 1482 7
1229 1407 1303 1466 ad
1341 1407 1786 1468 conversionem
1821 1408 2038 1468 scilicet
2073 1411 2170 1468 in-

59 1512 314 1575 fidelium
336 1520 398 1569 et
432 1507 691 1567 fidelium
727 1505 1267 1566 sanctificationem.
1298 1502 1561 1561 Diximus
1591 1502 1831 1583 insuper
1848 1524 2186 1582 perennemv

60 1630 160 1668 seu
190 1626 503 1684 num-ynam
539 1609 945 1681 interruptam
981 1603 1435 1666 successionem,
1462 1598 1536 1657 ad
1576 1597 2016 1677 significandam
2035 1604 2172 1678 for-

59 1704 273 1762 malem
308 1698 590 1778 ejusmodi
618 1697 1070 1768 successionem3
1106 1715 1212 1754 nec
1242 1694 1401 1753 enim
1435 1694 1571 1752 satis
1609 1705 1697 1753 est
1736 1693 1811 1752 ad
1839 1696 2174 1776 apostolici-

57 1798 191 1856 tatis
226 1781 444 1854 notam'
476 1790 949 1852 constituendam
1004 1793 1341 1848 materiatis
1392 1799 1458 1847 ut
1500 1789 1582 1848 ita
1620 1787 1856 1870 loquar,
1907 1788 1982 1849 ab
2028 1794 2178 1873 Apo-

55 1891 213 1952 stolis
257 1889 570 1963 successim,
599 1886 702 1946 sed
722 1887 1043 1967 requiritur
1080 1896 1360 1966 praeterea
1400 1884 1685 1942 successio
1727 1887 2054 1962 formalis,·
2090 1887 2172 1944 ita

55 1997 121 2044 ut
148 1985 387 2061 debeat,
423 1985 522 2066 qui
564 1981 869 2041 succedere
905 1979 1190 2062 Apostolis
1222 1978 1433 2036 dicitur
1467 1978 1529 2035 in
1569 1977 1805 2058 publico
1843 1980 2173 2058 magisterio

59 2091 117 2140 et
150 2080 409 2139 Ecclesiae
432 2078 712 2159 regimine
732 2122 749 2152 ,
788 2095 1134 2135 conservare
1171 2073 1459 2131 unitatem
1494 2071 1629 2131 fidei
1661 2083 1720 2131 et
1749 2075 2175 2134 communionis

59 2195 191 2232 cum
229 2174 485 2233 Ecclesiae
522 2173 807 2232 universae
850 2171 1038 2252 capite
1079 2180 1138 2228 et
1177 2179 1401 2228 centro,
1450 2167 1517 2225 Id
1556 2165 1714 2249 quod
1751 2168 1990 2228 inferius
2040 2169 2178 2229 data

61 2289 234 2349 opera
265 2267 657 2326 ostendemus,
698 2265 970 2346 Alioquin
996 2265 1046 2322 si
1069 2265 1196 2345 quis
1232 2262 1488 2321 Ecclesiae
1518 2262 1819 2339 cujusdam
1851 2263 2178 2344 apostolicae

59 2385 158 2422 seu
197 2362 268 2420 ab
300 2361 491 2443 aliquo
525 2360 798 2441 Apostolo
838 2372 939 2417 aut
973 2359 1384 2440 Apostolorum
1418 2357 1700 2438 discipulo
1735 2359 2020 2419 institutae
2048 2362 2173 2443 Epi-

57 2479 262 2538 scopus
288 2459 350 2515 in
372 2457 638 2515 haeresim
657 2467 756 2513 aut
774 2454 1022 2520 schisma
1040 2452 1326 2512 incideret
1346 2496 1362 2526 ,
1381 2452 1468 2509 uti
1490 2473 1581 2509 ex.
1612 2472 1696 2530 gr.
1726 2452 2031 2517 Dioscorus
2049 2456 2178 2535 Epi-

59 2573 265 2634 scopus
280 2550 702 2611 Alexandrinus
722 2595 737 2624 ,
763 2547 1042 2609 dicendus
1067 2559 1216 2607 esset
1240 2545 1647 2628 Apostolorum
1667 2566 1987 2620 successore,
2017 2549 2177 2630 quod

60 2646 375 2707 absurdum
411 2646 648 2727 quidem
682 2655 786 2704 est.

143 2743 278 2800 169.
330 2743 475 2800 Sane
492 2740 612 2799 haec
642 2749 731 2798 est
752 2750 992 2812 tessera,
1031 2758 1144 2818 qua
1182 2737 1407 2817 antiqui
1436 2734 1701 2794 Ecclesiae
1741 2737 1939 2794 Patres
1977 2759 2177 2798 veram

61 2836 491 2920 apostolicitatis
519 2847 724 2894 notam
758 2856 790 2893 a
818 2834 1013 2916 spuria
1047 2832 1462 2891 distinxerunt.
1503 2830 1594 2888 Sic
1633 2829 1791 2889 inter
1827 2842 2048 2890 ceteros
2085 2831 2176 2891 lo·

62 2933 260 3014 quitur
285 2931 674 2992 Tertullianus
697 2929 974 2991 adversus
1000 2929 1294 2988 haereticos
1319 2950 1333 2985 t
1359 2927 1573 2986 Edant
1596 2946 1728 3005 erqo
1754 2928 2016 3004 oriqines
2041 2929 2175 3003 Ec·-

62 3030 380 3087 clesiarum
404 3048 656 3086 suarum
685 3023 995 3095 :evolvant
1016 3025 1282 3082 ordinem
1307 3023 1744 3101 Episcoporum
1776 3041 2022 3081 suorum
2039 3070 2057 3092 ,
2086 3029 2176 3083 ita

56 3143 170 3199 per
214 3125 601 3180 successiones
642 3123 720 3179 ab
768 3124 949 3179 initio
986 3120 1395 3176 decurrentem
1419 3161 1440 3188 ,
1482 3128 1551 3174 ut
1571 3120 1822 3194 primus
1865 3118 1964 3174 ille
2015 3119 2176 3198 Epi-

67 3236 267 3294 scopus
294 3219 553 3296 aliquem
574 3237 644 3274 ea·
672 3216 963 3294 Apostolis
995 3216 1083 3272 vel
1103 3214 1437 3292 apostolicis
1468 3214 1651 3279 viris,
1676 3212 1787 3288 qui
1807 3220 2008 3271 tamen
2035 3234 2178 3273 cum
2207 3282 2210 3286 .

70 3309 355 3388 Apostolis
366 3315 860 3391 perseveraverit,
884 3310 1168 3367 habuerit
1188 3318 1490 3368 auctorem
1509 3316 1563 3364 et
1580 3315 2015 3365 antecessorem.
2043 3310 2176 3368 Hoc

70 3408 230 3461 enim
253 3408 415 3465 modo
445 3408 725 3466 Ecclesiae
753 3407 1083 3485 apostolica²
1102 3425 1311 3462 census
1338 3423 1470 3461 suos
1505 3402 1854 3480 deferunt...
1890 3402 1994 3459 Ad
2019 3403 2177 3461 lianc

70 3501 268 3577 itaque
285 3501 546 3576 formam
562 3502 996 3582 probabuntur
1020 3500 1100 3558 ab
1122 3501 1245 3558 illis
1263 3498 1572 3569 Ecclesiis,
1596 3517 1731 3575 quw
1747 3538 1768 3568 ,
1786 3497 1922 3555 licet
1935 3500 2174 3557 nullum

139 3699 201 3762 (1)
240 3697 387 3764 Apoc.
417 3716 524 3759 xxi,
567 3699 641 3763 ¹4·
