2514 4218
565 248 728 285 mar.
772 246 815 282 1.
869 243 993 281 car.
1042 242 1124 283 ιν.
1171 241 1240 279 nn
1282 240 1553 280 Eccznsm
1595 216 1851 277 nonnus(
2127 215 2248 274 219

135 400 381 450 cessaret
401 409 517 447 una
535 409 679 462 esse5
709 397 930 460 sancta,
956 383 1235 444 catholica
1258 394 1318 444 et
1340 381 1674 465 apostolica,
1697 390 1875 461 prout
1898 382 2018 457 ejus
2036 389 2249 438 natura

129 491 295 564 juxta
330 483 543 545 Christi
570 483 1002 542 institutionem
1034 478 1324 562 postulat3
1355 499 1463 537 nec
1496 476 1744 558 amplius
1769 475 2021 534 exterius
2045 495 2163 557 prae
2187 496 2254 534 se

137 580 346 652 ferret,
378 590 546 637 notas
585 577 795 659 quibus
825 586 890 636 ut
937 589 1072 637 vera
1099 572 1344 633 Ecclesia
1369 572 1683 631 internosci
1716 580 1944 653 posset3
1980 570 2253 630 homines

135 672 382 756 proinde
412 685 651 756 possent
686 671 872 754 decipi
892 717 908 746 7
948 670 1091 728 dum
1121 679 1398 751 putarent
1437 690 1635 728 veram
1668 667 1978 727 Ecclesiam
2012 687 2135 725 esse
2156 687 2252 724 so-

137 769 407 827 cietatem
438 768 597 826 illam
621 813 637 842 ,
676 789 806 850 quae
847 766 1036 847 reipsa
1078 786 1202 822 non
1235 773 1322 834 est
1352 763 1639 823 nisi—secta
1673 785 1775 823 seu
1810 765 2038 822 Satanae
2075 783 2254 842 syna-

137 884 298 943 goga.
342 865 810 923 Destituerentur
844 883 911 921 ea
936 869 1176 942 propter
1210 857 1411 917 mediis
1438 860 1605 918 certis
1631 880 1697 918 ac
1730 857 1952 917 idoneis
1977 903 1994 932 ,
2042 856 2254 939 quibus

138 959 202 1016 in
238 961 470 1038 negotio
520 960 785 1018 omnium
812 955 1076 1039 'maximo
1115 953 1224 1012 sibi
1258 965 1497 1036 possent
1545 965 1674 1013 tuto
1713 955 2064 1036 prospicere.
2110 955 2254 1026 Quae

140 1055 335 1113 omnia
360 1054 577 1113 absona
600 1065 738 1112 sunt
756 1063 816 1112 et
829 1061 1031 1111 contra
1060 1050 1264 1127 finem,
1286 1071 1462 1132 quem
1478 1049 1740 1109 Christus
1768 1051 1832 1108 in
1857 1049 2098 1110 Ecclesia
2122 1070 2257 1109 con-

140 1148 333 1208 denda
360 1148 467 1207 sibi
491 1148 824 1231 praestituit.

222 1244 362 1304 336.
409 1246 559 1303 Hinc
593 1242 901 1317 cernimuS‚
927 1240 1225 1300 Christum
1250 1241 1664 1321 promissiones
1703 1263 1834 1301 suas
1861 1264 1984 1300 non
2016 1242 2093 1302 ad
2130 1262 2259 1301 cer-

141 1351 268 1398 tum
306 1351 538 1421 tempus
562 1349 880 1398 coarctasse
901 1382 916 1410 ,
951 1336 1055 1397 sed
1090 1336 1420 1396 extendisse
1456 1357 1640 1418 usque
1669 1338 1741 1396 ad
1774 1337 1982 1396 mundi
2010 1338 2255 1398 exitum.

142 1437 316 1510 Sane,
343 1434 548 1495 Matth.
568 1435 697 1492 XVI
706 1478 720 1507 ,
740 1432 1046 1492 indefinite
1068 1431 1139 1491 de
1164 1431 1410 1493 Ecclesia
1439 1453 1539 1491 sua
1567 1434 1917 1513 pronunciat
1941 1457 1955 1492 ε
1977 1436 2260 1512 Etportoe

141 1534 335 1609 inferi
351 1551 469 1588 non
487 1531 911 1608 proevalebunt
937 1530 1222 1587 adversus
1250 1548 1418 1597 eam,·
1444 1539 1501 1587 et
1522 1527 1666 1587 ibid.
1686 1529 1957 1587 XXVIII:
1981 1530 2136 1588 Ecce
2161 1550 2261 1610 eqo

140 1628 441 1684 vobiscum
462 1646 599 1683 sum
620 1646 709 1683 om
719 1626 902 1683 nibus
923 1625 1135 1684 diebus
1154 1645 1340 1703 usque
1362 1625 1449 1683 ad
1464 1628 2036 1686 consummate-'onem
2059 1627 2262 1696 seculi,

142 1715 209 1779 ut
240 1721 349 1780 alia
385 1720 510 1780 loca
544 1732 892 1801 praeteream
924 1742 1045 1778 non
1079 1720 1274 1778 minus
1302 1731 1501 1801 aperta
1538 1731 1598 1778 et
1631 1719 1948 1778 decretoria
1975 1720 2262 1800 (l).11aee

141 1838 316 1898 porro
339 1817 536 1875 omnia
561 1816 702 1875 falsa
722 1826 919 1875 essent
934 1859 953 1891 5
983 1815 1032 1882 si
1051 1836 1122 1875 ex
1146 1814 1338 1896 aliqua
1358 1837 1458 1873 sua
1478 1826 1645 1895 parte
1667 1827 1862 1897 posset
1894 1815 2137 1875 Ecclesia
2163 1815 2264 1875 ali-

140 1910 377 1993 quando
408 1908 653 1971 deficere
675 1958 692 1987 ,
714 1922 778 1988 ,ει
796 1911 967 1971 aliter
995 1932 1057 1971 se
1085 1910 1303 1972 habere
1324 1910 1399 1970 ab
1430 1900 1496 1971 eo
1521 1922 1678 1971 statu
1699 1932 1765 1972 ac
1793 1922 2029 1988 natura,
2059 1913 2122 1971 in
2147 1933 2262 1994 qua

138 2006 320 2066 semel
347 2007 616 2067 instituta
645 2019 751 2068 est.

224 2101 362 2161 337.
407 2103 576 2175 Quod
604 2104 780 2183 magis
805 2102 997 2162 adhuc
1020 2102 1209 2163 elucet
1235 2123 1308 2163 ex
1327 2101 1544 2185 duplici
1567 2102 1828 2183 analogia
1846 2148 1863 2179 7
1892 2107 2061 2182 juxta
2086 2124 2264 2185 quam

145 2195 401 2258 vidimus
428 2197 724 2256 Christum
746 2199 996 2259 voluisse
1021 2200 1329 2260 instituere
1351 2198 1661 2259 Ecclesiam
1689 2221 1885 2275 suam,
1919 2198 1994 2258 ad
2021 2199 2267 2259 modum

145 2291 360 2351 scilieet
379 2292 669 2352 individui
689 2294 905 2373 jugiter
930 2295 1182 2355 viventis
1221 2316 1319 2354 seu
1357 2315 1617 2375 personae
1650 2294 1884 2353 moralis
1905 2340 1922 2369 ,
1953 2306 2012 2354 et
2042 2295 2118 2354 ad
2143 2317 2268 2354 mo-

147 2384 290 2444 dum
312 2433 328 2462 7
356 2398 423 2444 ut
458 2388 758 2447 nonnullis
788 2388 1007 2470 placet,
1034 2389 1246 2450 divinae
1278 2389 1733 2464 IncarnationiS‚
1760 2410 1867 2470 per
1903 2411 2080 2470 quarn
2106 2390 2266 2450 Chri·

146 2490 268 2539 stus
306 2482 428 2563 ipse
455 2484 673 2562 jugiter
699 2484 897 2546 vivere
921 2494 1125 2566 pergat
1153 2495 1213 2543 et
1246 2484 1472 2564 operari
1509 2487 1571 2543 in
1601 2483 1846 2544 Ecclesia
1881 2505 1982 2543 sua
2004 2528 2020 2558 .,
2067 2506 2133 2545 ac
2157 2506 2267 2568 per

145 2596 272 2634 earn
306 2597 367 2635 se
404 2576 742 2637 hominibus
772 2581 1167 2639 manifestare.
1196 2581 1333 2639 Haec
1365 2590 1562 2641 autem
1596 2580 1907 2641 includunt
1942 2581 2131 2642 ideam
2168 2583 2266 2641 in-

146 2669 615 2734 defectibilitatis.
1535 2659 1538 2661 .

235 2765 376 2826 338.
424 2771 677 2828 Demum
701 2769 915 2828 factum
941 2770 1135 2853 ipsum
1160 2781 1455 2853 perpetuae
1477 2774 1898 2854 permanentiae
1929 2772 2142 2832 Christi
2168 2773 2267 2832 Ec-

148 2860 326 2922 clesiae
343 2909 359 2941 ,
410 2863 627 2924 scilicet
671 2865 933 2925 Ecclesiae
968 2865 1261 2926 catholicae
1278 2911 1294 2942 ,
1351 2867 1672 2946 cujusmodi
1718 2868 2034 2951 perhibent
2068 2870 2265 2929 omnia

148 2958 512 3041 antiquitatis
557 2958 955 3021 ecclesiasticae
990 2961 1375 3038 documenta,
1420 2984 1530 3025 nec
1561 2986 1683 3022 non
1717 2985 1969 3046 praesens
2004 2964 2265 3043 ejusdem

150 3062 331 3113 status
363 3066 497 3136 post
539 3066 626 3114 tot
667 3055 858 3115 secula
902 3077 1324 3137 perseveram,
1367 3057 1723 3117 ineluctabili
1765 3081 2002 3140 prorsus
2037 3061 2266 3121 ratione

154 3150 493 3226 confirmat,
540 3150 1068 3211 indefectibilitatis
1112 3175 1144 3212 a
1184 3151 1355 3214 nobis
1385 3164 1616 3215 assertae
1644 3155 2022 3236 praerogativa
2050 3152 2265 3216 Christi

147 3239 451 3304 Ecclesiam
479 3247 824 3306 instructam
858 3269 984 3307 esse
1018 3246 1124 3328 (2).

219 3415 289 3482 (1)
321 3416 421 3468 cfr.
447 3421 614 3473 Manli.
646 3441 715 3472 xu
728 3463 746 3486 ,
772 3424 837 3474 25
853 3441 867 3489 3
895 3424 1070 3491 Ephes.
1094 3442 1158 3485 xv,
1241 3426 1428 3492 ligionis
1458 3430 1803 3477 conservatione
1824 3431 1955 3495 juxta
1985 3429 2153 3478 Christi
2181 3447 2264 3479 va-

157 3495 215 3545 18
234 3535 247 3557 ‚
279 3509 366 3548 etc.
922 3545 925 3547 .
1243 3510 1402 3557 ricinia
1437 3519 1481 3558 et
1517 3511 1876 3574 promissiones3
1905 3528 2044 3578 quam
2075 3513 2264 3559 nonnisi

219 3579 288 3643 (2)
323 3581 423 3631 Cfr.
469 3601 574 3648 quae
618 3589 884 3654 scripsimus
928 3591 980 3638 in
1025 3599 1160 3639 tract.
1245 3590 1297 3639 in
1325 3590 1526 3639 Ecclesia
1544 3591 1771 3642 catholica
1793 3611 1873 3643 seu
1903 3610 2091 3641 romana
2117 3602 2266 3641 osten-

151 3663 231 3709 De
263 3680 374 3712 vera
402 3658 632 3730 relz'qi'one
665 3706 679 3728 ‚
708 3681 830 3734 part.
871 3689 919 3733 1,
961 3690 1062 3737 cap.
1095 3669 1161 3735 4,
1246 3673 1402 3722 dimus
1447 3675 1656 3722 sortitam
1700 3692 1798 3724 esse
1857 3675 2045 3740 plenum
2090 3676 2263 3723 exitum

154 3760 284 3810 prop.
323 3748 406 3803 ιγ’,
442 3748 499 3797 de
538 3759 756 3815 perpetua
788 3750 1044 3804 christianae
1089 3772 1164 3803 re·
1248 3773 1386 3805 suum
1406 3793 1420 3819 ‚
1440 3773 1538 3804 non
1564 3757 1855 3808 obstantibus
1871 3758 2129 3807 innumeris
2145 3774 2267 3825 pene
