2514 4218
290 141 413 202 274

886 150 1080 188 TRAGT.
1135 149 1202 183 DE
1245 148 1399 185 mols
1442 147 1829 190 Tnnotoamls.

294 301 599 371 scribitur3
628 317 752 376 qua
766 303 951 374 parte
981 310 1113 350 vero
1134 292 1417 347 i'nsinuat
1433 332 1451 364 ,
1483 289 1819 354 Ecclesiam
1853 317 1972 354 non
1994 295 2212 357 habere
2238 312 2431 360 aucto-

293 402 536 459 ritatem
553 392 939 472 subjectionis
962 390 1087 446 suis
1103 385 1354 444 decretis
1368 385 1675 465 eoeiqendoe
1687 389 1868 450 aliter
1880 413 2066 471 quam
2081 415 2201 472 per
2215 396 2434 467 media,

292 516 428 576 quse
460 491 731 573 pendent
757 508 797 545 a
833 484 1255 563 persuasione,·
1294 492 1594 562 quatenus
1629 487 1908 546 intendat
1930 490 2271 551 Ecclesiam
2311 514 2433 554 non

294 592 510 652 habere
545 589 822 647 collatam
848 579 975 638 sibi
996 600 1038 638 a
1071 580 1194 639 Deo
1214 589 1565 659 potestatem
1595 600 1723 640 non
1757 583 1951 642 solum
1981 587 2295 670 dirigendi
2317 612 2435 671 per

296 687 548 749 consilia
568 692 624 741 et
646 679 955 738 suasiones
970 723 988 746 ,
1016 676 1120 734 secl
1146 680 1331 735 etiam
1343 675 1621 755 jubendi
1627 698 1746 757 per
1774 678 1922 758 leqes
1938 726 1956 749 ,
1977 702 2050 740 ac
2073 686 2267 746 devios
2295 708 2435 747 con—

296 797 673 856 tumacesque
694 776 981 833 exteriore
987 773 1236 851 judicic
1251 794 1324 832 ac
1337 773 1698 833 salubribus
1710 779 1916 854 poenis
1932 780 2243 839 coercendi
2259 793 2437 863 atque

293 877 559 960 coqendi,
584 871 660 932 ab
684 870 892 931 eodem
916 869 1195 930 Pontifice
1222 868 1538 930 damnatur
1552 891 1623 929 ex
1647 871 1868 931 Bened.
1889 873 2043 947 XIV,
2069 874 2132 933 in
2154 876 2324 939 Brevi
2335 880 2444 939 Ad

293 974 612 1044 assiduas,
641 968 784 1028 anni
813 964 972 1026 1755
994 1011 1010 1040 ‚
1049 965 1329 1041 primati,
1366 965 1826 1049 Archiepiscopis
1854 979 1914 1028 et
1948 967 2238 1053 Episcopis
2276 975 2441 1054 regni

297 1069 498 1133 Polon.
527 1078 590 1126 ut
604 1066 898 1125 inducens
927 1066 998 1122 in
1017 1073 1274 1143 systema
1302 1063 1461 1123 alias
1484 1063 1848 1124 damnatum
1872 1075 1945 1124 ut
1959 1065 2310 1128 haereticum
2325 1068 2435 1151 (l).

381 1165 522 1225 414.
568 1165 653 1224 Ex
685 1182 800 1244 qua
823 1181 1068 1220 censura
1099 1156 1482 1238 intelligimus
1503 1206 1519 1236 .,
1547 1158 1663 1219 duo
1681 1165 1852 1239 juxta
1884 1159 2215 1224 doctrinam
2241 1164 2442 1225 catho-

296 1264 470 1323 licam
502 1270 723 1320 asserta
770 1278 894 1318 esse
937 1277 967 1316 a
1009 1255 1112 1315 Pio
1155 1256 1226 1313 VI
1269 1256 1426 1331 circa
1452 1254 1715 1316 Ecclesiae
1750 1259 2158 1318 auctoritatem
2179 1304 2196 1335 ,
2226 1260 2442 1322 scilicet

297 1368 655 1442 potestatem
679 1354 835 1434 leges
856 1349 1257 1433 disciplinares
1288 1351 1581 1411 condendi
1601 1397 1617 1427 7
1653 1363 1714 1412 et
1740 1365 2094 1435 potestatem
2117 1357 2440 1418 coactivam

298 1456 448 1515 circa
477 1452 678 1526 devios
714 1461 773 1511 et
812 1459 1188 1509 contumaces
1208 1493 1224 1522 ,
1255 1469 1508 1530 quarum
1542 1447 1731 1509 ambae
1763 1471 1794 1508 a
1830 1452 1953 1510 Deo
1983 1451 2177 1512 eidem
2214 1452 2442 1514 collatae

302 1560 460 1610 sunt.
490 1548 840 1628 Priusquam
878 1565 1019 1606 vero
1040 1555 1355 1626 utramque
1377 1555 1734 1627 potestatem
1760 1545 2021 1607 Ecclesiae
2049 1547 2442 1628 vindicemuS,

305 1644 745 1730 praemittimuS,
766 1663 874 1700 nos
896 1640 993 1700 hic
1016 1639 1179 1722 loqui
1196 1639 1451 1719 dejure,
1469 1662 1594 1700 non
1618 1653 1818 1702 autem
1838 1642 1915 1703 de
1929 1651 2128 1724 praxi
2139 1648 2446 1731 utriusque

303 1739 628 1825 potestatis,
659 1737 749 1826 Ad
777 1737 1011 1820 praxim
1044 1736 1206 1795 enim
1243 1736 1403 1819 quod
1429 1747 1654 1820 spectat
1675 1784 1692 1814 .,
1718 1740 2014 1816 novimus,
2044 1740 2243 1824 plures
2265 1744 2445 1804 factas

305 1861 428 1900 esse
461 1860 495 1897 a
533 1838 593 1897 S.
617 1834 767 1896 Sede
803 1835 1226 1895 conventiones
1266 1855 1398 1894 cum
1430 1835 1679 1896 diversis
1706 1837 1884 1913 seculi
1920 1838 2283 1923 Principibus
2310 1888 2327 1918 ,
2370 1840 2446 1901 ad

306 1934 528 2018 quaevis
551 1934 614 1992 in
638 1953 843 1992 earum
875 1931 1151 1991 exercitio
1172 1931 1366 2012 jurgia
1393 1930 1680 1992 tollenda.
1712 1934 1860 1994 Cum
1885 1948 2169 2018 praeterea
2191 1949 2447 2019 potestas

307 2032 567 2093 coactiva
589 2052 713 2089 non
736 2028 915 2088 modo
946 2027 1373 2110 complectatur
1390 2050 1599 2109 poenas
1624 2031 1955 2111 spirituales
1975 2079 1991 2107 .‚
2019 2033 2123 2093 sed
2146 2034 2448 2097 afflictivas

377 2266 451 2328 (l)
486 2262 606 2312 Cum
632 2265 758 2311 enim
784 2262 836 2310 P.
855 2260 919 2310 La
944 2261 1095 2310 Borde
1124 2264 1342 2311 oratoria-

304 2364 398 2395 nus
420 2344 598 2394 librum
627 2343 874 2402 edidisset,
896 2345 973 2392 cui
992 2346 1064 2393 tit.
1084 2339 1344 2410 Principes

303 2446 391 2478 sur
431 2426 653 2477 l'essence
672 2465 686 2488 ‚
747 2426 796 2476 la
840 2426 1125 2475 distinction
1155 2436 1224 2492 ‚et
1277 2426 1343 2475 les

306 2511 485 2560 limites
512 2510 593 2559 des
614 2509 741 2557 deux
766 2511 1059 2577 puissances
1075 2509 1343 2576 spirituelle

308 2602 353 2642 et
372 2589 641 2660 temporelle
661 2626 675 2654 ‚
695 2594 980 2656 proscriptus
1003 2593 1088 2640 iste
1103 2593 1194 2639 fuit
1209 2592 1339 2640 decr.

309 2695 337 2725 v
366 2676 486 2741 Aug.
509 2672 637 2742 1753
658 2712 671 2734 ‚
701 2691 732 2722 a
763 2673 1000 2740 Conqreq.
1031 2671 1130 2724 SS.
1158 2673 1340 2738 Inqui-

311 2760 522 2809 sitionis.
581 2757 899 2806 Nihilominus
949 2755 1341 2805 Jansenianorum

314 2844 413 2892 zelo
458 2852 506 2892 et
531 2842 761 2890 industria
794 2841 874 2889 hic
900 2839 1019 2889 liber
1056 2857 1154 2888 non
1184 2838 1341 2887 solum

313 2942 429 2992 saepe
460 2929 511 2975 in
538 2925 699 2975 Galliis
724 2942 912 2975 recusus
931 2934 998 2974 est
1021 2961 1035 2984 ‚
1070 2924 1150 2973 sed
1180 2934 1342 2989 praete·

318 3025 396 3058 rea
420 3011 470 3058 in
501 3010 710 3075 linguam
748 3008 1017 3074 polonicam
1047 3023 1301 3056 conversus
1326 3044 1340 3068 ,

319 3109 488 3155 magno
527 3092 653 3141 illius
695 3093 893 3159 regionis
933 3091 1213 3140 detrimento
1250 3090 1343 3139 dif-

316 3173 620 3225 fundebatur.
641 3174 930 3241 Quapropter
943 3172 1221 3222 Benedictus
1235 3190 1341 3233 xlv,

314 3257 477 3306 litteris
518 3260 614 3305 suis
647 3258 733 3306 sub
765 3258 891 3308 diem
922 3254 956 3319 4
987 3255 1126 3306 Mart.
1180 3254 1340 3324 1755,

317 3342 483 3390 excitat
517 3339 798 3406 vigilantiam
828 3340 1084 3389 Praesulum
1117 3336 1243 3388 illius
1270 3357 1342 3389 re-

320 3426 399 3491 gni
427 3419 661 3470 adversus
683 3422 964 3488 vaniloquos
989 3430 1034 3471 et
1057 3421 1342 3483 seductores,·

318 3517 374 3556 ut
405 3508 504 3572 ipse
535 3506 779 3572 loquitur,
815 3507 1029 3556 docentes
1051 3543 1065 3566 ‚
1101 3522 1209 3571 quw
1248 3522 1347 3554 non

315 3597 525 3657 oportet,
556 3590 645 3654 qui
676 3589 952 3637 constitutos
979 3606 1010 3637 a
1042 3587 1155 3637 Deo
1185 3587 1349 3636 civilis

310 3672 560 3735 potestatis
582 3669 708 3734 fines
737 3668 1041 3735 amplificare
1062 3680 1108 3719 et
1139 3671 1351 3718 transire

1422 2261 1722 2323 moliuntur,
1749 2260 1990 2313 Ecclesioe
2016 2281 2125 2314 vero
2150 2268 2279 2332 jura
2306 2281 2445 2315 coar-

1423 2352 1573 2405 ctare,
1599 2346 1893 2394 imminuere
1914 2355 2056 2413 atque
2071 2345 2327 2398 convellere
2350 2357 2452 2397 stn-

1423 2427 1566 2485 dent;
1602 2436 1647 2476 et
1686 2429 1873 2477 divinis
1913 2429 2133 2479 humana
2159 2432 2413 2480 miscentes
2434 2468 2447 2490 ‚

1423 2511 1686 2575 imperium
1745 2520 1791 2559 et
1848 2511 2168 2560 sacerdotium
2226 2504 2450 2562 seditiose

1421 2592 1740 2642 committunt.
1761 2592 1833 2640 Ita
1861 2594 2051 2659 quidem
2073 2593 2285 2644 Pontifex
2303 2633 2316 2654 ‚
2336 2595 2363 2662 §
2381 2595 2410 2643 3
2435 2614 2450 2659 3

1420 2675 1474 2720 in
1497 2670 1702 2738 §autem
1721 2691 1736 2721 ι
1750 2711 1764 2734 ,
1782 2675 1977 2741 loquens
1993 2676 2051 2726 de
2071 2676 2191 2726 libro
2208 2679 2326 2743 ipso,
2342 2696 2451 2728 eum

1422 2755 1623 2804 traducit
1669 2757 1738 2804 uti
1776 2773 1990 2821 pravum
2025 2777 2082 2809 ac
2119 2760 2453 2825 perniciosum

1422 2846 1628 2903 systema
1637 2840 1940 2906 jampridem
1961 2842 2021 2891 ab
2037 2843 2298 2910 apostolica
2313 2844 2423 2893 sede
2436 2883 2450 2906 ,

1415 2923 1691 2987 praesertim
1717 2939 1827 2971 vero
1867 2941 1897 2972 a
1921 2923 2115 2975 Joanne
2150 2940 2254 2975 xx11
2273 2961 2289 2987 ,
2315 2944 2451 2993 prae-

1423 3003 1659 3053 decessore
1689 3013 1848 3054 nostro
1867 3043 1883 3071 ‚
1915 3009 2109 3057 constit.
2139 3010 2299 3074 incip.
2327 3009 2457 3060 Licet

1420 3089 1554 3153 juxta
1585 3087 1845 3138 doctrinam
1867 3126 1880 3148 ‚
1912 3090 2244 3156 reprobatum,
2279 3109 2338 3141 ac
2362 3093 2477 3160 pro'

1423 3170 1646 3221 haeretico
1661 3188 1876 3238 expresse
1892 3172 2200 3235 damnatum,
2220 3175 2348 3241 quod
2355 3176 2455 3242 fizi-

1422 3252 1610 3304 lacibus
1627 3254 1921 3304 ratiunculis
1938 3294 1953 3316 ‚
1976 3258 2161 3321 fucatis
2178 3267 2224 3307 et
2249 3259 2316 3308 ad
2344 3259 2458 3308 reli--

1421 3340 1615 3404 yionem
1637 3342 1910 3406 compositis
1927 3341 2108 3403 verbis,
2137 3344 2458 3410 contortisque

1426 3418 1803 3488 Scripturarum
1833 3431 1876 3471 et
1898 3424 2111 3479 Patr-um
2140 3427 2425 3476 testimoniis
2441 3464 2455 3486 ,

1429 3503 1689 3570 impudens
1719 3505 1922 3572 scriptor
1947 3507 2164 3557 obtrudit
2183 3546 2198 3571 ‚
2218 3525 2311 3574 quo
2339 3509 2458 3557 sim-

1425 3586 1643 3654 plicibus
1677 3597 1719 3636 et
1757 3591 1923 3638 ntinus
1954 3593 2111 3641 cautis
2130 3590 2335 3658 facilius
2359 3591 2454 3637 im-

1428 3677 1600 3735 ponat.
