2514 4218
2020 235 2135 294 115

473 253 628 291 PART.
676 254 716 288 1.
761 252 882 290 GAP.
930 246 1016 290 111.
1067 255 1133 290 DE
1176 254 1440 292 EGCLESIAE
1482 254 1660 292 noris.

49 399 280 459 tinianis
295 407 355 456 et
367 393 712 455 Marcionitis
729 438 746 472 ‚
774 394 929 454 idem
951 393 1060 454 dici
1082 394 1256 455 debet
1279 395 1353 455 de
1381 393 1719 454 Lutheranis
1738 438 1754 469 ,
1781 395 2131 469 Calvinistis,

50 492 369 574 Anglicanis
397 491 714 573 ceterisque
738 492 904 551 sectis
924 535 941 566 ,
978 511 1110 562 cum
1138 490 1339 551 eadem
1369 492 1514 550 ratio
1550 489 1763 550 militet
1785 512 1892 572 pro
1919 492 2040 552 istis
2064 515 2130 554 ac

45 611 151 671 pro
186 586 324 645 illis.

128 681 263 740 197.
311 680 400 740 Ad
439 680 521 740 811¹
543 726 559 755 ,
597 683 756 740 Dist.
786 681 859 738 In
894 676 1199 759 hypothesi
1228 678 1576 757 adversarii,
1620 701 1805 750 conc.‚·
1826 685 1995 759 juxta
2030 704 2135 741 re—

42 775 234 856 gulam
260 786 621 834 constantem
650 773 941 846 Ecclesiae'‚
981 793 1111 851 neq.
1145 772 1282 830 Haec
1307 775 1467 834 enim
1495 775 1690 855 regula
1713 787 1800 835 est
1829 777 2136 836 auctoritas

42 870 360 930 infallibilis
380 915 395 943 ,
436 881 502 928 ut
525 881 722 951 postea
756 864 1125 927 ostendemus
1145 910 1160 939 .,
1191 887 1304 946 qua
1338 869 1556 948 posita,
1578 875 1702 947 jam
1742 872 2135 952 consequitur,

42 965 260 1047 absque
290 964 408 1023 ulla
450 963 800 1023 discussione
837 970 936 1018 aut
976 961 1242 1019 examine
1276 962 1413 1019 satis
1457 973 1579 1022 esse
1620 965 1952 1044 attendere,
1992 965 2135 1047 quid

44 1059 284 1118 Ecclesia
324 1059 612 1118 definierit
649 1066 748 1114 aut
792 1053 1190 1129 damnaverit,
1231 1066 1298 1113 ut
1334 1055 1489 1114 illico
1535 1057 1890 1137 innotescat,
1940 1069 2138 1120 utrum

44 1154 232 1212 unitas
262 1164 362 1212 aut
388 1149 708 1211 differentia
731 1148 807 1206 sit
828 1146 998 1206 realis
1024 1148 1119 1208 vel
1148 1138 1434 1231 apparens
1466 1150 1574 1231 (l).

126 1248 259 1306 198.
306 1247 395 1306 Ad
427 1248 545 1318 9¹¹¹,
583 1243 731 1322 Ne9.
771 1241 1040 1323 Alioquin
1092 1242 1337 1302 Ecclesia
1378 1243 1593 1302 Christi
1638 1245 1788 1304 foret
1827 1245 1902 1305 ad
1950 1248 2135 1309 instar

42 1344 216 1401 turris
251 1340 424 1401 Babel
457 1360 587 1398 cum
621 1336 957 1396 confusione
1008 1336 1364 1416 linguarum.
1416 1337 1772 1399 Coalesceret
1810 1341 1969 1399 enim
2013 1364 2135 1402 non

44 1436 228 1496 solum
265 1457 336 1494 ex
369 1432 610 1493 diversis
636 1476 652 1505 ‚
688 1424 891 1494 verum
934 1430 1112 1490 etiam
1150 1451 1221 1489 ex
1257 1429 1656 1510 heterogeneis
1698 1444 1758 1491 et
1788 1433 1962 1514 plane
1989 1456 2138 1495 con-

42 1529 378 1590 tradictoriis
419 1525 760 1586 veritatibus
785 1564 811 1601 ,κ
859 1524 1017 1607 quod
1067 1535 1155 1584 est
1195 1524 1536 1584 absurdum.
1581 1526 1828 1586 Ecclesia
1870 1538 2135 1610 tempore

44 1623 447 1706 Apostolorum
471 1621 769 1680 coaluisset
792 1639 863 1680 ex
890 1618 1179 1700 Apostolis
1210 1628 1269 1678 et
1295 1641 1365 1678 ex
1393 1620 1722 1693 Nicolaitis,
1752 1622 2099 1684 Simonianis
2117 1669 2136 1697 a

44 1717 445 1792 Cerinthianis,
462 1715 759 1791 EbionitiS,
776 1736 917 1796 quos
933 1725 1129 1773 tamen
1143 1713 1216 1772 ab
1236 1714 1479 1774 Ecclesia
1496 1716 1753 1797 Apostoli
1769 1717 2130 1800 repulerunt.

125 1813 260 1871 199.
308 1810 440 1889 Obj.
481 1809 731 1870 secunda
753 1820 810 1869 et
843 1810 981 1868 inst.
1016 1810 1081 1867 1ο
1114 1810 1378 1868 Exterior
1418 1812 1750 1870 communio
1788 1812 1852 1871 in
1892 1814 2135 1874 Ecclesia

41 1906 388 1986 interrumpi
423 1915 651 1986 pote-st,
695 1903 853 1964 salva
889 1908 1011 1981 ejus
1060 1902 1300 1962 unitate.
1342 1904 1409 1961 20
1456 1906 1574 1964 Nec
1620 1905 1778 1964 enim
1803 1950 1820 1981 ‚
1877 1918 2132 1989 spectata

42 2000 295 2060 humana
325 1998 757 2060 individuorum
784 1998 1159 2073 infirmitate,
1195 1997 1362 2057 aliter
1395 1999 1518 2057 fieri
1542 2010 1732 2080 potest
1759 1999 1975 2083 absque
1998 2024 2132 2083 spe-

44 2094 196 2168 ciali,
229 2095 350 2153 imo
379 2093 656 2174 singulari
677 2093 894 2155 divinae
916 2093 1354 2174 omnipotentiae
1379 2092 1624 2167 auxilios,
1654 2093 1719 2153 3⁰
1744 2116 1919 2175 porro
1941 2117 2131 2176 neque

45 2213 114 2250 ex
148 2192 472 2272 Scriptura,
507 2211 700 2272 neque
736 2212 806 2249 ex
845 2188 1156 2249 traditione
1193 2189 1422 2248 ostendi
1465 2200 1693 2270 potest,
1735 2190 1861 2249 dari
1893 2191 2127 2252 'divinas

47 2275 509 2367 pollicitatione8‚
531 2283 689 2366 quod
710 2283 952 2344 Ecclesia
980 2305 1208 2366 semper
1230 2285 1307 2343 ita
1331 2284 1581 2364 perfecte
1602 2306 1718 2343 una
1739 2306 1862 2345 esse
1883 2284 2094 2346 debeat
2110 2332 2126 2358 ,

48 2390 116 2438 ut
163 2399 465 2459 nunquam
505 2378 754 2437 exterius
803 2377 985 2439 divisa
1030 2379 1130 2440 sit.
1175 2380 1242 2437 4⁰
1280 2379 1585 2460 Scripturae
1625 2379 1786 2438 enim
1834 2379 2130 2439 affirmant

114 2579 191 2645 (1)
226 2579 408 2629 Exinde
437 2581 575 2628 etiam
598 2587 751 2643 patet,
781 2593 1048 2643 supervaca-

50 2681 156 2714 neas
166 2678 345 2728 prorsus
361 2677 456 2710 esse
471 2661 906 2726 discussiones‚quas
925 2659 1048 2708 idem

1123 2577 1302 2625 articuli
1329 2577 1475 2626 habiti
1502 2577 1673 2627 fuerint
1693 2577 1841 2629 veluti
1862 2596 1932 2629 res
1952 2580 2130 2647 proba·

1122 2657 1240 2706 biles
1280 2658 1453 2724 absque
1504 2661 1660 2708 animo
1708 2660 2038 2719 determinato,
2069 2681 2130 2711 an

1123 2739 1262 2788 veluti
1292 2757 1362 2787 res
1392 2746 1531 2788 certoe
1548 2774 1565 2802 ‚
1598 2750 1758 2788 utrum
1791 2743 1882 2790 sint
1910 2743 2126 2791 doetrinae

15 2746 225 2817 ,Palmer
257 2745 375 2796 ibid.
408 2743 638 2793 faciendas
685 2742 953 2803 contendit,
989 2741 1048 2789 ad

49 2826 138 2876 hoc
161 2837 212 2875 ut
231 2843 413 2893 aequum
445 2825 672 2892 judicium
699 2823 900 2873 seramus
929 2825 1047 2872 circa

50 2908 292 2958 articulum
312 2908 513 2974 aliquem
528 2944 542 2967 ,
559 2917 715 2955 utrum
744 2922 910 2971 nempe
945 2895 1048 2971 spe*-

51 2999 139 3039 ctet
161 2989 220 3039 ad
245 2991 453 3039 veritates
472 2998 591 3037 cetto
625 2987 846 3036 revelatas
862 3004 922 3036 an
942 3004 1047 3036 vero

52 3063 374 3136 ad'opiniones
402 3074 605 3131 tantum.
639 3068 753 3117 Vult
793 3069 917 3116 enim
938 3104 952 3129 ‚
996 3078 1048 3116 ut

56 3151 176 3214 prius
201 3151 524 3200 determinetur
539 3186 555 3211 ,
582 3161 737 3198 utrum
758 3149 1013 3199 differentia
1030 3186 1047 3211 ,

58 3245 159 3294 quae
191 3234 423 3281 invenitur
452 3234 503 3280 in
531 3241 701 3297 puncto
728 3241 1012 3280 controverso
1033 3267 1049 3292 ‚

63 3312 120 3359 sit
141 3311 379 3362 tolerabilis
405 3331 491 3363 nec
516 3329 608 3375 ne;
640 3312 806 3362 deinde
836 3322 889 3360 ut
908 3312 1050 3376 dispi-

63 3393 223 3453 ciatur,
245 3409 303 3440 an
325 3394 395 3443 hae
419 3395 680 3445 differentiae
697 3401 976 3460 apparentes
995 3394 1052 3440 in

57 3472 152 3536 fide
169 3472 319 3537 potius
329 3475 528 3525 vex-hales
544 3479 635 3526 sint
647 3493 783 3543 quam
800 3475 965 3537 reales3
982 3476 1054 3523 in-

67 3571 202 3619 super
217 3564 372 3623 utrum
389 3559 588 3607 oriantur
600 3575 688 3607 nec
701 3575 761 3607 ne
774 3575 827 3607 ex
840 3574 914 3617 ec,
928 3557 1052 3623 quod

65 3638 294 3685 contrarias
322 3647 469 3702 partes
497 3650 657 3689 mutuo
690 3658 738 3690 se
772 3639 891 3690 male
918 3638 1052 3701 intel-

52 3717 256 3767 lexerint
288 3734 304 3781 3
358 3719 544 3768 demum
583 3730 735 3770 utrum
778 3723 1049 3771 controversi

1122 2821 1465 2869 individuorum
1492 2823 1614 2870 intra
1636 2823 1875 2885 ecclesias,
1908 2825 2130 2874 an-eccle-

1124 2907 1296 2954 siarum
1320 2906 1540 2969 ipsarum.
1573 2904 1756 2954 Etenim
1784 2906 2010 2972 ejusmodi
2037 2906 2128 2956 dis·

1125 2988 1392 3052 quisitiones
1418 2996 1701 3052 supponunt,
1727 3003 1752 3034 a
1772 2987 1931 3056 spiritu
1967 2989 2129 3055 singu-

1124 3067 1275 3115 lorum
1301 3069 1479 3132 privato
1501 3084 1597 3116 esse
1624 3067 1682 3115 de
1707 3065 1782 3114 his
1799 3067 2125 3133 judicandum,

1127 3149 1252 3214 quod
1269 3158 1425 3198 tamen
1453 3158 1520 3198 est
1551 3159 1742 3216 systema
1770 3148 2129 3199 Protestantium

1125 3230 1184 3278 ab
1210 3230 1463 3279 adversario
1481 3240 1637 3278 nostro
1655 3231 1909 3295 rejectum3
1934 3248 2019 3279 nec
2042 3249 2128 3279 un-

1127 3330 1266 3379 quam
1292 3314 1349 3362 ad
1368 3313 1510 3361 ullam
1539 3313 1844 3362 dirimendam
1869 3323 2130 3363 controver-

1126 3397 1241 3444 siam
1266 3397 1549 3454 inserviunt,
1596 3403 1649 3442 ut
1683 3397 1954 3460 experientia
1991 3398 2126 3444 etiam

1126 3477 1279 3526 docet.
1310 3460 1552 3525 Catholicis
1580 3477 1654 3523 via
1687 3485 1784 3524 tuta
1826 3486 1871 3525 et
1907 3489 2125 3538 compen-

1126 3560 1253 3609 diosa
1295 3569 1362 3609 est
1387 3558 1596 3607 Ecclesiae
1629 3557 1837 3608 definitio
1856 3596 1870 3619 ‚
1908 3573 1997 3623 qua
2028 3556 2122 3605 sola

1127 3643 1275 3690 omnis
1302 3641 1534 3690 contentio
1560 3649 1717 3688 cessat.

1822 3796 1876 3855 8.
