2514 4218
229 131 354 190 494

861 149 1059 186 TRACT.
1109 150 1176 184 ΒΕ
1222 147 1368 185 LOCIS
1411 147 1781 186 THEOLOGICIS.

313 294 458 354 720.
510 291 595 351 Ad
632 292 738 364 3¹1¹3
780 293 937 350 Dist.
992 291 1062 348 Et
1102 291 1157 347 S.
1201 288 1484 348 Bernardi
1530 288 1782 370 querelae
1825 288 2037 362 abusus
2076 291 2138 349 in
2173 292 2363 353 admi—

229 389 582 451 nistratione
625 387 919 460 afficiunt,
951 407 1151 451 eone.‚·
1187 384 1558 443 Pontificium
1584 388 1681 462 jus
1719 396 1780 444 et
1810 396 2193 466 potestatem,
2232 411 2362 469 neq.

229 485 403 546 Dolet
449 482 666 544 scilicet
715 484 774 541 S.
828 485 1042 540 Doctor
1093 478 1413 539 nonnullos
1459 478 1714 554 abuSUS,
1757 481 1861 562 qui
1901 482 2260 566 irrepserant
2293 505 2366 544 ex

229 593 401 665 parte
442 579 814 639 subditorum
853 599 914 637 se
950 576 1360 636 extollentium
1393 575 1670 636 adversus
1698 573 1972 658 praelatos
1998 600 2130 639 suos
2150 626 2166 654 ,
2196 602 2367 641 occa-

232 679 394 738 sione
432 687 531 735 aut
567 674 816 733 obtentu
847 671 1238 755 quarumdam
1273 671 1749 753 exemptionum,
1791 683 1858 730 ut
1893 684 2125 732 vocant.
2159 677 2366 736 Horta-

232 786 333 833 tur
371 771 620 855 proinde
664 770 1043 844 Pontificem,
1096 790 1172 827 ne
1222 769 1348 828 sine
1394 762 1736 828 necessitate
1783 779 1884 827 aut
1938 768 2191 830 utilitate
2238 771 2366 831 illas

232 868 398 928 facile
441 865 756 940 concedat,
806 887 882 925 ne
931 864 1102 924 tollat
1154 863 1443 944 graduum
1488 863 1926 924 distinctionem
1965 867 2261 948 sapienter
2304 868 2367 927 in
2442 879 2445 883 '

234 965 482 1024 Ecclesia
523 963 939 1039 constitutam,
977 971 1159 1043 utque
1198 960 1663 1042 ea'plenitudine
1706 961 2046 1043 potestatiS‚
2082 984 2197 1044 qua
2226 961 2371 1024 divi-

234 1062 394 1120 nitus
431 1060 711 1142 praeditus
752 1070 872 1135 est,
916 1058 979 1116 in
1029 1055 1471 1116 aedificationem
1513 1068 1573 1115 et
1622 1080 1741 1116 non
1788 1059 1848 1116 in
1905 1057 2369 1121 destructionem

235 1168 455 1217 utatur.
509 1157 583 1215 At
618 1160 753 1234 jura
792 1153 1087 1214 Pontificis
1140 1174 1262 1212 non
1307 1152 1497 1212 solum
1544 1175 1665 1212 non
1716 1155 1986 1236 attingit,
2041 1155 2145 1215 sed
2189 1156 2371 1216 semel

235 1258 568 1334 iterumque
616 1263 676 1311 et
718 1250 935 1333 pluries
982 1250 1093 1309 hoc
1141 1250 1266 1332 ipso
1309 1250 1372 1307 in
1418 1248 1546 1309 loco
1587 1250 1840 1309 inculcat
1876 1263 1936 1310 et
1976 1250 2228 1311 adstruit
2262 1251 2372 1332 (l).

238 1348 411 1409 Aliud
449 1370 624 1431 porro
667 1359 757 1407 est
793 1346 954 1427 loqui
984 1345 1057 1405 de
1083 1350 1214 1425 jure
1237 1391 1252 1421 ,
1289 1343 1449 1404 aliud
1484 1367 1623 1406 vero
1657 1346 1730 1405 de
1765 1348 1991 1407 ratione
2032 1347 2257 1407 utiliter
2276 1352 2373 1424 jus

239 1443 579 1518 exercendi,
614 1444 739 1502 sine
772 1442 1130 1502 detrimento
1155 1441 1430 1503 videlicet
1458 1442 1818 1501 auctoritatis
1840 1488 1855 1517 7
1899 1464 2029 1524 quae
2063 1443 2376 1525 unicuique

229 1548 403 1621 juxta
443 1542 742 1620 vigentem
783 1537 1155 1619 disciplinam
1206 1537 1505 1617 competit.
1564 1536 1802 1596 Nullam
1843 1550 2038 1598 autem
2089 1539 2376 1619 graduum

241 1636 749 1721 perturbationem
795 1656 867 1694 ex
912 1634 1211 1716 pontificia
1259 1633 1767 1693 administratione
1817 1635 2047 1712 induci,
2090 1657 2163 1695 ex
2200 1635 2375 1716 longa

241 1746 331 1794 tot
375 1732 703 1792 seculorum
751 1731 1115 1812 experientia
1150 1728 1386 1789 abunde
1431 1729 1619 1812 liquet
1661 1731 1774 1811 (2).

323 1829 465 1887 721.
520 1829 604 1887 Ad
655 1827 763 1902 lim,
815 1829 975 1887 Dist.
1022 1827 1134 1899 Qui
1179 1837 1383 1886 tamen
1430 1825 1645 1886 abusus
1688 1848 1853 1908 aeque
1907 1847 1972 1885 ac
2019 1826 2169 1886 forte
2212 1832 2375 1909 pejus

245 1924 621 1985 inoleverunt
642 1969 658 1998 ,
697 1924 840 2004 quin
873 1921 1167 2004 regulares
1199 1922 1699 1996 subducerentur,
1727 1933 1787 1981 et
1811 1923 1955 2004 quin
1980 1921 2378 2004 appellaretur

251 2020 325 2080 ad
358 2023 611 2103 Papam,
650 2020 866 2101 quique
903 2030 1364 2102 compensantur
1388 2040 1461 2078 ex
1483 2018 1608 2077 aliis
1641 2018 2056 2078 emolumentis
2088 2017 2226 2077 inde
2250 2039 2377 2077 ma·-

248 2116 526 2176 nantibus
554 2161 570 2191 ,
608 2136 804 2184 conc.,·
843 2136 1042 2189 seem,
1089 2137 1218 2195 neq.
1261 2115 1408 2174 Satis
1455 2127 1546 2175 est
1585 2113 1779 2175 oculos
1814 2116 2097 2194 conjicere
2132 2115 2196 2172 in
2227 2115 2377 2174 anti-

245 2214 446 2295 quiora
480 2213 738 2272 historiae
777 2211 1174 2272 ecclesiasticae
1218 2223 1604 2271 monumenta
1626 2257 1641 2286 7
1684 2222 1751 2270 ut
1787 2210 1953 2271 facile
1979 2211 2241 2292 quisque.
2267 2209 2378 2269 sibi

245 2310 594 2391 persuadeat
620 2355 636 2384 ,
707 2309 1039 2368 monasticae
1086 2307 1410 2390 disciplinae
1465 2307 1698 2371 vincula
1762 2309 1935 2368 fuisse
1987 2307 2250 2390 disrupta
2317 2318 2376 2366 et

244 2404 455 2465 abusus
495 2405 856 2482 obtinuisse,
891 2406 1072 2466 etiam
1098 2426 1247 2490 cum
1293 2405 1566 2465 monachi
1611 2405 1728 2464 suis
1777 2404 2116 2464 immediate
2158 2403 2376 2463 subde·

1346 2666 1435 2715 bus
1472 2666 1734 2714 luculenter
1758 2675 1902 2730 patet,
1935 2665 1985 2715 S.
2024 2663 2261 2712 Abbatem
2296 2666 2375 2729 ju-

1349 2751 1471 2796 rium
1513 2749 1861 2796 distinctionem
1900 2751 1951 2795 in
1987 2747 2213 2796 Pontifiee
2249 2746 2378 2794 haud

312 2668 378 2731 (l)
417 2667 488 2715 En
518 2665 565 2715 S.
585 2667 809 2715 Bernardi
838 2666 1011 2725 verba,
1043 2682 1149 2732 quae
1172 2667 1266 2713 im-

246 2751 445 2799 mediate
494 2750 652 2797 subdit
691 2750 854 2798 eodem
893 2752 943 2796 in
982 2749 1081 2796 loco
1122 2765 1136 2795 τ
1176 2744 1265 2795 Sic

241 2832 509 2896 factitando
550 2831 767 2897 probatis
803 2847 884 2879 vos
916 2829 1086 2877 habere
1105 2828 1267 2896 pleni-

250 2914 466 2963 tudinem
491 2916 744 2980 potestatis
763 2951 776 2972 ‚
808 2913 891 2961 sed
903 2914 1117 2979 justitiae
1142 2912 1266 2977 forte

246 3012 344 3044 non
380 3000 466 3046 ita.
507 2998 700 3045 Facitis
722 2997 808 3045 hoc
827 3035 840 3056 ‚
870 2998 987 3061 quia
1012 2997 1212 3061 potestis
1240 3014 1264 3055 ;

246 3079 332 3127 sed
359 3089 522 3127 utram
565 3091 612 3128 et
649 3080 890 3139 debeatis,
943 3079 1143 3143 qaeestio
1176 3086 1262 3128 est.

247 3160 310 3209 Et
349 3180 402 3210 n.
451 3160 508 3210 15
548 3179 560 3210 τ
593 3162 732 3229 Quid
768 3165 908 3218 item,
950 3162 1121 3227 pergit,
1166 3169 1266 3208 tam

247 3243 510 3309 indiqnum
532 3243 625 3291 tibi·
637 3282 649 3303 ‚
668 3262 810 3309 quam
834 3253 888 3292 at
914 3252 1063 3292 totam.
1079 3251 1261 3305 tenens,

246 3344 346 3376 non
379 3329 447 3374 sis
472 3334 719 3374 contentus
751 3337 842 3375 toto
860 3366 872 3387 ‚
897 3329 1002 3374 nisi
1020 3328 1266 3374 minutias

248 3409 482 3474 quasdam
522 3419 659 3473 atque
695 3411 894 3473 exiquas
915 3412 1160 3475 portiones
1187 3411 1263 3475 ip·-

246 3495 351 3541 sias
395 3492 490 3540 tibi
532 3491 724 3540 creditoe
758 3493 1089 3540 universitatis
1110 3530 1121 3552 ,
1154 3501 1263 3540 tan·

250 3592 394 3639 quam
436 3591 534 3623 non
572 3575 671 3622 sint
710 3581 805 3621 tuae
830 3611 843 3635 ‚
877 3584 1070 3640 sataqas
1105 3576 1265 3623 nescio

247 3659 480 3724 quomodo
503 3658 663 3708 adhuc
681 3658 841 3723 faeere
873 3666 979 3706 tuas
996 3660 1028 3707 Ρ
1060 3660 1127 3708 Ex
1158 3661 1265 3725 qui-

1349 2834 1605 2895 agnovisse.
1638 2831 1740 2880 Alia
1786 2831 1917 2895 plura
1947 2831 2155 2897 ejusdem
2195 2827 2371 2886 8.,Βο-

1349 2916 1484 2962 ctoris
1514 2916 1564 2961 in
1579 2913 1702 2962 hanc
1732 2931 1830 2962 rem
1849 2915 2110 2961 testimonia
2135 2911 2219 2959 cfr.
2247 2908 2371 2973 apud

1348 2997 1568 3046 Ballerin.
1586 3002 1636 3046 in
1659 2996 1714 3041 V
1713 2996 1916 3044 indiciis
1933 2993 2231 3042 auctoritatis
2245 3007 2371 3056 pon-

1345 3080 1513 3144 tificioe
1546 3089 1671 3128 cont.
1696 3079 2027 3133 Febrom'um,
2055 3093 2158 3139 cap.
2184 3072 2243 3138 4,
2266 3092 2319 3122 n.
2338 3088 2369 3121 2

1348 3173 1391 3211 et
1406 3180 1537 3229 seqq.
1554 3160 1734 3211 Verum
1750 3161 1999 3209 clarissime
2014 3167 2216 3206 mentem
2236 3172 2371 3205 suam

1346 3247 1491 3309 aperit
1528 3243 1580 3292 S.
1604 3242 1867 3293 Bernardus
1898 3243 1949 3288 in
1977 3240 2139 3289 eodem
2176 3255 2281 3303 cap.
2300 3234 2334 3301 4
2353 3274 2367 3295 .,

1346 3346 1397 3376 n.
1438 3324 1518 3375 18.

1417 3409 1483 3472 (2)
1521 3407 1621 3455 Cfr.
1658 3405 1970 3464 Balleriniu3‚
2007 3403 2126 3452 ibid.
2167 3419 2273 3467 cap.
2302 3398 2368 3461 6,

1346 3492 1429 3541 ubi
1466 3491 1591 3557 quod
1627 3492 1872 3538 asserimus
1898 3488 2264 3537 luculentissime
2295 3502 2369 3533 os-

1346 3573 1526 3635 tendit3
1568 3590 1753 3621 necnon
1800 3571 2110 3630 Muzzarelfi,
2150 3567 2202 3617 Il
2242 3568 2371 3616 buon

1346 3646 1430 3704 aso
1464 3654 1586 3704 della
1618 3654 1801 3719 loqzba,
1832 3671 1994 3720 opusc.
2019 3670 2069 3702 v.
