2514 4218
308 182 468 221 mar.
516 183 559 218 1.
609 179 761 219 ποτ.
807 172 872 218 Π.
922 181 1050 219 cn.
1097 181 1185 218 111.
1235 182 1302 217 mi
1346 182 1482 218 NAT.
1532 183 1597 218 m·
1643 183 1766 220 sun.
1811 184 1966 222 raim.
2074 164 2187 225 451

151 337 289 398 657.
322 339 489 396 Patet
514 334 722 393 itidem
743 335 810 392 '20
833 335 973 416 quid
995 334 1068 394 de
1098 336 1168 393 iis
1197 334 1597 408 sentiendum,
1629 338 1730 418 qui
1759 340 2032 419 perfricta
2060 363 2193 401 om-

65 435 206 493 nino
254 433 448 491 fronte
492 442 825 490 asseverant
871 451 996 490 esse
1029 430 1095 488 in
1137 441 1426 510 potestate
1465 432 1708 490 Concilii
1752 433 1977 494 deferre
2016 436 2190 496 alteri

64 527 522 612 praesidentiam
535 546 712 606 quam
739 524 938 604 legatis
964 526 1316 605 pontificiis
1351 525 1595 607 perinde
1623 547 1688 586 ac
1705 528 1752 585 si
1776 529 2081 589 Pontifex
2057 553 2192 608 Jure

65 624 272 685 divino
296 643 362 680 ac
391 621 624 701 proprio
648 619 958 702 exspoliari
990 641 1022 678 a
1048 641 1345 702 quoquam
1369 633 1598 702 posset
1627 633 1687 681 et
1715 623 1778 680 in
1807 635 1980 704 caput
2010 646 2190 685 mem-

63 717 168 776 bra
205 716 649 776 dominarentur
679 715 786 794 (1).
868 731 874 736 ’

146 811 263 871 658
341 813 506 869 Patet
534 808 820 879 similiter,
853 808 997 890 quid
1022 808 1097 866 sit
1119 809 1494 869 sentiendum
1519 810 1585 869 3⁰
1600 812 1720 871 de
1704 814 1772 872 lis
1788 857 1806 889 ,
1830 815 1930 895 qui
1956 816 2198 896 pontifi-

65 908 214 965 ciam
270 905 770 965 confirmationem
809 903 884 963 ad
929 924 1158 962 merum
1205 904 1544 986 suffragium
1582 908 1944 988 restringunt
1970 956 1987 985 .‚
2031 922 2091 970 et
2121 911 2198 970 ad

66 1022 389 1074 assensum,
420 997 740 1078 cujusmodi
754 994 1053 1057 ab'infimo
1085 999 1364 1081 Episcopo
1389 999 1604 1070 da›tur,·
1630 1000 1726 1063 vel
1760 1003 1859 1083 qui
1887 1015 2154 1064 statuunt
2174 1050 2194 1079 ,

68 1094 320 1155 Concilia
349 1094 709 1155 oecumenica
745 1091 963 1173 absque
987 1091 1105 1151 ulla
1132 1093 1389 1153 ulteriori
1414 1095 1839 1177 approbatione
1869 1099 2198 1160 infallibilia

73 1212 197 1250 esse
222 1236 237 1264 ‚
284 1201 349 1248 ut
401 1189 618 1250 facilius
660 1188 798 1247 inde
836 1189 1112 1248 evincant
1155 1189 1476 1249 Concilium
1505 1195 1936 1253 oecumenicum
1961 1239 1977 1269 .,
2010 1194 2075 1254 id
2111 1208 2200 1255 est

80 1285 427 1367 acephalum
446 1331 462 1360 .‚
503 1305 676 1365 supra
710 1283 1048 1342 Pontificem
1097 1304 1222 1343 esse
1253 1284 1362 1365 (2).
1406 1286 1481 1343 Hi
1518 1287 1679 1345 enim
1711 1309 1912 1348 omnes
1939 1301 2077 1348 sunt
2102 1311 2201 1350 ca-

77 1380 279 1439 tholici
307 1379 636 1455 larvatiset
658 1398 840 1437 causae
862 1377 1157 1437 catholicae
1193 1378 1543 1460 proditoreS‚
1571 1381 1671 1460 qui
1702 1382 1833 1441 odio
1866 1394 2113 1443 aestuant
2139 1385 2202 1443 in

78 1476 453 1559 apostolicam
479 1473 710 1549 Sedem.,
729 1495 907 1556 quam
936 1497 1042 1555 pro
1056 1496 1298 1535 munere
1325 1476 1476 1534 tueri
1489 1497 1554 1535 ac
1567 1476 1885 1537 defendere
1900 1478 2200 1540 deberent.

164 1571 303 1630 659.
353 1570 695 1650 Priusquam
735 1590 872 1627 vero
906 1568 1275 1629 difficultates
1310 1569 1780 1630 adversariorum
1807 1573 2201 1653 proferamus,

82 1687 270 1748 operae
321 1665 575 1747 pretium
611 1664 723 1724 erit
764 1653 1264 1738 animadvertere,
1329 1665 1454 1724 fieri
1492 1665 1843 1748 quandoque
1885 1689 2087 1749 posse,
2133 1679 2207 1727 'ut

84 1759 401 1820 Concilium
440 1780 630 1840 neque
658 1762 1074 1818 convocatione
1103 1802 1118 1831 a
1149 1780 1339 1839 neque
1369 1760 1738 1840 praesidentia
1771 1783 1921 1820 rom.
1961 1763 2207 1821 Pontifi-

86 1856 165 1914 cis
199 1853 552 1914 celebratum
594 1853 699 1929 sit,
750 1852 1014 1913 obtineat
1055 1864 1250 1913 tamen
1303 1853 1649 1933 dignitatem
1684 1855 1924 1914 Concilii
1951 1877 2209 1917 oecume-

87 1950 202 2009 nici
250 1949 557 2008 accedente
602 1970 753 2007 rom.
808 1948 1103 2007 Pontificis
1153 1947 1575 2030 approbatione
1616 1961 1675 2009 et
1715 1951 2159 2012 confirmatione
2187 1995 2205 2026 ,

91 2043 412 2122 cujusmodi
464 2053 729 2102 censetur
760 2043 1084 2102 Concilium
1129 2043 1842 2126 Constantinopolitanum
1887 2048 1932 2105 1.
1986 2047 2211 2106 Confir-

93 2140 350 2201 matione
388 2141 549 2201 enim
583 2140 876 2222 pontificia
909 2140 1168 2199 defectus
1190 2185 1206 2213 .,
1242 2141 1287 2198 si
1315 2141 1416 2223 qui
1441 2140 1657 2200 fuerint
1678 2187 1694 2216 ,
1723 2142 1913 2201 sanari
1943 2153 2205 2224 possunt.

905 2345 1401 2387 DIFFICULTATES.

185 2513 325 2574 660.
373 2511 502 2592 obj.
532 2512 741 2594 prima.
778 2513 841 2569 10
868 2513 1014 2571 Octo
1046 2513 1240 2592 priora
1269 2510 1524 2571 Concilia
1560 2512 1846 2592 generalia
1879 2513 1941 2571 in
1974 2513 2217 2574 Oriente

98 2608 392 2670 celebrata
416 2608 489 2667 ab
519 2604 971 2688 Imperatoribus
1005 2605 1222 2664 indicta
1248 2617 1421 2679 sunt3
1458 2607 1526 2664 2⁰
1551 2608 1613 2666 in
1647 2624 1764 2688 quo
1792 2607 2029 2688 quidem
2057 2629 2218 2668 sum-

103 2726 267 2763 mum
295 2704 687 2785 imperantem
702 2707 835 2779 jure
849 2723 954 2760 suo
969 2722 1142 2759 usum
1166 2722 1288 2760 esse
1318 2701 1530 2761 exinde
1556 2701 1769 2784 liquet,
1792 2701 1951 2783 quod
1975 2704 2061 2762 ad
2079 2725 2216 2763 eum

95 2802 354 2879 pertinet
374 2845 390 2868 ,
432 2808 499 2858 ut
518 2844 534 2867 ,
574 2807 854 2877 potestate
891 2797 1015 2855 sibi
1045 2817 1314 2855 concessa
1335 2841 1351 2870 .,
1392 2799 1606 2876 populi
1637 2802 1694 2856 ei
1726 2790 2058 2873 commissi,
2096 2819 2219 2859 non

106 2896 274 2953 modo
307 2895 725 2973 temporalem,
751 2894 853 2951 sed
868 2903 1157 2951 aeternam
1185 2895 1370 2951 etiam
1386 2895 1738 2971 felicitatem
1772 2904 2017 2953 tueatur
2045 2905 2222 2974 atque

106 3000 464 3068 promoveat.
498 2989 599 3048 Em
626 2992 729 3046 hoo
756 3007 888 3045 vero
918 2990 1082 3065 fonte
1105 2986 1252 3063 fluit
1266 2991 1384 3064 jue
1409 3035 1427 3057 ,
1465 2992 1614 3047 ortis
1645 2988 1966 3047 hoeresihus
1978 3031 2000 3060 ,
2031 2991 2224 3069 impe-

114 3086 333 3153 randi,
368 3095 437 3143 ut
462 3084 760 3163 Episcopi
781 3085 850 3140 in
885 3092 1100 3140 coetum
1135 3094 1339 3141 coeant
1367 3082 1576 3164 (3).1d
1602 3094 1884 3165 praeterea
1913 3084 2223 3144 confirma-

117 3188 213 3234 tur
251 3198 320 3235 ex
360 3199 428 3236 eo
471 3178 664 3256 quod,
714 3198 903 3255 quum
940 3198 1107 3234 omne
1153 3175 1491 3237 Concilium
1535 3183 1603 3236 in
1635 3181 1934 3238 territorio
1962 3181 2223 3259 quodam

191 3421 257 3484 (1)
290 3420 357 3469 lta
396 3439 578 3470 rursum
615 3422 867 3472 Febronius
884 3458 897 3480 ,
936 3438 1013 3486 op.
1047 3424 1125 3469 cit.
1210 3440 1290 3470 seu
1333 3420 1644 3488 Ephemerid.
1683 3421 1954 3488 theoloqieie
2011 3421 2226 3486 Tibinq.

124 3518 227 3566 cap.
256 3499 287 3548 5
306 3535 321 3561 ,
352 3500 379 3567 §
408 3499 458 3565 4.
1222 3501 1347 3551 1823
1368 3540 1382 3562 ,
1420 3520 1524 3568 pag.
1558 3518 1677 3569 272.
2012 3528 2018 3532 ⁴

197 3584 262 3647 (2)
298 3584 580 3643 Febronius,
616 3585 707 3635 loc.
746 3589 850 3648 cit„
883 3583 1137 3651 et'anony-
1288 3583 1356 3647 (3)
1389 3584 1460 3633 Ita
1480 3584 1678 3634 Febron.
1698 3603 1775 3651 op.
1805 3589 1884 3634 cit.
1916 3600 2019 3648 cap.
2039 3580 2103 3644 6,
2134 3581 2224 3648 §m

130 3683 232 3712 mus
253 3703 266 3724 ‚
297 3667 346 3713 in
380 3665 709 3730 Theoloqische
744 3666 1138 3732 Quartalsohrifi‚

1906 3741 2006 3802 29.
