2514 4218
402 183 565 220 PART.
612 181 654 218 1.
701 180 857 217 SEGT.
905 181 968 216 11.
1015 178 1138 217 GAP.
1186 181 1226 216 Ι.
1271 180 1340 216 DE
1383 178 1538 217 PETRI
1582 170 1853 215 PRIMATU.
2029 193 2037 196 “
2076 154 2193 215 329

76 322 629 396 scilicetetnummi7
648 323 709 380 in
739 321 950 404 quibus
970 320 1183 381 Paulus
1204 321 1278 380 ad
1293 321 1594 380 dexteram
1612 364 1630 396 7
1657 322 1862 378 Petrus
1887 317 1964 378 ad
1985 317 2193 382 laevam

75 419 319 495 visitur3
367 416 471 475 10⁰
521 418 769 476 suadent
821 417 1072 498 denique
1114 416 1259 474 facta
1296 417 1419 498 ipsa
1464 418 1629 474 Rom.
1665 415 2047 490 Pontificum,
2093 415 2195 497 qui

72 513 227 572 Petri
250 524 310 571 et
339 513 501 571 Pauli
524 514 866 572 auctoritate
885 533 946 571 se
975 510 1243 570 suffultos
1267 522 1557 585 asserunt,
1585 510 1727 568 dum
1753 507 1974 590 aliquid
1998 509 2195 590 magni

72 606 410 666 decernunt.
458 610 558 666 110
599 610 748 668 Sane
787 604 1216 686 papebrochius
1243 606 1406 664 omni
1443 605 1932 664 documentorum
1978 623 2191 683 genere

70 701 327 760 ostendit
349 748 364 777 7
404 702 650 762 Paulum
678 703 852 762 fuisse
885 700 1231 781 Episcopum
1268 721 1578 758 romanum
1615 698 1726 779 (1).
1766 700 1931 778 Ergo.
2014 749 2015 752 ,

149 796 287 856 487.
333 797 422 857 Ad
460 799 538 857 1¹1¹
560 846 576 874 7
613 800 768 859 Dist.
801 798 858 856 Si
892 793 1149 876 Apostoli
1171 839 1187 868 7
1211 806 1352 852 tunc
1377 794 1553 854 rudes
1587 793 1777 853 adhuc
1799 838 1817 868 7
1852 793 2188 874 promissio-

69 911 208 949 nem
251 894 422 951 Petro
458 894 667 953 factam
703 890 812 950 sub
834 888 1078 969 duplicis
1108 888 1465 970 metaphorae
1495 888 1786 949 velamine
1813 889 1996 971 probe
2010 889 2191 949 intel-

67 983 377 1061 lexissent7
415 998 602 1047 trans.
630 986 726 1049 vel
766 1007 956 1050 conc.;
987 984 1035 1042 si
1060 1005 1189 1043 eam
1215 1027 1235 1057 ,
1274 983 1612 1044 omnimode
1642 984 1848 1044 saltem
1880 1030 1895 1059 7
1940 985 2188 1046 assecuti

65 1099 188 1137 non
215 1081 368 1159 sint,
401 1105 528 1162 neq.
562 1085 707 1142 Cum
753 1085 1019 1160 ageretur
1065 1079 1140 1138 de
1175 1080 1560 1160 promissione
1597 1081 1662 1138 in
1695 1080 1961 1139 futurum
1991 1078 2186 1140 adim-

64 1172 282 1253 plenda
322 1188 382 1235 et
419 1176 527 1236 sub
564 1178 806 1256 figurata
845 1173 1136 1233 locutione
1172 1174 1355 1250 facta,
1394 1174 1478 1232 nil
1513 1180 1765 1250 mirum,
1806 1175 1857 1234 si
1897 1179 2020 1254 ejus
2064 1179 2186 1239 vim

64 1269 238 1327 rudes
273 1270 589 1331 admodum
616 1269 876 1352 Apostoli
905 1269 1148 1328 assecuti
1170 1291 1291 1327 non
1307 1268 1559 1346 fuerint3
1586 1290 1720 1329 cum
1745 1281 1945 1330 tamen
1966 1270 2188 1353 aliquid

64 1363 138 1422 de
172 1365 368 1448 futuro
392 1367 545 1425 Petri
567 1366 823 1448 primatu
845 1364 1117 1446 suspicati
1144 1363 1389 1422 fuissent
1408 1407 1425 1437 7
1447 1362 1592 1424 ,ideo
1623 1375 1749 1422 orta
1781 1374 1870 1422 est
1884 1365 2038 1424 inter
2053 1364 2182 1425 illos

63 1461 358 1519 contentio
383 1459 490 1540 (2).
529 1461 790 1520 Christus
818 1482 995 1542 porro
1025 1481 1201 1519 omne
1235 1458 1438 1519 volens
1477 1480 1550 1518 ex
1587 1458 1851 1540 ipsorum
1877 1459 2051 1520 corde
2065 1483 2186 1520 am-

61 1552 297 1613 bitionis
325 1554 483 1614 ulcus
519 1556 851 1616 convellere
873 1602 889 1630 7
932 1577 1027 1615 eos
1070 1553 1415 1613 adhortatus
1454 1563 1543 1613 est
1581 1552 1658 1613 ad
1688 1554 2025 1614 sectandam
2066 1554 2184 1614 hu·-

60 1648 364 1732 militatem
389 1696 404 1724 7
450 1653 748 1734 proposito
789 1653 878 1710 sui
912 1652 1092 1733 ipsius
1139 1649 1426 1730 exemplo,
1470 1649 1628 1708 Licet
1674 1650 1834 1709 enim
1878 1650 2002 1732 ipse
2030 1651 2181 1712 foret

58 1745 320 1812 omnium
347 1747 619 1825 magister
653 1759 712 1807 et
737 1747 1039 1820 dominus,
1068 1757 1330 1805 attamen
1356 1745 1434 1803 ita
1460 1766 1520 1804 se
1545 1745 1738 1824 gessit,
1764 1743 2009 1826 perinde
2036 1767 2101 1806 ac
2130 1748 2180 1806 si

56 1849 205 1898 esset
228 1842 492 1900 omnium
533 1842 899 1902 administer.
929 1844 1011 1903 Ex
1049 1863 1164 1923 quo
1198 1840 1604 1920 intelligimus7
1639 1839 1936 1900 Christum
1956 1841 2018 1900 in
2043 1841 2180 1902 data

53 1936 430 2016 responsione
470 1937 725 1998 noluisse
769 1937 1078 1997 excludere
1124 1935 1474 2015 dignitatem
1511 1956 1577 1994 ac
1613 1933 2046 2018 principatum,
2074 1935 2182 1998 sed

57 2028 244 2087 solum
273 2031 559 2091 ambitum
595 2045 655 2092 et
688 2033 1103 2093 dominationis
1145 2029 1413 2090 abusum.
1446 2032 1569 2091 Hoc
1604 2030 1811 2090 melius
1842 2044 2086 2114 apparet
2108 2055 2180 2094 ex

58 2124 192 2181 Luc.
241 2126 431 2199 XXII,
469 2128 547 2185 26
569 2172 584 2200 7
624 2129 723 2209 qui
759 2130 838 2188 sic
873 2128 1051 2190 verba
1093 2124 1307 2187 Chr‘isti
1341 2127 1520 2186 refert
1551 2149 1564 2186 ε
1599 2128 1724 2206 Qui
1759 2131 1957 2205 major
1986 2139 2069 2187 est
2108 2134 2179 2188 in

55 2219 218 2276 vobis
235 2266 250 2289 ,
266 2220 381 2297 fiat
410 2225 567 2280 sicut
585 2227 863 2302 minister
873 2267 895 2296 ,
926 2235 980 2282 et
1001 2229 1112 2303 qui
1129 2244 1454 2304 proecessor
1481 2233 1564 2281 est
1587 2221 1932 2301 (Ἡγοὺμενος,
1956 2226 2177 2305 Dum),

46 2313 162 2389 fiat
180 2316 342 2372 sicut
360 2319 736 2377 ministrator
758 2317 870 2398 (3).

135 2407 276 2467 488.
326 2409 414 2468 Ad
450 2412 534 2468 2¹¹1
564 2457 580 2486 7
617 2413 767 2493 Ney.
815 2413 1134 2495 sequelam.
1171 2414 1403 2473 Etenim
1443 2435 1515 2473 ex
1562 2435 1661 2489 eo,
1711 2412 1871 2496 quod
1914 2413 2201 2474 Christus⁴

52 2502 354 2582 Apostolos
393 2527 597 2566 omnes
625 2508 1072 2588 interrogaverit
1095 2554 1111 2583 7
1146 2530 1267 2567 non
1303 2509 1586 2590 sequitur,
1620 2508 1697 2568 ad
1727 2531 1927 2569 omnes
1969 2508 2175 2570 eadem

50 2600 276 2659 ratione
307 2614 570 2683 spectare
595 2603 794 2680 verba,
821 2605 1031 2687 quibus
1062 2606 1186 2687 ipse
1216 2617 1625 2665 remuneratus
1654 2617 1742 2666 est
1762 2606 1939 2666 fidem
1956 2618 2016 2666 et
2042 2628 2175 2666 con·

50 2694 359 2755 sessionem
386 2700 561 2758 Petri.
592 2702 741 2758 Nam
759 2746 775 2776 7
809 2701 873 2759 1ὸ
902 2701 1106 2761 ceteris
1129 2699 1533 2781 haesitantibus
1566 2700 1852 2784 Apostolis
1880 2713 1940 2761 et
1970 2704 2173 2762 tacenss

49 2787 204 2848 tibus
225 2836 240 2864 7
266 2790 421 2850 solus
455 2794 659 2853 Petrus
680 2840 696 2868 7
723 2796 813 2854 cui
841 2798 1010 2856 Pater
1034 2795 1405 2856 revelaverat
1435 2807 1716 2856 aeternam
1746 2797 1847 2855 filii
1879 2797 1968 2856 sui
1994 2818 2172 2877 gene—

49 2885 353 2964 rationem,
373 2889 712 2971 respondit:
743 2890 836 2950 Tu
849 2912 908 2950 es
934 2891 1208 2951 Christus
1224 2893 1430 2950 Filius·
1445 2894 1568 2951 Dei
1585 2895 1729 2961 viva}
1747 2893 1839 2951 cui
1859 2904 2171 2975 propterea

50 2979 236 3040 vicem
257 2985 589 3065 rependens
612 2985 872 3045 Christus
897 2987 1161 3068 reposuit
1184 3009 1197 3045 z
1227 2990 1449 3045 Beatus
1472 3010 1559 3063 eg,
1587 2989 1795 3046 Simon
1821 2989 2169 3061 Bar-Jona,

51 3079 197 3151 quia
219 3098 360 3137 caro
387 3090 442 3137 et
457 3085 707 3160 sanquis
729 3103 849 3140 own
872 3083 1153 3140 revelavit
1170 3083 1315 3150 tihi,
1348 3084 1452 3142 sed
1477 3083 1666 3141 Pater
1687 3104 1871 3142 meus.
1895 3082 2170 3166 Adeoque

50 3164 217 3228 illum
243 3172 431 3243 solum
460 3175 721 3235 Christus
739 3176 1040 3235 constituit
1065 3188 1295 3259 petram
1326 3177 1589 3238 Ecclesiae
1614 3199 1732 3236 suae
1753 3224 1769 3254 7
1802 3199 1978 3261 quem
1996 3181 2168 3240 Pater

49 3262 418 3344 praeelegerat
456 3269 533 3329 ad
569 3270 1059 3331 manifestandam
1105 3271 1475 3334 divinitatem
1513 3272 1638 3332 Filii
1673 3273 1792 3349 suit,
1834 3273 1926 3334 hic
1965 3286 2163 3335 autem

114 3495 178 3557 (ί)
213 3491 281 3542 In
293 3497 493 3548 exhibit.
516 3518 665 3577 error.
691 3515 811 3569 part.
838 3524 875 3567 ι,
894 3517 980 3556 art.
1002 3523 1053 3571 7,
1140 3506 1449 3574 Hieronymus
1467 3543 1484 3569 ‚
1514 3509 1563 3555 in
1586 3525 1689 3573 cap.
1708 3525 1820 3559 xvm
1843 3508 2019 3558 Matth.

43 3576 101 3624 ad
134 3591 333 3630 accusat.
373 3578 424 3629 5.
1209 3588 1273 3652 (3)
1309 3589 1406 3638 cfr.
1442 3588 1581 3639 Card.
1615 3589 1691 3639 Du
1719 3591 1924 3652 Perron,
1962 3606 2038 3655 op.
2079 3590 2158 3638 cit.

113 3659 180 3726 (⁰2)
218 3660 288 3710 Ita
344 3661 566 3731 Origenes
590 3703 604 3723 ,
656 3666 1006 3732 Chrysostomus
1040 3710 1052 3733 ‚
1138 3689 1242 3738 cap.
1276 3670 1342 3722 56
1362 3710 1376 3735 ‚
1408 3691 1513 3739 pag.
1540 3670 1657 3736 455.
