2514 4218
395 196 554 234 PART.
601 196 640 231 1.
688 194 836 231 SECT.
885 196 949 231 11.
996 193 1117 228 CAP·
1162 192 1226 228 ΙΙ.
1277 193 1342 228 DE
1387 193 1613 232 Pmma‘r.
1665 198 1892 237 PERPET.

2075 183 2193 243 385

72 341 264 400 desint
299 361 371 398 ex
412 338 756 419 antiquitate
795 337 1143 396 documenta
1172 381 1187 407 ‚
1242 357 1273 394 e
1314 335 1524 417 quibus
1583 342 1890 418 novimus,
1945 347 2188 408 Romam

70 435 417 518 quandoque
456 432 761 512 Babylonis
805 432 1043 491 nomine
1091 431 1264 489 fuisse
1318 432 1698 513 significatam
1741 437 1851 516 (l).
1898 441 2188 520 Negamus

70 541 401 611 propterea,
443 527 605 585 nulla
636 526 804 585 nobis
832 536 1172 606 argumenta
1207 524 1417 586 biblica
1455 540 1766 610 suppetere
1801 532 1875 590 ad
1911 535 2189 597 evincen-

70 624 210 683 dum
246 625 397 682 Petri
440 624 500 680 in
532 621 751 681 Urbem
793 620 1116 681 adventum
1141 620 1250 701 (2).

70 896 234 957 (cujus
264 896 621 947 delineationem
647 904 903 942 memoratas
936 889 1083 957 ephe-

70 979 262 1027 merides
289 977 544 1040 exhibent)
580 979 926 1041 inscriptionem
954 974 1083 1022 dete-

67 1070 187 1108 ctam
202 1061 341 1107 fuisse
359 1077 373 1106 ε
391 1059 525 1107 Sinon
545 1059 712 1107 Psi-nus
725 1072 965 1107 mscirutus
977 1055 1005 1103 J
1008 1072 1084 1103 ssu

66 1157 137 1188 mc
157 1157 307 1190 sacar.
332 1139 534 1205 Scriptor
557 1158 690 1206 porro
717 1140 898 1188 articuli
920 1138 1082 1187 ohser-

67 1232 171 1283 vat,
203 1225 432 1289 ejusmodi
453 1226 800 1288 inscriptionem
820 1259 835 1282 ,
867 1238 974 1288 quae
997 1240 1083 1287 po·

68 1307 136 1352 nit
167 1305 427 1369 sepulerum
456 1304 574 1354 Petri
601 1306 651 1352 in
674 1304 854 1351 diverso
886 1305 1080 1352 omnino

65 1386 165 1434 loeo
191 1385 250 1433 ab
275 1404 358 1447 eo,
387 1394 524 1452 quem
550 1387 592 1434 ei
603 1386 804 1450 assignat
818 1387 1079 1434 narratiun-

66 1467 170 1515 cula
186 1466 444 1532 (leqqenda)
462 1466 674 1532 Ecclesiae
684 1466 944 1527 catholicae,
963 1470 1080 1532 reip-

64 1568 113 1599 sa
154 1550 416 1615 probatione
457 1551 671 1612 destitui3
717 1561 918 1600 attamen
960 1552 1078 1599 nihil

65 1649 161 1680 esse
202 1632 327 1698 quod
371 1649 474 1679 eam
512 1631 842 1681 incredibilem
875 1633 1076 1695 efficiat3

67 1717 182 1761 tanti
231 1714 421 1778 proinde
462 1711 724 1762 faciendam
767 1730 863 1762 esse
916 1719 1077 1780 quanti

64 1795 408 1842 narratiuncula
438 1793 579 1844 altera
599 1832 612 1853 ‚
652 1795 778 1860 quod
824 1794 943 1844 Petri
978 1814 1076 1846 ossa

63 1875 221 1924 Romae
264 1878 532 1926 consistant.
565 1876 631 1924 Ex
667 1877 856 1925 historia
887 1877 1075 1943 Aposto-

63 1957 214 2010 lorum
229 1960 442 2007 novimus
458 1993 475 2018 ‚
498 1957 682 2007 Petrum
703 1959 851 2006 multo
872 1968 1078 2025 tempore

66 2038 212 2103 Joppe
231 2051 551 2088 conversatum
578 2058 672 2088 esse
695 2056 708 2103 3
731 2041 844 2106 quid
863 2044 910 2088 ni
938 2043 1076 2106 igitur

63 2121 234 2167 ibidem
267 2124 414 2185 potuit
441 2123 559 2169 mori
588 2140 641 2169 ac
660 2122 886 2186 sepeliri?
906 2123 1070 2171 Hacte-

66 2218 155 2249 nus
184 2202 260 2250 hic
292 2213 466 2260 auctor,
489 2206 622 2267 cujus
651 2213 772 2267 patet
791 2203 1074 2252 admirabilis

64 2283 213 2348 logica
236 2297 251 2333 z
282 2284 523 2350 Inscriptio
546 2284 574 2331 J
578 2287 788 2350 oppensis
815 2288 942 2333 omni
966 2304 1072 2351 pro-

64 2363 251 2413 batione
288 2365 502 2414 destituta
533 2377 600 2414 est
634 2403 647 2425 ‚
685 2371 801 2414 tanti
837 2377 1074 2432 propterea

65 2456 132 2494 est
161 2447 369 2496 facienda
399 2450 560 2514 quanti
591 2449 778 2497 historia
807 2449 863 2498 de
888 2450 1073 2498 Petriin

63 2527 178 2576 urbe
204 2546 394 2578 romana
419 2532 636 2595 martyrio
651 2541 696 2578 et
713 2531 921 2596 sepulcro
938 2569 952 2591 ‚
969 2549 1072 2597 quae

64 2612 203 2658 totius
235 2613 524 2676 antiquitatis
557 2614 817 2660 testimonio
851 2623 895 2660 et
931 2614 1074 2661 docu-

64 2694 231 2740 mentis
261 2695 520 2757 omnigenis
551 2692 763 2743 fulcitur!
796 2694 968 2743 Verum
1000 2712 1073 2744 re-

64 2773 222 2821 dactur
249 2785 503 2839 protestans
535 2776 886 2841 ephemeridum
910 2773 1074 2824 Darm·

66 2855 368 2903 stadiensium
386 2891 399 2914 ,
423 2859 505 2922 qui
538 2875 618 2907 au.
652 2855 778 2906 1828
801 2875 827 2906 e
855 2858 1073 2908 relatione

65 2934 256 3001 Augusti
296 2940 474 2987 comitis
519 2939 662 2988 Melin
706 2940 931 3006 ejusmodi
964 2941 1072 2991 facti

67 3017 280 3083 adjuncta
306 3019 489 3084 pagellis
518 3024 610 3068 suis
633 3021 773 3069 inseri
807 3033 1070 3083 curaverat,

68 3097 272 3156 addidit,
291 3101 595 3166 fragmentum
613 3102 739 3151 illius
760 3105 1075 3169 inscriptionis

69 3180 167 3226 sine
195 3179 290 3228 nlla
335 3183 615 3233 haesitatione
647 3188 696 3232 in
734 3203 928 3234 numero
962 3202 1076 3251 apo-

69 3258 353 3324 cryphorum
392 3264 663 3331 habendum
712 3284 807 3314 esse
839 3266 1074 3330 (Allyem.

69 3338 535 3411 Kirohen-Zeitunq
552 3385 567 3407 ‚
620 3346 747 3398 1828
771 3386 783 3408 ,
828 3366 878 3397 n.
932 3347 1025 3412 134
1043 3349 1081 3412 ).

72 3421 170 3471 Cfr.
191 3422 479 3493 Roskovany,
498 3447 575 3495 op.
591 3432 669 3479 cit.
687 3449 791 3496 pag.
814 3448 830 3478 1
843 3430 874 3479 5
894 3442 938 3479 et
951 3448 1080 3498 seqq.

73 3515 170 3564 not,
196 3504 255 3569 41
270 3541 282 3555 .

143 3586 209 3649 (1)
248 3587 431 3636 Etenim
458 3594 506 3638 in
538 3592 822 3661 Fragmentis
850 3580 1036 3660 agrariis
1065 3634 1078 3655 ,

75 3684 174 3732 quae
206 3667 370 3716 Fausto
402 3680 444 3718 et
489 3672 671 3723 Valerio
704 3675 761 3723 V
763 3675 831 3726 V.
866 3671 979 3726 PP.
1009 3679 1081 3725 in·

1169 892 1434 940 scribuntur
1452 930 1466 953 ,
1487 913 1592 959 pag.
1614 898 1732 964 307,
1754 900 1868 949 edit.
1883 901 1998 954 Wil.
2018 903 2186 965 Goesii‚

1167 975 1232 1021 sic
1266 975 1472 1042 loquitur
1503 995 1514 1024 :
1543 973 1692 1027 Circa
1732 980 1901 1030 urbem
1927 982 2190 1050 Babylonis

1168 1053 1332 1102 Romae
1362 1059 1667 1107 maritimum
1707 1062 1795 1125 fiet
1825 1072 1870 1111 et
1903 1063 2148 1115 Gallicum
2165 1090 2187 1128 ;

1168 1146 1210 1182 et
1237 1151 1341 1201 pag.
1374 1136 1473 1186 266
1491 1176 1505 1199 ‚
1533 1141 1603 1189 ib.
1633 1141 1847 1208 Contra(
1865 1145 1996 1194 urbis
2019 1147 2189 1215 Baby-

1166 1215 1318 1281 lonis)
1347 1218 1547 1269 Romam
1587 1226 1831 1274 maritimi
1872 1227 2047 1278 limites
2067 1232 2189 1295 fient

1162 1307 1207 1346 et
1234 1298 1460 1374 Gallicus
1474 1304 1730 1369 impinqet.
1752 1306 1819 1354 Ex
1841 1309 2012 1374 quibus
2029 1323 2184 1377 patet,

1163 1383 1418 1447 antiquitus
1452 1383 1751 1454 Babylonem
1784 1389 1990 1439 Romam.
2008 1393 2184 1444 Urbem

1164 1464 1398 1510 interdum
1417 1476 1622 1515 vocatam
1638 1468 1805 1519 fuisse.
1823 1470 1919 1520 Cfr.
1931 1469 2030 1523 'Rei
2041 1492 2184 1539 ayra-

1161 1545 1254 1592 νέω
1279 1553 1494 1594 auctores
1508 1545 1719 1612 leyesque
1734 1553 1887 1600 varioe
1906 1591 1919 1614 ,
1944 1571 2051 1604 cura
2073 1556 2177 1606 Wi-

1162 1625 1288 1673 lelmi
1327 1625 1482 1675 Gaesii
1502 1665 1516 1688 ,
1570 1648 1664 1678 una
1703 1648 1812 1680 cum
1860 1638 1980 1684 notis
2024 1636 2179 1689 Nicol.

1161 1705 1371 1771 Regaltii.
1398 1708 1554 1771 ‚Amsh
1608 1709 1756 1776 1674.
1800 1713 1872 1764 Cl.
1909 1717 2181 1769 Mazochius

1159 1790 1210 1835 in
1251 1787 1520 1856 Spioileqio
1563 1780 1733 1842 biblico
1750 1831 1764 1855 ,
1813 1795 1964 1863 Neop.
2011 1797 2142 1869 1778
2162 1838 2177 1862 ‚

1159 1880 1267 1920 tom.
1292 1889 1378 1934 111,
1400 1890 1447 1938 p.
1470 1875 1593 1939 37o‚
1625 1880 1897 1942 suspicatur,
1928 1885 2179 1934 nonnullos

1158 1963 1329 2002 veteres
1344 1954 1644 2020 Babylonem
1665 1959 1866 2008 Romam
1891 1963 2056 2014 dixisse
2073 2002 2090 2027 ,
2123 1978 2177 2015 ut

1156 2035 1278 2084 hanc
1293 2054 1319 2083 a
1334 2052 1459 2085 nova
1490 2040 1653 2088 Roma
1669 2074 1688 2101 ‚
1716 2057 1820 2107 quae
1845 2044 1932 2093 fuit
1947 2046 2185 2097 'Constau-·

1158 2119 1372 2181 tinopolis
1392 2155 1406 2178 ‚
1443 2119 1774 2172 discernerent.

1221 2198 1290 2262 (ἢ)
1327 2200 1433 2248 Huc
1459 2201 1618 2250 referri
1650 2206 1817 2267 pariter
1848 2207 2015 2273 debet,
2048 2213 2174 2275 quod

1157 2280 1327 2345 legitur
1348 2282 1488 2331 Joan.
1506 2300 1586 2332 xxi
1606 2319 1621 2344 ,
1657 2284 1715 2333 18
1739 2321 1755 2350 ,
1780 2304 1865 2355 19,
1887 2290 2063 2341 dictum
2087 2290 2173 2344 Pe-

1155 2371 1226 2409 tro
1242 2381 1267 2410 a
1286 2363 1488 2413 Domino
1505 2381 1520 2412 ε
1538 2365 1723 2427 Amen,
1745 2384 1908 2431 amen,
1921 2371 2029 2422 dico
2045 2375 2137 2424 tibi
2153 2396 2172 2425 .-

1153 2460 1261 2492 oum
1282 2462 1401 2492 esses
1403 2448 1600 2512 junior,
1624 2450 1845 2514 cinqebas
1856 2460 1919 2517 te,
1933 2462 1980 2502 et
2001 2457 2177 2505 ambu-

1154 2523 1306 2587 labas,
1326 2526 1414 2575 ubi
1425 2527 1632 2591 volabo-⁹5
1646 2546 1753 2578 cum
1763 2541 1922 2580 autem
1939 2539 2169 2597 senueris,

1154 2608 1375 2657 emendes
1392 2626 1567 2658 manus
1582 2619 1708 2675 tuas,
1725 2622 1769 2661 et
1789 2613 1918 2664 alius
1932 2626 1976 2665 te
1990 2620 2168 2684 aimei,

1154 2697 1197 2737 et
1216 2690 1384 2751 ducet,
1413 2708 1504 2756 quo
1539 2700 1592 2740 tu
1620 2709 1722 2742 non
1744 2698 1835 2746 vis.
1870 2698 1980 2746 Hoc
2009 2710 2170 2750 autem

1153 2771 1282 2820 discit
1295 2776 1315 2836 (
1328 2774 1485 2821 subdit
1500 2773 1788 2841 Evangelista
1797 2780 1831 2842 ),
1849 2779 2135 2844 siqnificans
2146 2821 2163 2842 ,

1152 2871 1248 2919 qua
1282 2865 1429 2902 morte
1452 2864 1571 2903 esset
1597 2857 1953 2922 clarificaturus
1983 2862 2167 2916 Deum.

1154 2937 1272 2985 Cum
1300 2955 1406 2986 vero
1439 2938 1536 2987 haec
1567 2942 1796 3005 scripserit
1832 2942 2031 2994 Joannes
2069 2960 2170 3014 post

1158 3018 1276 3067 Petri
1308 3029 1505 3069 mortem
1542 3039 1620 3069 seu
1653 3024 2033 3080 crucifixionem.
2065 3047 2169 3096 qnae

1155 3105 1285 3167 juxta
1298 3097 1454 3150 omnia
1473 3102 1688 3152 historica
1714 3105 1989 3157 documenta
2012 3109 2170 3162 Romae
2248 3111 2252 3115 ’

1159 3186 1368 3248 contigit,
1388 3193 1527 3248 patet,
1549 3186 1715 3234 exinde
1730 3203 1902 3236 novum
1921 3207 2168 3256 argumen-

1161 3276 1261 3313 tum
1278 3265 1507 3314 biblieum
1525 3265 1687 3329 haberi
1710 3267 1767 3317 de
1791 3268 1909 3318 Petri
1924 3273 1974 3320 in
1995 3272 2168 3325 Urbem

1162 3347 1365 3395 adventu
1393 3358 1437 3396 et
1472 3350 1706 3413 martyrio.
1735 3348 1830 3398 Cfr.
1877 3350 2088 3404 Maldon.
2116 3359 2168 3405 in

1162 3430 1290 3478 hunc
1318 3430 1407 3478 loc.
1440 3446 1527 3478 nec
1557 3447 1651 3479 non
1677 3430 1943 3482 Mazochius
1962 3472 1976 3495 ‚
2006 3453 2082 3500 op.
2123 3449 2172 3487 et

1164 3512 1253 3560 loc.
1297 3513 1375 3559 cit.
1413 3503 1518 3575 pag.
1558 3510 1655 3560 213
1675 3546 1693 3574 ,
1711 3523 1769 3562 *et
1804 3516 1855 3562 in
1900 3514 2083 3566 comm.
2108 3519 2172 3566 ad

1166 3591 1379 3641 Kalend.
1409 3608 1584 3642 marm.
1615 3591 1819 3660 Neapol.
1852 3595 1911 3644 ad
1939 3610 2006 3662 29
2024 3596 2132 3647 Jun.

1862 3753 1943 3811 25
