2514 4218
347 183 462 241 112

956 206 1149 244 TRACT.
1201 206 1269 242 DE
1315 206 1467 245 Locls
1513 210 1886 249 THEOLOGICIS.

426 350 564 407 191.
614 348 703 407 Ad
752 350 873 425 2¹1²„
922 350 1079 407 Dist.
1144 349 1292 404 Ante
1341 346 1558 407 horum
1597 353 1974 412 arti-culorum
2027 332 2467 437 definitionem,

341 457 531 503 trans,
550 465 570 513 ,·
590 456 723 526 post
737 444 957 504 editam
987 441 1060 499 ab
1092 440 1340 500 Ecclesia
1375 441 1786 506 definitionem
1812 494 1830 523 .‚
1870 472 2000 531 neq.
2031 453 2121 510 Sic
2141 461 2465 533 negamus3

267 597 270 599 ,
342 542 400 599 S.
436 540 802 622 Stephanum
840 539 1151 597 damnasse
1183 538 1540 597 sententiam
1577 541 1635 597 S.
1666 542 1982 622 Cypriani3
2026 559 2264 608 tantum
2310 552 2472 610 enim

342 634 525 696 edidit
549 634 847 694 decretum
868 632 940 691 de
970 633 1261 693 servanda
1288 645 1521 715 recepta
1550 634 1613 692 in
1643 636 1888 697 Ecclesia
1917 642 2235 705 traditione
2254 692 2271 722 ‚
2300 647 2380 706 ita
2408 658 2475 706 ut

341 733 405 790 in
435 732 600 813 praxi
622 727 771 787 nihil
801 727 1044 788 deberet
1070 730 1363 790 innovari.
1397 731 1520 788 Imo
1544 729 1696 790 addo
1716 776 1733 806 ,
1772 755 1965 814 neque
2000 758 2334 818 expressam
2366 741 2475 801 hac

342 828 418 888 de
442 848 506 885 re
541 825 741 884 datam
779 846 901 884 esse
933 824 1339 885 definitionem
1381 826 1446 884 in
1490 826 1617 908 ipso
1651 828 1910 888 ‚Con-cilio
1951 828 2184 892 Nicaeno
2211 879 2228 908 .,
2268 847 2334 894 ut
2369 859 2474 896 suo

341 923 466 982 loco
501 921 863 980 ostendimus
895 922 1009 1001 (1).

428 1020 566 1078 192.
615 1020 706 1078 Ad
745 1019 862 1094 3¹¹¹ae
899 1022 1061 1079 Dist.
1119 1020 1326 1078 Errore
1367 1019 1506 1078 facti
1539 1019 1870 1080 invincibili
1911 1021 2182 1104 decepti,
2227 1037 2287 1084 et
2334 1026 2478 1108 quin

342 1115 663 1199 peculiares
692 1126 877 1175 coetus
911 1115 1129 1173 faciant
1171 1115 1392 1175 divisos
1435 1114 1509 1174 ab
1555 1115 1801 1176 Ecclesia
1855 1119 2207 1196 universali,
2258 1143 2421 1184 conc.
2448 1149 2475 1198 ‚-

343 1234 537 1273 errore
567 1211 831 1272 vincibili
855 1222 915 1271 et
938 1233 1043 1293 per
1066 1222 1255 1271 coetus
1281 1210 1600 1294 peculiares
1638 1226 2010 1293 segregantes
2037 1237 2098 1275 se
2120 1214 2195 1275 ab
2231 1217 2478 1278 Ecclesia

342 1307 704 1383 universali,
751 1330 879 1388 neq.
931 1309 1002 1366 Et
1049 1306 1259 1367 exinde
1310 1308 1614 1389 responsio
1651 1320 1815 1389 patet
1865 1310 1940 1368 ad
1984 1310 2324 1391 exemplum
2370 1312 2481 1372 ad·

345 1405 588 1464 ductum
616 1426 687 1463 ex
715 1403 1162 1463 occidentalium
1188 1402 1584 1462 obluctatione
1615 1403 1678 1462 in
1706 1404 2074 1465 admittenda
2098 1407 2479 1469 damnatione

345 1502 525 1561 trium
555 1500 947 1583 capitulorum
972 1500 1179 1558 emissa
1209 1521 1240 1558 a
1272 1497 1531 1558 Concilio
1554 1501 1917 1560 oecumenico
1955 1503 2024 1560 V.
2067 1503 2268 1563 Plures
2299 1504 2482 1586 siqui-

345 1597 483 1658 dem
522 1596 596 1656 ab
630 1598 798 1656 initio
839 1618 1033 1656 errore
1065 1594 1393 1659 invincibili
1433 1594 1662 1677 decepti
1711 1597 1897 1657 varias
1939 1597 2015 1657 ob
2053 1621 2285 1677 causaS‚
2337 1622 2481 1684 quas

346 1695 438 1754 hic
461 1716 585 1752 non
611 1704 776 1755 vacat
800 1713 1101 1752 recensere
1121 1737 1138 1767 a
1165 1689 1516 1751 recusabant
1547 1712 1672 1751 sese
1695 1691 1984 1771 subjicere
2015 1694 2100 1753 illi
2126 1694 2478 1772 definitioni,

346 1812 456 1851 nec
489 1803 691 1849 tamen
733 1799 1082 1871 separarunt
1109 1809 1168 1847 se
1192 1786 1267 1847 ab
1302 1785 1586 1860 Ecclesia3
1627 1799 1828 1868 postea
1855 1811 2021 1864 vero,
2058 1811 2191 1849 cum
2219 1813 2312 1851 res
2346 1793 2483 1851 satis

346 1887 603 1968 eliquata
632 1896 785 1945 esset
805 1930 820 1959 ,
860 1885 1190 1966 pervicaces
1224 1884 1285 1941 in
1333 1904 1511 1942 sensu
1543 1903 1648 1940 suo
1690 1883 1870 1945 veluti
1912 1885 2263 1944 schismatici
2292 1886 2484 1945 habiti

347 1994 517 2056 sunt.
567 2004 675 2041 nec
713 1982 825 2039 nisi
866 1992 997 2062 post
1033 1980 1255 2062 aliquot
1294 1978 1623 2038 seculorum
1651 1989 1908 2039 tractum
1947 1981 2303 2041 reconciliati
2345 1993 2487 2042 sunt

349 2102 481 2139 cum
534 2077 782 2137 Ecclesia
830 2088 1006 2158 atque
1049 2077 1111 2134 in
1156 2076 1635 2136 communionem
1684 2078 1904 2158 recepti
1932 2123 1947 2152 7
1993 2081 2217 2155 ejurata
2266 2098 2485 2161 nempe

347 2176 509 2258 prius
547 2174 785 2256 propria
834 2172 1163 2247 sententia⁷
1207 2183 1265 2231 et
1299 2171 1553 2231 admisso
1591 2171 1747 2231 illius
1799 2173 2041 2232 Concilii
2084 2173 2321 2233 decreto
2366 2175 2479 2255 (2).

352 2271 515 2331 Idem
546 2269 786 2348 contigit
821 2269 968 2328 circa
1005 2268 1332 2327 Concilium
1372 2269 1673 2328 Nicaenum
1701 2270 1787 2343 ΙΙ,
1816 2273 1977 2347 cujus
1997 2270 2258 2350 genuina
2286 2281 2488 2330 mente

349 2367 612 2439 detecta,
652 2364 726 2423 ab
763 2363 1036 2423 omnibus
1091 2363 1549 2423 occidentalibus
1604 2366 1911 2424 Germanis
1954 2376 2019 2425 et
2071 2365 2250 2425 Gallis
2305 2365 2488 2427 veluti

349 2462 776 2523 oecumenicum
815 2460 1087 2519 habitum
1130 2472 1217 2518 est
1261 2459 1375 2540 (3).
1419 2460 1625 2534 Quoad
1663 2462 1988 2521 Concilium
2033 2461 2441 2521 Florentinum
2467 2508 2482 2536 ,

350 2558 488 2618 licet
511 2580 543 2616 a
581 2556 884 2616 nonnullis
936 2555 1232 2636 gallicanis
1268 2556 1343 2614 ad
1378 2568 1615 2639 tempus
1661 2557 1931 2617 eamdem
1962 2556 2037 2615 01)
2067 2555 2299 2615 causam
2346 2556 2488 2616 sub-

420 2752 487 2815 (l)
527 2750 584 2798 In
607 2759 736 2798 tract.
765 2746 836 2796 De
865 2764 1076 2797 sacram.
1099 2750 1157 2795 in
1171 2763 1343 2811 yenere
1362 2783 1376 2811 ‚
1469 2747 1718 2812 Episcopos
1762 2747 1901 2796 Istriae
1930 2786 1943 2809 ‚
1978 2765 2034 2797 ac
2063 2751 2113 2796 in
2154 2766 2316 2814 genere
2350 2757 2485 2797 auto-

348 2852 452 2900 cap.
478 2834 507 2882 3
521 2872 538 2894 ,
564 2850 698 2899 prop.
717 2848 754 2894 1,
771 2848 908 2879 num.
944 2846 959 2878 ι
978 2847 1036 2897 19
1055 2839 1249 2896 etqseqq.
1467 2829 1684 2895 cepha-los
1705 2841 1993 2895 nuncupatos
2008 2867 2024 2892 ,
2054 2849 2156 2880 vere
2174 2831 2488 2880 schismaticos

418 2916 486 2983 (2)
525 2916 624 2966 Cfr.
669 2916 727 2964 de
765 2914 856 2963 hoc
886 2922 1159 2979 argumento
1200 2912 1373 2960 Christ.

352 2998 510 3064 Lupus
548 3038 560 3058 ‚
622 3000 804 3048 dissert.
872 2994 943 3044 De
982 2997 1155 3061 quinta
1196 2994 1376 3059 synodo

349 3082 566 3146 qenerali
589 3118 604 3141 ‚
643 3093 759 3130 tom.
787 3097 854 3140 ιι,
890 3097 992 3145 pag.
1035 3076 1129 3127 165
1170 3090 1213 3126 et
1239 3096 1372 3144 seqq.

352 3183 459 3230 opp.
491 3166 604 3213 edit.
636 3165 807 3214 Venet.
853 3161 1016 3227 17243
1052 3162 1330 3210 Sirmondus
1359 3199 1371 3220 ‚

351 3250 402 3295 in
447 3247 774 3313 Propemptici
804 3247 890 3296 lib.
931 3263 998 3308 n,
1030 3262 1133 3310 cap.
1172 3261 1220 3310 7.
1262 3262 1372 3309 opp.

352 3331 461 3379 edit.
496 3329 641 3377 Paris.
675 3328 830 3397 1696,
862 3341 978 3380 tom.
1009 3347 1079 3389 lv,
1115 3325 1209 3376 col.
1239 3324 1373 3387 216;

355 3414 583 3477 praecipue
614 3431 720 3461 vero
761 3413 901 3470 Card,
937 3411 1147 3460 Not-isius
1169 3448 1181 3470 ‚
1213 3412 1294 3476 qui
1321 3411 1373 3457 in

352 3492 700 3544 Dissertatione
714 3495 943 3546 historica
966 3494 1023 3543 de
1038 3492 1217 3558 synodo
1234 3493 1373 3556 quin-

352 3587 430 3636 ta,
474 3573 576 3643 cap.
619 3593 683 3643 9,
720 3574 784 3642 §1
818 3588 865 3626 et
900 3595 1029 3643 seqq.
1058 3576 1238 3625 erudite
1274 3592 1372 3622 rem

354 3665 565 3709 universe
579 3669 757 3717 tractat,
776 3677 885 3724 opp.
900 3659 1197 3708 edit.Veron.
1221 3673 1237 3703 1
1249 3672 1367 3722 729,

356 3754 472 3795 tom.
502 3763 517 3794 1
540 3783 552 3806 ‚
587 3744 677 3794 col.
709 3741 809 3808 675
843 3759 978 3810 seqq.
1029 3744 1110 3792 ubi
1147 3742 1364 3802 ostendit,

1469 2912 1639 2973 fuisse,
1668 2924 1806 2979 atque
1828 2913 1886 2962 ab
1904 2913 2111 2962 Ecclesia
2141 2916 2352 2963 universa
2366 2914 2486 2963 divi-

1469 3012 1540 3042 sos
1573 3006 1790 3061 extraque
1819 2999 1941 3044 viam
1982 2997 2140 3044 salutis
2181 2999 2487 3055 constitutos,

1469 3098 1555 3130 nec
1614 3080 1835 3128 admissos
1875 3081 1934 3128 ad
1967 3082 2194 3128 unitatem
2236 3097 2362 3138 esse,
2397 3081 2487 3128 nisi

1467 3162 1696 3229 praemissa
1735 3161 1934 3210 formula
1981 3164 2043 3210 eis
2091 3180 2116 3209 a
2169 3160 2218 3210 S.
2266 3159 2485 3227 Gregorio

1477 3245 1544 3294 M.
1576 3245 1829 3310 proposita.

1538 3327 1605 3390 (3)
1641 3327 1741 3375 Cfr.
1764 3325 1856 3376 Ch.
1881 3324 2040 3389 Lupus
2060 3327 2111 3372 in
2138 3325 2248 3374 diss.
2286 3324 2365 3373 De
2380 3341 2487 3391 sep-

1466 3412 1586 3459 tima
1620 3408 1801 3475 synodo
1823 3405 2052 3472 9evwraIi,
2074 3424 2177 3473 cap.
2218 3405 2276 3455 15
2296 3417 2340 3457 et
2357 3425 2485 3474 seqq.

1465 3513 1574 3562 opp.
1611 3494 1724 3542 edit.
1763 3494 1848 3540 cit.
1880 3502 1994 3539 tom.
2018 3508 2070 3538 111
2093 3509 2106 3554 3
2134 3507 2221 3540 nec
2249 3509 2345 3539 non
2375 3490 2486 3540 Nat.

1465 3576 1699 3626 Alexand.
1735 3576 1845 3623 diss.
1887 3590 1939 3622 111
1980 3577 2030 3622 in
2060 3591 2151 3624 sec.
2199 3589 2280 3623 vm
2305 3612 2318 3634 ‚
2348 3583 2488 3638 atque

1466 3661 1577 3707 diss.
1616 3673 1665 3707 v1
1686 3694 1702 3720 ,
1733 3657 1847 3706 ibid.
1870 3654 1895 3722 §
1917 3673 1943 3722 7
1970 3675 2101 3723 seqq.
2125 3655 2339 3705 adversus
2371 3653 2485 3702 Dal-

1463 3741 1627 3789 laeum.
