2514 4218
266 155 387 216 264
889 174 1093 212 'rnAc-r.
1137 173 1207 212 m:
1249 174 1399 214 Locis
1442 174 1820 218 mnozocicis.

274 324 431 383 bisce
465 317 850 402 temporibus·
877 318 945 376 20
969 315 1235 376 Profecto
1261 317 1464 375 Patres
1490 317 1604 376 Leo
1629 319 1710 378 Μ.
1728 320 1836 402 (1)
1860 366 1876 394 ,
1909 320 2169 402 Pelagius
2200 322 2251 382 11
2273 321 2362 404 (2)
2382 371 2399 400 7

273 415 583 498 Gregorius
621 417 700 476 M.
748 415 837 493 (3)
863 457 879 486 7
918 410 1132 492 aliique
1173 412 1393 493 passim
1437 414 1737 477 communi
1779 416 1997 476 calculo
2040 417 2407 495 docuerunt,

271 513 392 574 sola
422 511 537 572 fide
555 521 796 591 excepta
821 553 837 581 a
857 528 1026 589 posse
1049 507 1376 581 retractari,
1403 505 1692 589 quidquid
1714 507 1774 566 in
1804 511 2070 572 Conciliis
2096 514 2397 573 definitur.

272 611 338 671 30
365 611 553 691 Atque
588 607 725 665 hinc
758 603 977 662 factum
1013 614 1132 677 est,
1172 615 1239 663 ut
1275 604 1627 686 posteriores
1666 602 1783 663 duo
1827 606 2136 668 Pontifices
2168 632 2200 668 a
2233 632 2406 669 com-

272 706 553 767 munione
580 699 827 759 minime
858 701 1261 782 separaverint
1303 722 1434 775 eos7
1478 700 1580 782 qui
1616 698 1961 760 abnuebant
1999 703 2404 766 definitionem

269 799 509 863 Concilii
535 795 882 856 oecumenici
920 798 963 855 V
999 796 1148 856 circa
1180 797 1290 855 tria
1331 796 1605 879 capitula.
1647 794 1716 854 40
1743 796 1919 876 Cujus
1965 797 2205 880 quidem
2233 804 2406 864 avitae

267 896 404 956 fidei
430 890 705 973 exemplo
743 903 881 951 sunt
912 914 1150 973 prorsus
1185 892 1582 966 ineluctabili,
1619 891 1777 952 inter
1813 902 2070 969 caet-OS,
2111 895 2408 957 Bellarmi·

264 1012 378 1051 nus
415 1001 475 1048 et
508 987 789 1047 Baronius
813 1033 829 1060 .‚
859 1010 1114 1069 quorum
1144 989 1330 1070 prior,
1359 987 1606 1071 loquens
1635 987 1708 1048 de
1747 987 2127 1051 damnatione
2165 993 2407 1053 Honorii

263 1089 411 1147 facta
439 1085 503 1143 in
533 1095 695 1144 sexta
723 1084 992 1164 Synod0‚
1032 1082 1302 1166 pluribus
1334 1083 1528 1144 allatis
1559 1085 1623 1143 in
1660 1089 1782 1163 ejus
1818 1084 2219 1148 defensionem
2239 1135 2255 1164 7
2301 1089 2409 1149 de-

263 1204 431 1242 mum
462 1178 760 1240 concludit
791 1202 804 1238 :
848 1180 1024 1259 Quod
1057 1183 1114 1239 si
1147 1182 1380 1260 aliquis
1413 1202 1536 1240 non
1562 1186 1757 1261 possit
1799 1182 2062 1253 adduci,
2102 1195 2173 1242 ut
2206 1187 2412 1244 credat

260 1289 617 1358 corruptam
649 1287 878 1335 sextam
912 1275 1227 1355 Synodum
1242 1318 1265 1348 ,
1306 1280 1361 1336 is
1403 1279 1673 1357 accipiat
1712 1279 1968 1336 alteram
2008 1280 2400 1354 solutionem,

260 1398 398 1457 quoe
431 1385 516 1433 est
541 1374 807 1433 Joannis
836 1394 875 1431 a
917 1368 1386 1431 Turrecremata
1399 1415 1421 1445 ,
1446 1374 1555 1431 lib.
1587 1373 1669 1433 II
1675 1418 1692 1450 ‚
1723 1374 1792 1431 de
1815 1374 2090 1434 Ecclesia
2108 1419 2125 1451 ,
2144 1398 2277 1456 cap.
2301 1377 2411 1456 93,

262 1477 378 1552 qui
402 1472 590 1539 docet,
618 1469 835 1527 Patres
879 1467 972 1528 VI
998 1468 1235 1549 Synodi
1263 1470 1585 1528 damnasse
1607 1470 1850 1549 quidem
1891 1471 2275 1542 Honor-ium,
2310 1474 2416 1533 sed

260 1590 332 1628 ea·
348 1569 513 1647 falsa
535 1567 969 1645 informatione
985 1612 1002 1635 ,
1033 1587 1106 1624 ac
1120 1566 1384 1646 proinde
1402 1567 1468 1624 in
1490 1587 1551 1625 eo
1561 1567 1811 1645 judicio
1835 1588 2083 1627 errasse.
2118 1570 2412 1650 Quamvis

263 1668 428 1725 enim
447 1664 723 1744 generale
758 1662 1097 1722 Concilium
1133 1664 1474 1743 leqitimum
1497 1685 1618 1723 non
1634 1669 1833 1743 possit
1852 1686 2058 1723 errare
2075 1708 2093 1740 ‚
2126 1677 2199 1724 ut
2224 1689 2413 1746 neque

261 1763 492 1821 erravit
538 1760 644 1818 lzoc
701 1771 933 1819 sea-tum
949 1802 971 1832 ,
1021 1764 1091 1818 in
1143 1760 1528 1840 doymatibus
1567 1760 1722 1837 fidei
1763 1760 2159 1839 definiendis,
2206 1773 2410 1821 tamen

259 1879 470 1918 errare
488 1865 680 1936 potest
716 1858 787 1914 in
831 1857 1270 1935 quaestionibus
1308 1857 1378 1913 de
1411 1858 1599 1934 facto,
1639 1857 1854 1935 Itaque
1883 1867 2010 1915 tuto
2043 1858 2238 1916 dicere
2265 1879 2411 1936 pos-

259 1974 503 2023 sumus,
532 1953 632 2011 hos
644 1963 855 2031 patres
877 1952 1138 2031 deceptos
1167 1973 1239 2010 ea'
1262 1953 1443 2030 falsis
1467 1952 1824 2010 rumoribus
1841 1998 1857 2021 ,
1883 1963 1939 2010 et
1957 1974 2083 2011 non
2105 1955 2412 2012 intellectis

260 2050 533 2108 Honorii
557 2049 818 2127 epistolis
838 2094 855 2117 ,
887 2050 1191 2105 immerito
1215 2068 1358 2106 cum
1389 2046 1688 2106 haereticis
1718 2069 2183 2106 connumerasse
2204 2048 2276 2107 H
2274 2069 2410 2107 ono-

259 2151 432 2206 rium
480 2144 592 2223 (4).
654 2143 817 2203 Alter
857 2166 1031 2217 ver0,
1082 2165 1299 2227 nempe
1341 2144 1665 2218 BaroniuS‚
1716 2165 1850 2202 cum
1893 2155 1953 2203 et
1996 2144 2123 2226 ipse
2170 2144 2407 2226 longam

258 2242 538 2302 texuisset
566 2239 829 2319 ejusdem
870 2240 1116 2300 Honorii
1152 2240 1478 2322 apologiam
1498 2285 1514 2316 ,
1555 2239 1796 2300 tandem
1832 2240 2130 2300 concludit
2163 2264 2177 2300 :
2208 2244 2291 2302 Iol
2317 2247 2408 2324 ip·

258 2359 396 2398 sum
422 2338 683 2395 dixerim
713 2339 784 2394 in
818 2340 899 2395 iis
921 2381 937 2408 ,
970 2358 1104 2415 quoe
1127 2338 1411 2417 adsident
1441 2347 1740 2417 spectant,
1775 2348 1847 2396 ‘ut
1877 2339 2059 2416 plane
2090 2341 2299 2419 reliqio
2332 2342 2411 2399 sit

261 2435 351 2494 vel
389 2434 580 2493 latum
618 2454 884 2513 unquem
924 2434 1004 2492 ab
1038 2435 1117 2492 iis
1138 2477 1159 2505 ,
1184 2455 1322 2512 quoe
1360 2439 1429 2492 in
1467 2445 1680 2493 sancta
1706 2435 1945 2513 Synodo
1978 2446 2124 2493 sunt
2152 2446 2401 2510 statuta,

257 2531 556 2597 recedere5
589 2540 656 2588 at
676 2533 745 2587 in
779 2533 884 2599 iis,
912 2552 1046 2609 quae
1081 2529 1170 2588 ad
1187 2551 1482 2608 personas
1512 2534 1829 2608 pertinent
1870 2540 1927 2586 et
1961 2532 2189 2608 scripta
2234 2533 2403 2609 ipso-

257 2648 403 2685 rum
416 2669 438 2699 ,
485 2647 604 2695 non
645 2629 733 2683 ica
762 2627 960 2706 riyide
989 2630 1303 2703 reperitur
1338 2626 1632 2686 custodita
1665 2645 1947 2682 censura.
1983 2624 2156 2684 Nam
2186 2638 2406 2705 patens

258 2724 597 2803 eoeemplum
625 2732 709 2780 esc
733 2722 803 2780 de
844 2721 900 2781 V
919 2722 1155 2800 Synodo
1167 2763 1189 2792 ,
1224 2742 1357 2799 quoe
1392 2724 1518 2779 tria
1553 2721 1822 2799 capitula
1850 2721 2304 2799 condemnavit,
2334 2724 2406 2781 cle

257 2820 480 2898 quibus
500 2841 540 2877 a
561 2828 939 2878 sacrosancto
969 2816 1231 2876 Concilio
1258 2816 1724 2877 Chalcedonensi
1749 2816 1950 2875 videri
1956 2827 2204 2895 poterat
2224 2820 2406 2876 aliter

257 2926 493 2984 actum,
536 2937 741 2993 nempe
778 2915 849 2973 de
888 2913 1184 2974 Theodoro
1208 2956 1230 2985 ,
1290 2912 1640 2972 Theodoreto
1679 2922 1735 2970 et
1774 2912 1911 2971 Iba.
1948 2912 2030 2971 Iu
2069 2913 2165 2971 ln‘s
2203 2915 2399 2983 enim,

258 3032 394 3089 quoe
418 3014 581 3089 facti
599 3022 783 3084 sunt,
819 3015 1159 3089 continqere
1171 3030 1342 3088 posse
1361 3055 1377 3085 ,
1408 3019 1479 3068 ut
1505 3030 1668 3067 unus
1699 3012 1948 3087 quisque
1971 3009 2258 3085 fallatur,
2294 3031 2401 3067 ne-

259 3109 422 3164 mini
451 3109 709 3167 dubium
748 3119 848 3167 est.
902 3108 990 3167 Et
1027 3118 1175 3165 tunc
1213 3107 1378 3164 illud
1416 3106 1614 3164 Pauli
1645 3104 1732 3162 ad
1777 3103 2046 3163 Corinth.
2096 3108 2403 3184 usurpari

255 3213 447 3282 posset
472 3224 485 3260 z
516 3204 655 3263 Non
683 3209 846 3263 enim
865 3223 1189 3284 possumus
1220 3202 1468 3281 aliquid
1486 3202 1775 3259 adversus
1798 3200 2129 3275 veritatem,
2160 3202 2266 3258 sed
2274 3222 2394 3280 pro

325 3367 393 3430 (1)
431 3365 595 3433 Epist.
617 3382 721 3416 cxlx
741 3406 753 3427 ‚
778 3369 843 3417 ad
860 3366 1138 3418 Maximum
1159 3364 1270 3414 An·
1426 3366 1491 3431 (3)
1524 3365 1689 3432 Epist.
1719 3383 1781 3424 11,
1813 3365 1877 3412 ad
1910 3364 2162 3414 Constant.
2198 3365 2390 3414 Medio-

253 3448 399 3499 tioch.
430 3466 535 3513 cap.
577 3446 640 3507 5,
680 3449 800 3498 edit.
830 3451 1049 3500 Ballerin.
1356 3449 1455 3499 lan.
1492 3449 1605 3498 edit.
1639 3448 1788 3497 Maur.
1822 3459 1937 3499 tom.
1970 3466 2034 3509 11,
2068 3450 2157 3499 col.
2191 3447 2310 3498 683.

325 3532 389 3596 (2)
421 3530 586 3597 Epist.
628 3548 694 3591 ιι,
740 3532 804 3578 ad
847 3530 1019 3582 Eliom
1056 3528 1268 3596 Aquiley'.
1428 3530 1497 3597 (lv)
1544 3531 1627 3579 De
1677 3548 1864 3580 summo
1926 3532 2097 3597 Pontf.
2159 3531 2243 3580 lib.
2295 3548 2341 3580 ιν
2370 3568 2383 3587 ,

248 3614 424 3664 etalios
437 3610 936 3681 Episcop.1strioe‚in
954 3615 1070 3666 Act.
1092 3613 1275 3665 Concil.
1363 3631 1467 3680 cap.
1520 3629 1596 3663 ιι.

247 3697 464 3764 Labbaei,
498 3710 610 3750 tom.
647 3715 694 3766 V,
726 3699 817 3750 col.
847 3696 968 3751 631.
