<?xml version="1.0" encoding="UTF-8"?>
<!DOCTYPE html PUBLIC "-//W3C//DTD XHTML 1.0 Transitional//EN"
    "http://www.w3.org/TR/xhtml1/DTD/xhtml1-transitional.dtd">
<html xmlns="http://www.w3.org/1999/xhtml" xml:lang="en" lang="en">
 <head>
  <title>
</title>
<meta http-equiv="Content-Type" content="text/html;charset=utf-8" />
  <meta name='ocr-system' content='tesseract 3.04.00' />
  <meta name='ocr-capabilities' content='ocr_page ocr_carea ocr_par ocr_line ocrx_word'/>
</head>
<body>
  <div class='ocr_page' id='page_1' title='image "a603693808perruoft_0480.png"; bbox 0 0 2514 4218; ppageno 0'>
   <div class='ocr_carea' id='block_1_1' title="bbox 284 147 402 207">
    <p class='ocr_par' dir='ltr' id='par_1_1' title="bbox 284 147 402 207">
     <span class='ocr_line' id='line_1_1' title="bbox 284 147 402 207; baseline 0 0"><span class='ocrx_word' id='word_1_1' title='bbox 284 147 402 207; x_wconf 79' lang='lat'>468</span> 
     </span>
    </p>
   </div>
   <div class='ocr_carea' id='block_1_2' title="bbox 867 158 1815 203">
    <p class='ocr_par' dir='ltr' id='par_1_2' title="bbox 867 158 1815 203">
     <span class='ocr_line' id='line_1_2' title="bbox 867 158 1815 203; baseline -0.004 -1"><span class='ocrx_word' id='word_1_2' title='bbox 867 163 1070 203; x_wconf 75' lang='lat' dir='ltr'>·&#39;rnAc·r.</span> <span class='ocrx_word' id='word_1_3' title='bbox 1122 162 1190 198; x_wconf 78' lang='grc' dir='ltr'>ΒΕ</span> <span class='ocrx_word' id='word_1_4' title='bbox 1234 160 1387 199; x_wconf 74' lang='lat' dir='ltr'>Locls</span> <span class='ocrx_word' id='word_1_5' title='bbox 1430 158 1815 198; x_wconf 69' lang='lat' dir='ltr'><strong>THEOLOGICIS.</strong></span> 
     </span>
    </p>
   </div>
   <div class='ocr_carea' id='block_1_3' title="bbox 277 303 2425 1925">
    <p class='ocr_par' dir='ltr' id='par_1_3' title="bbox 277 303 2425 1925">
     <span class='ocr_line' id='line_1_3' title="bbox 372 303 2422 389; baseline -0.001 -19"><span class='ocrx_word' id='word_1_6' title='bbox 372 309 513 370; x_wconf 81' lang='lat'><strong>685.</strong></span> <span class='ocrx_word' id='word_1_7' title='bbox 568 310 755 389; x_wconf 84' lang='lat' dir='ltr'><strong>Atque</strong></span> <span class='ocrx_word' id='word_1_8' title='bbox 791 305 930 364; x_wconf 87' lang='lat' dir='ltr'>hinc</span> <span class='ocrx_word' id='word_1_9' title='bbox 974 306 1195 363; x_wconf 85' lang='lat' dir='ltr'>factum</span> <span class='ocrx_word' id='word_1_10' title='bbox 1235 314 1360 376; x_wconf 88' lang='lat' dir='ltr'>est7</span> <span class='ocrx_word' id='word_1_11' title='bbox 1410 313 1479 360; x_wconf 93' lang='lat' dir='ltr'>ut</span> <span class='ocrx_word' id='word_1_12' title='bbox 1521 303 1728 386; x_wconf 89' lang='lat' dir='ltr'>quovis</span> <span class='ocrx_word' id='word_1_13' title='bbox 1769 313 2038 385; x_wconf 90' lang='lat' dir='ltr'>tempore</span> <span class='ocrx_word' id='word_1_14' title='bbox 2080 304 2422 384; x_wconf 82' lang='lat' dir='ltr'>dogmaticae</span> 
     </span>
     <span class='ocr_line' id='line_1_4' title="bbox 284 397 2423 480; baseline -0.001 -14"><span class='ocrx_word' id='word_1_15' title='bbox 284 405 676 468; x_wconf 89' lang='lat' dir='ltr'>Conciliorum</span> <span class='ocrx_word' id='word_1_16' title='bbox 713 401 1210 462; x_wconf 73' lang='lat' dir='ltr'>oecumenicorum</span> <span class='ocrx_word' id='word_1_17' title='bbox 1249 399 1580 458; x_wconf 83' lang='lat' dir='ltr'>sanctiones</span> <span class='ocrx_word' id='word_1_18' title='bbox 1615 397 1836 480; x_wconf 83' lang='lat' dir='ltr'><strong>absque</strong></span> <span class='ocrx_word' id='word_1_19' title='bbox 1877 399 1995 459; x_wconf 91' lang='lat' dir='ltr'>ulla</span> <span class='ocrx_word' id='word_1_20' title='bbox 2028 405 2423 464; x_wconf 87' lang='lat' dir='ltr'>controversia</span> 
     </span>
     <span class='ocr_line' id='line_1_5' title="bbox 282 493 2424 581; baseline -0.002 -18"><span class='ocrx_word' id='word_1_21' title='bbox 282 526 387 563; x_wconf 92' lang='lat' dir='ltr'>ceu</span> <span class='ocrx_word' id='word_1_22' title='bbox 426 500 675 561; x_wconf 85' lang='lat' dir='ltr'>totidem</span> <span class='ocrx_word' id='word_1_23' title='bbox 705 498 839 557; x_wconf 89' lang='lat' dir='ltr'>fidei</span> <span class='ocrx_word' id='word_1_24' title='bbox 872 495 1102 556; x_wconf 83' lang='lat' dir='ltr'>articuli</span> <span class='ocrx_word' id='word_1_25' title='bbox 1125 493 1341 554; x_wconf 88' lang='lat' dir='ltr'>habitae</span> <span class='ocrx_word' id='word_1_26' title='bbox 1367 494 1624 569; x_wconf 89' lang='lat' dir='ltr'>fuerint7</span> <span class='ocrx_word' id='word_1_27' title='bbox 1657 505 1832 576; x_wconf 87' lang='lat' dir='ltr'>atque</span> <span class='ocrx_word' id='word_1_28' title='bbox 1867 495 1958 555; x_wconf 93' lang='lat' dir='ltr'>u-ti</span> <span class='ocrx_word' id='word_1_29' title='bbox 1997 495 2255 558; x_wconf 83' lang='lat' dir='ltr'>haeretici</span> <span class='ocrx_word' id='word_1_30' title='bbox 2278 521 2424 581; x_wconf 89' lang='lat' dir='ltr'>spe-</span> 
     </span>
     <span class='ocr_line' id='line_1_6' title="bbox 282 589 2425 673; baseline -0.001 -15"><span class='ocrx_word' id='word_1_31' title='bbox 282 599 423 659; x_wconf 90' lang='lat' dir='ltr'>ctati</span> <span class='ocrx_word' id='word_1_32' title='bbox 448 596 532 655; x_wconf 93' lang='lat' dir='ltr'>illi</span> <span class='ocrx_word' id='word_1_33' title='bbox 574 615 811 662; x_wconf 84' lang='lat' dir='ltr'>omneS,</span> <span class='ocrx_word' id='word_1_34' title='bbox 845 592 947 673; x_wconf 90' lang='lat' dir='ltr'>qui</span> <span class='ocrx_word' id='word_1_35' title='bbox 983 590 1221 650; x_wconf 91' lang='lat' dir='ltr'>illorum</span> <span class='ocrx_word' id='word_1_36' title='bbox 1246 589 1686 650; x_wconf 87' lang='lat' dir='ltr'>definitionibus</span> <span class='ocrx_word' id='word_1_37' title='bbox 1726 591 2091 672; x_wconf 85' lang='lat' dir='ltr'>acquiescere</span> <span class='ocrx_word' id='word_1_38' title='bbox 2139 593 2425 656; x_wconf 83' lang='lat' dir='ltr'>detrecta-</span> 
     </span>
     <span class='ocr_line' id='line_1_7' title="bbox 281 686 2423 775; baseline -0 -22"><span class='ocrx_word' id='word_1_39' title='bbox 281 705 442 753; x_wconf 87' lang='lat' dir='ltr'>runt.</span> <span class='ocrx_word' id='word_1_40' title='bbox 474 692 565 750; x_wconf 90' lang='lat' dir='ltr'>Sic</span> <span class='ocrx_word' id='word_1_41' title='bbox 592 700 722 771; x_wconf 90' lang='lat' dir='ltr'>post</span> <span class='ocrx_word' id='word_1_42' title='bbox 756 687 1071 747; x_wconf 89' lang='lat' dir='ltr'>Nicoenum</span> <span class='ocrx_word' id='word_1_43' title='bbox 1109 686 1436 746; x_wconf 87' lang='lat' dir='ltr'>Concilium</span> <span class='ocrx_word' id='word_1_44' title='bbox 1477 686 1674 767; x_wconf 82' lang='lat' dir='ltr'>Ariani</span> <span class='ocrx_word' id='word_1_45' title='bbox 1701 731 1718 758; x_wconf 90' lang='lat'>‚</span> <span class='ocrx_word' id='word_1_46' title='bbox 1757 697 1890 769; x_wconf 82' lang='lat' dir='ltr'>post</span> <span class='ocrx_word' id='word_1_47' title='bbox 1921 688 2423 775; x_wconf 90' lang='lat' dir='ltr'>Constantinopo-</span> 
     </span>
     <span class='ocr_line' id='line_1_8' title="bbox 281 782 2423 866; baseline -0.001 -17"><span class='ocrx_word' id='word_1_48' title='bbox 281 790 533 849; x_wconf 88' lang='lat' dir='ltr'>litanum</span> <span class='ocrx_word' id='word_1_49' title='bbox 580 782 982 844; x_wconf 86' lang='lat' dir='ltr'>Macedoniani</span> <span class='ocrx_word' id='word_1_50' title='bbox 1008 828 1024 857; x_wconf 89' lang='lat'>7</span> <span class='ocrx_word' id='word_1_51' title='bbox 1057 793 1192 864; x_wconf 85' lang='lat' dir='ltr'>post</span> <span class='ocrx_word' id='word_1_52' title='bbox 1242 782 1608 865; x_wconf 89' lang='lat' dir='ltr'>Ephesinum</span> <span class='ocrx_word' id='word_1_53' title='bbox 1664 783 2030 860; x_wconf 83' lang='lat' dir='ltr'>Nestoriani7</span> <span class='ocrx_word' id='word_1_54' title='bbox 2078 785 2423 866; x_wconf 75' lang='lat' dir='ltr'>Eutychiani</span> 
     </span>
     <span class='ocr_line' id='line_1_9' title="bbox 280 879 2423 969; baseline -0.001 -25"><span class='ocrx_word' id='word_1_55' title='bbox 280 896 413 969; x_wconf 85' lang='lat' dir='ltr'>post</span> <span class='ocrx_word' id='word_1_56' title='bbox 440 880 916 942; x_wconf 86' lang='lat' dir='ltr'>Chalcedonense</span> <span class='ocrx_word' id='word_1_57' title='bbox 933 924 950 954; x_wconf 85' lang='lat'>7</span> <span class='ocrx_word' id='word_1_58' title='bbox 983 879 1137 938; x_wconf 86' lang='lat' dir='ltr'>etita</span> <span class='ocrx_word' id='word_1_59' title='bbox 1160 901 1356 961; x_wconf 90' lang='lat' dir='ltr'>porr0.</span> <span class='ocrx_word' id='word_1_60' title='bbox 1391 879 1521 938; x_wconf 87' lang='lat' dir='ltr'>Jam</span> <span class='ocrx_word' id='word_1_61' title='bbox 1552 899 1692 938; x_wconf 88' lang='lat' dir='ltr'>vero</span> <span class='ocrx_word' id='word_1_62' title='bbox 1718 879 1830 936; x_wconf 90' lang='lat' dir='ltr'>nisi</span> <span class='ocrx_word' id='word_1_63' title='bbox 1855 890 2086 939; x_wconf 88' lang='lat' dir='ltr'>certum</span> <span class='ocrx_word' id='word_1_64' title='bbox 2112 892 2423 964; x_wconf 86' lang='lat' dir='ltr'>ratumque</span> 
     </span>
     <span class='ocr_line' id='line_1_10' title="bbox 279 974 2423 1060; baseline -0.001 -19"><span class='ocrx_word' id='word_1_65' title='bbox 279 984 341 1041; x_wconf 86' lang='lat' dir='ltr'>in</span> <span class='ocrx_word' id='word_1_66' title='bbox 363 991 487 1039; x_wconf 87' lang='lat' dir='ltr'>tota</span> <span class='ocrx_word' id='word_1_67' title='bbox 528 976 879 1058; x_wconf 80' lang='lat' dir='ltr'>antiquitate</span> <span class='ocrx_word' id='word_1_68' title='bbox 912 976 1115 1035; x_wconf 88' lang='lat' dir='ltr'>fuisset</span> <span class='ocrx_word' id='word_1_69' title='bbox 1142 1021 1158 1049; x_wconf 99' lang='lat'>7</span> <span class='ocrx_word' id='word_1_70' title='bbox 1188 976 1549 1035; x_wconf 85' lang='lat' dir='ltr'>oecumenica</span> <span class='ocrx_word' id='word_1_71' title='bbox 1577 974 1831 1034; x_wconf 89' lang='lat' dir='ltr'>Concilia</span> <span class='ocrx_word' id='word_1_72' title='bbox 1859 975 2149 1035; x_wconf 89' lang='lat' dir='ltr'>infallibili</span> <span class='ocrx_word' id='word_1_73' title='bbox 2176 978 2423 1060; x_wconf 86' lang='lat' dir='ltr'>praedita</span> 
     </span>
     <span class='ocr_line' id='line_1_11' title="bbox 281 1070 2423 1153; baseline -0.001 -17"><span class='ocrx_word' id='word_1_74' title='bbox 281 1097 406 1136; x_wconf 87' lang='lat' dir='ltr'>esse</span> <span class='ocrx_word' id='word_1_75' title='bbox 444 1073 789 1133; x_wconf 86' lang='lat' dir='ltr'>auctoritate</span> <span class='ocrx_word' id='word_1_76' title='bbox 814 1117 829 1146; x_wconf 90' lang='lat'>7</span> <span class='ocrx_word' id='word_1_77' title='bbox 880 1071 1097 1150; x_wconf 88' lang='lat' dir='ltr'>injusta</span> <span class='ocrx_word' id='word_1_78' title='bbox 1139 1070 1318 1153; x_wconf 90' lang='lat' dir='ltr'>plane</span> <span class='ocrx_word' id='word_1_79' title='bbox 1371 1080 1545 1152; x_wconf 89' lang='lat' dir='ltr'>atque</span> <span class='ocrx_word' id='word_1_80' title='bbox 1596 1070 2009 1130; x_wconf 87' lang='lat' dir='ltr'>irrationabilis</span> <span class='ocrx_word' id='word_1_81' title='bbox 2052 1071 2259 1132; x_wconf 88' lang='lat' dir='ltr'>fuisset</span> <span class='ocrx_word' id='word_1_82' title='bbox 2298 1074 2423 1134; x_wconf 82' lang='lat' dir='ltr'>haec</span> 
     </span>
     <span class='ocr_line' id='line_1_12' title="bbox 280 1166 2423 1248; baseline -0.001 -17"><span class='ocrx_word' id='word_1_83' title='bbox 280 1171 542 1231; x_wconf 84' lang='lat' dir='ltr'>Ecclesiae</span> <span class='ocrx_word' id='word_1_84' title='bbox 582 1167 794 1248; x_wconf 77' lang='lat' dir='ltr'>agendi</span> <span class='ocrx_word' id='word_1_85' title='bbox 828 1167 977 1227; x_wconf 87' lang='lat' dir='ltr'>ratio</span> <span class='ocrx_word' id='word_1_86' title='bbox 1005 1166 1113 1248; x_wconf 78' lang='lat' dir='ltr'>(l).</span> <span class='ocrx_word' id='word_1_87' title='bbox 1153 1169 1470 1247; x_wconf 88' lang='lat' dir='ltr'>Perperam</span> <span class='ocrx_word' id='word_1_88' title='bbox 1498 1188 1702 1225; x_wconf 89' lang='lat' dir='ltr'>omnes</span> <span class='ocrx_word' id='word_1_89' title='bbox 1733 1166 2018 1226; x_wconf 86' lang='lat' dir='ltr'>Catholici</span> <span class='ocrx_word' id='word_1_90' title='bbox 2054 1167 2134 1226; x_wconf 89' lang='lat' dir='ltr'>ita</span> <span class='ocrx_word' id='word_1_91' title='bbox 2175 1169 2423 1230; x_wconf 90' lang='lat' dir='ltr'>firmiter</span> 
     </span>
     <span class='ocr_line' id='line_1_13' title="bbox 281 1262 2424 1348; baseline -0.001 -20"><span class='ocrx_word' id='word_1_92' title='bbox 281 1268 666 1328; x_wconf 83' lang='lat' dir='ltr'>adhaesissent</span> <span class='ocrx_word' id='word_1_93' title='bbox 696 1265 1037 1346; x_wconf 81' lang='lat' dir='ltr'>dogmaticis</span> <span class='ocrx_word' id='word_1_94' title='bbox 1080 1263 1239 1323; x_wconf 90' lang='lat' dir='ltr'>hisce</span> <span class='ocrx_word' id='word_1_95' title='bbox 1288 1262 1726 1323; x_wconf 87' lang='lat' dir='ltr'>definitionibus</span> <span class='ocrx_word' id='word_1_96' title='bbox 1750 1310 1765 1339; x_wconf 92' lang='lat'>7</span> <span class='ocrx_word' id='word_1_97' title='bbox 1807 1275 1874 1323; x_wconf 91' lang='lat' dir='ltr'>ut</span> <span class='ocrx_word' id='word_1_98' title='bbox 1900 1266 2021 1347; x_wconf 83' lang='lat' dir='ltr'>&#39;pro</span> <span class='ocrx_word' id='word_1_99' title='bbox 2052 1263 2164 1324; x_wconf 88' lang='lat' dir='ltr'>illis</span> <span class='ocrx_word' id='word_1_100' title='bbox 2206 1278 2424 1348; x_wconf 80' lang='lat' dir='ltr'>marty·</span> 
     </span>
     <span class='ocr_line' id='line_1_14' title="bbox 277 1359 2421 1445; baseline -0.001 -21"><span class='ocrx_word' id='word_1_101' title='bbox 277 1367 433 1425; x_wconf 89' lang='lat' dir='ltr'>rium</span> <span class='ocrx_word' id='word_1_102' title='bbox 468 1363 663 1424; x_wconf 91' lang='lat' dir='ltr'>subire</span> <span class='ocrx_word' id='word_1_103' title='bbox 691 1362 852 1422; x_wconf 89' lang='lat' dir='ltr'>haud</span> <span class='ocrx_word' id='word_1_104' title='bbox 892 1359 1238 1420; x_wconf 88' lang='lat' dir='ltr'>dubitarent</span> <span class='ocrx_word' id='word_1_105' title='bbox 1267 1406 1284 1435; x_wconf 86' lang='lat'>7</span> <span class='ocrx_word' id='word_1_106' title='bbox 1327 1361 1525 1443; x_wconf 89' lang='lat' dir='ltr'>prouti</span> <span class='ocrx_word' id='word_1_107' title='bbox 1562 1362 1905 1420; x_wconf 85' lang='lat' dir='ltr'>innumeros</span> <span class='ocrx_word' id='word_1_108' title='bbox 1948 1383 2168 1444; x_wconf 90' lang='lat' dir='ltr'>prope,</span> <span class='ocrx_word' id='word_1_109' title='bbox 2214 1363 2421 1445; x_wconf 88' lang='lat' dir='ltr'>quavis</span> 
     </span>
     <span class='ocr_line' id='line_1_15' title="bbox 283 1455 2420 1539; baseline -0.002 -16"><span class='ocrx_word' id='word_1_110' title='bbox 283 1462 544 1523; x_wconf 88' lang='lat' dir='ltr'>Ecclesiae</span> <span class='ocrx_word' id='word_1_111' title='bbox 582 1470 750 1519; x_wconf 82' lang='lat' dir='ltr'>aetate</span> <span class='ocrx_word' id='word_1_112' title='bbox 773 1507 790 1529; x_wconf 93' lang='lat'><strong><em>,</em></strong></span> <span class='ocrx_word' id='word_1_113' title='bbox 817 1457 989 1518; x_wconf 83' lang='lat' dir='ltr'>exilia</span> <span class='ocrx_word' id='word_1_114' title='bbox 1014 1503 1030 1532; x_wconf 95' lang='lat'>7</span> <span class='ocrx_word' id='word_1_115' title='bbox 1054 1478 1310 1517; x_wconf 86' lang='lat' dir='ltr'>carceres</span> <span class='ocrx_word' id='word_1_116' title='bbox 1333 1502 1349 1531; x_wconf 93' lang='lat'>7</span> <span class='ocrx_word' id='word_1_117' title='bbox 1378 1455 1674 1516; x_wconf 90' lang='lat' dir='ltr'>bonorum</span> <span class='ocrx_word' id='word_1_118' title='bbox 1709 1456 2102 1539; x_wconf 88' lang='lat' dir='ltr'>direptionem</span> <span class='ocrx_word' id='word_1_119' title='bbox 2138 1471 2420 1519; x_wconf 88' lang='lat' dir='ltr'>mortem-</span> 
     </span>
     <span class='ocr_line' id='line_1_16' title="bbox 280 1552 2416 1641; baseline -0 -25"><span class='ocrx_word' id='word_1_120' title='bbox 280 1581 395 1641; x_wconf 90' lang='lat' dir='ltr'>que</span> <span class='ocrx_word' id='word_1_121' title='bbox 429 1559 616 1639; x_wconf 90' lang='lat' dir='ltr'>ipsam</span> <span class='ocrx_word' id='word_1_122' title='bbox 648 1555 959 1637; x_wconf 91' lang='lat' dir='ltr'>pertulisse</span> <span class='ocrx_word' id='word_1_123' title='bbox 994 1554 1267 1612; x_wconf 88' lang='lat' dir='ltr'>universa</span> <span class='ocrx_word' id='word_1_124' title='bbox 1305 1552 1546 1611; x_wconf 88' lang='lat' dir='ltr'>historia</span> <span class='ocrx_word' id='word_1_125' title='bbox 1572 1552 1950 1613; x_wconf 88' lang='lat' dir='ltr'>ecclesiastica</span> <span class='ocrx_word' id='word_1_126' title='bbox 1981 1566 2232 1614; x_wconf 86' lang='lat' dir='ltr'>testatur</span> <span class='ocrx_word' id='word_1_127' title='bbox 2281 1556 2370 1639; x_wconf 81' lang='lat'>(2)</span> <span class='ocrx_word' id='word_1_128' title='bbox 2397 1582 2416 1631; x_wconf 69' lang='grc' dir='ltr'><strong>ς</strong></span> 
     </span>
     <span class='ocr_line' id='line_1_17' title="bbox 283 1647 2420 1736; baseline -0 -24"><span class='ocrx_word' id='word_1_129' title='bbox 283 1676 428 1736; x_wconf 90' lang='lat' dir='ltr'>quos</span> <span class='ocrx_word' id='word_1_130' title='bbox 457 1652 698 1735; x_wconf 89' lang='lat' dir='ltr'>quidem</span> <span class='ocrx_word' id='word_1_131' title='bbox 737 1649 921 1711; x_wconf 90' lang='lat' dir='ltr'>veluti</span> <span class='ocrx_word' id='word_1_132' title='bbox 962 1660 1250 1728; x_wconf 80' lang='lat' dir='ltr'>martyres</span> <span class='ocrx_word' id='word_1_133' title='bbox 1282 1647 1528 1707; x_wconf 85' lang='lat' dir='ltr'>Ecclesia</span> <span class='ocrx_word' id='word_1_134' title='bbox 1556 1669 1789 1730; x_wconf 89' lang='lat' dir='ltr'>semper</span> <span class='ocrx_word' id='word_1_135' title='bbox 1823 1661 2100 1710; x_wconf 88' lang='lat' dir='ltr'>venerata</span> <span class='ocrx_word' id='word_1_136' title='bbox 2138 1662 2247 1710; x_wconf 89' lang='lat' dir='ltr'>est.</span> <span class='ocrx_word' id='word_1_137' title='bbox 2280 1654 2420 1711; x_wconf 88' lang='lat' dir='ltr'>Post</span> 
     </span>
     <span class='ocr_line' id='line_1_18' title="bbox 283 1743 2418 1830; baseline -0 -22"><span class='ocrx_word' id='word_1_138' title='bbox 283 1750 405 1810; x_wconf 88' lang='lat' dir='ltr'>haec</span> <span class='ocrx_word' id='word_1_139' title='bbox 437 1767 941 1830; x_wconf 87' lang='lat' dir='ltr'>supervacaneum</span> <span class='ocrx_word' id='word_1_140' title='bbox 963 1746 1084 1804; x_wconf 91' lang='lat' dir='ltr'>fere</span> <span class='ocrx_word' id='word_1_141' title='bbox 1110 1743 1345 1805; x_wconf 90' lang='lat' dir='ltr'>videtur</span> <span class='ocrx_word' id='word_1_142' title='bbox 1369 1765 1681 1824; x_wconf 78' lang='lat' dir='ltr'>congerere</span> <span class='ocrx_word' id='word_1_143' title='bbox 1704 1747 1949 1804; x_wconf 90' lang='lat' dir='ltr'>Patrum</span> <span class='ocrx_word' id='word_1_144' title='bbox 1972 1747 2313 1807; x_wconf 88' lang='lat' dir='ltr'>testimonia</span> <span class='ocrx_word' id='word_1_145' title='bbox 2342 1747 2418 1807; x_wconf 89' lang='lat' dir='ltr'>ad</span> 
     </span>
     <span class='ocr_line' id='line_1_19' title="bbox 278 1839 2420 1925; baseline 0 -21"><span class='ocrx_word' id='word_1_146' title='bbox 278 1846 515 1904; x_wconf 90' lang='lat' dir='ltr'>illorum</span> <span class='ocrx_word' id='word_1_147' title='bbox 540 1842 916 1924; x_wconf 81' lang='lat' dir='ltr'>Ecclesiaeque</span> <span class='ocrx_word' id='word_1_148' title='bbox 943 1863 1181 1901; x_wconf 87' lang='lat' dir='ltr'>sensum</span> <span class='ocrx_word' id='word_1_149' title='bbox 1208 1839 1678 1921; x_wconf 82' lang='lat' dir='ltr'>cognoscendum</span> <span class='ocrx_word' id='word_1_150' title='bbox 1697 1887 1713 1917; x_wconf 91' lang='lat'>7</span> <span class='ocrx_word' id='word_1_151' title='bbox 1741 1863 1875 1901; x_wconf 90' lang='lat' dir='ltr'>cum</span> <span class='ocrx_word' id='word_1_152' title='bbox 1909 1842 2281 1925; x_wconf 85' lang='lat' dir='ltr'>exploratum</span> <span class='ocrx_word' id='word_1_153' title='bbox 2312 1844 2420 1915; x_wconf 88' lang='lat' dir='ltr'>sit,</span> 
     </span>
    </p>
   </div>
   <div class='ocr_carea' id='block_1_4' title="bbox 277 2091 1311 2324">
    <p class='ocr_par' dir='ltr' id='par_1_4' title="bbox 277 2091 1311 2324">
     <span class='ocr_line' id='line_1_20' title="bbox 350 2091 1308 2160; baseline -0.003 -17"><span class='ocrx_word' id='word_1_154' title='bbox 350 2096 413 2160; x_wconf 83' lang='lat' dir='ltr'>(l)</span> <span class='ocrx_word' id='word_1_155' title='bbox 452 2093 543 2142; x_wconf 90' lang='lat' dir='ltr'>Hic</span> <span class='ocrx_word' id='word_1_156' title='bbox 573 2111 681 2142; x_wconf 82' lang='lat' dir='ltr'>vero</span> <span class='ocrx_word' id='word_1_157' title='bbox 721 2093 869 2141; x_wconf 89' lang='lat' dir='ltr'>obiter</span> <span class='ocrx_word' id='word_1_158' title='bbox 903 2091 1077 2140; x_wconf 89' lang='lat' dir='ltr'>adnoto</span> <span class='ocrx_word' id='word_1_159' title='bbox 1105 2093 1308 2158; x_wconf 83' lang='lat' dir='ltr'>singula-</span> 
     </span>
     <span class='ocr_line' id='line_1_21' title="bbox 280 2178 1311 2243; baseline -0.003 -16"><span class='ocrx_word' id='word_1_160' title='bbox 280 2196 379 2228; x_wconf 86' lang='lat' dir='ltr'>rem</span> <span class='ocrx_word' id='word_1_161' title='bbox 399 2178 563 2243; x_wconf 85' lang='lat' dir='ltr'>agendi</span> <span class='ocrx_word' id='word_1_162' title='bbox 589 2178 817 2225; x_wconf 82' lang='lat' dir='ltr'>rationem</span> <span class='ocrx_word' id='word_1_163' title='bbox 832 2212 845 2234; x_wconf 89' lang='lat'><strong>‚</strong></span> <span class='ocrx_word' id='word_1_164' title='bbox 870 2193 1012 2241; x_wconf 89' lang='lat' dir='ltr'>quam</span> <span class='ocrx_word' id='word_1_165' title='bbox 1029 2186 1188 2224; x_wconf 84' lang='lat' dir='ltr'>tenent</span> <span class='ocrx_word' id='word_1_166' title='bbox 1204 2192 1311 2241; x_wconf 87' lang='lat' dir='ltr'>pro-</span> 
     </span>
     <span class='ocr_line' id='line_1_22' title="bbox 277 2257 1307 2324; baseline -0.003 -15"><span class='ocrx_word' id='word_1_167' title='bbox 277 2271 495 2309; x_wconf 82' lang='lat' dir='ltr'>testantes</span> <span class='ocrx_word' id='word_1_168' title='bbox 513 2297 525 2320; x_wconf 91' lang='lat'>7</span> <span class='ocrx_word' id='word_1_169' title='bbox 569 2260 733 2308; x_wconf 86' lang='lat' dir='ltr'>saltem</span> <span class='ocrx_word' id='word_1_170' title='bbox 761 2275 880 2324; x_wconf 90' lang='lat' dir='ltr'>quos</span> <span class='ocrx_word' id='word_1_171' title='bbox 909 2257 1189 2306; x_wconf 70' lang='lat' dir='ltr'>orthodooeos</span> <span class='ocrx_word' id='word_1_172' title='bbox 1222 2276 1307 2306; x_wconf 88' lang='lat' dir='ltr'>vo-</span> 
     </span>
    </p>
   </div>
   <div class='ocr_carea' id='block_1_5' title="bbox 1392 2091 2421 2226">
    <p class='ocr_par' dir='ltr' id='par_1_5' title="bbox 1392 2091 2421 2226">
     <span class='ocr_line' id='line_1_23' title="bbox 1394 2091 2421 2162; baseline 0.004 -20"><span class='ocrx_word' id='word_1_173' title='bbox 1394 2094 1545 2143; x_wconf 87' lang='lat' dir='ltr'>tinum</span> <span class='ocrx_word' id='word_1_174' title='bbox 1588 2103 1847 2160; x_wconf 87' lang='lat' dir='ltr'>opponunt.</span> <span class='ocrx_word' id='word_1_175' title='bbox 1884 2091 2129 2160; x_wconf 81' lang='lat' dir='ltr'>Quomodo</span> <span class='ocrx_word' id='word_1_176' title='bbox 2161 2097 2299 2162; x_wconf 85' lang='lat' dir='ltr'>ig‘itur</span> <span class='ocrx_word' id='word_1_177' title='bbox 2327 2094 2421 2146; x_wconf 80' lang='lat' dir='ltr'>sibi</span> 
     </span>
     <span class='ocr_line' id='line_1_24' title="bbox 1392 2176 1658 2226; baseline -0.008 0"><span class='ocrx_word' id='word_1_178' title='bbox 1392 2176 1658 2226; x_wconf 83' lang='lat' dir='ltr'>cohaerent?</span> 
     </span>
    </p>
   </div>
   <div class='ocr_carea' id='block_1_6' title="bbox 1463 2258 2417 2328">
    <p class='ocr_par' dir='ltr' id='par_1_6' title="bbox 1463 2258 2417 2328">
     <span class='ocr_line' id='line_1_25' title="bbox 1463 2258 2417 2328; baseline 0.005 -23"><span class='ocrx_word' id='word_1_179' title='bbox 1463 2259 1531 2323; x_wconf 63' lang='grc' dir='ltr'>(Ξ)</span> <span class='ocrx_word' id='word_1_180' title='bbox 1569 2258 1885 2308; x_wconf 86' lang='lat' dir='ltr'>Plurimorum</span> <span class='ocrx_word' id='word_1_181' title='bbox 1927 2261 2119 2309; x_wconf 88' lang='lat' dir='ltr'>istorum</span> <span class='ocrx_word' id='word_1_182' title='bbox 2163 2271 2417 2328; x_wconf 85' lang='lat' dir='ltr'>martyrum</span> 
     </span>
    </p>
   </div>
   <div class='ocr_carea' id='block_1_7' title="bbox 274 2342 1309 3740">
    <p class='ocr_par' dir='ltr' id='par_1_7' title="bbox 274 2342 1309 3740">
     <span class='ocr_line' id='line_1_26' title="bbox 279 2342 1307 2409; baseline -0.003 -17"><span class='ocrx_word' id='word_1_183' title='bbox 279 2355 388 2393; x_wconf 89' lang='lat' dir='ltr'>cant</span> <span class='ocrx_word' id='word_1_184' title='bbox 415 2381 428 2403; x_wconf 90' lang='lat'>7</span> <span class='ocrx_word' id='word_1_185' title='bbox 490 2345 572 2409; x_wconf 90' lang='lat' dir='ltr'>qui</span> <span class='ocrx_word' id='word_1_186' title='bbox 632 2345 683 2390; x_wconf 91' lang='lat' dir='ltr'>in</span> <span class='ocrx_word' id='word_1_187' title='bbox 742 2359 937 2390; x_wconf 87' lang='lat' dir='ltr'>censum</span> <span class='ocrx_word' id='word_1_188' title='bbox 988 2342 1307 2390; x_wconf 83' lang='lat' dir='ltr'>haereticorum</span> 
     </span>
     <span class='ocr_line' id='line_1_27' title="bbox 279 2423 1308 2492; baseline -0.002 -18"><span class='ocrx_word' id='word_1_189' title='bbox 279 2428 490 2476; x_wconf 86' lang='lat' dir='ltr'>referunt</span> <span class='ocrx_word' id='word_1_190' title='bbox 516 2428 732 2487; x_wconf 89' lang='lat' dir='ltr'>Arianos,</span> <span class='ocrx_word' id='word_1_191' title='bbox 765 2424 1123 2492; x_wconf 84' lang='lat' dir='ltr'>Macedonianos</span> <span class='ocrx_word' id='word_1_192' title='bbox 1145 2462 1159 2486; x_wconf 88' lang='lat'>7</span> <span class='ocrx_word' id='word_1_193' title='bbox 1193 2423 1308 2473; x_wconf 86' lang='lat' dir='ltr'>Nes-</span> 
     </span>
     <span class='ocr_line' id='line_1_28' title="bbox 279 2509 1306 2574; baseline -0.005 -15"><span class='ocrx_word' id='word_1_194' title='bbox 279 2514 483 2560; x_wconf 87' lang='lat' dir='ltr'>torianos</span> <span class='ocrx_word' id='word_1_195' title='bbox 497 2547 514 2572; x_wconf 88' lang='lat'><strong><em>,</em></strong></span> <span class='ocrx_word' id='word_1_196' title='bbox 545 2520 632 2559; x_wconf 90' lang='lat' dir='ltr'>etc.</span> <span class='ocrx_word' id='word_1_197' title='bbox 662 2511 772 2574; x_wconf 89' lang='lat' dir='ltr'>quia</span> <span class='ocrx_word' id='word_1_198' title='bbox 798 2509 1007 2557; x_wconf 86' lang='lat' dir='ltr'>damnati</span> <span class='ocrx_word' id='word_1_199' title='bbox 1033 2517 1143 2555; x_wconf 89' lang='lat' dir='ltr'>sunt</span> <span class='ocrx_word' id='word_1_200' title='bbox 1163 2525 1187 2555; x_wconf 88' lang='lat' dir='ltr'>a</span> <span class='ocrx_word' id='word_1_201' title='bbox 1208 2509 1306 2573; x_wconf 88' lang='lat' dir='ltr'>pri-</span> 
     </span>
     <span class='ocr_line' id='line_1_29' title="bbox 279 2589 1301 2655; baseline -0.003 -13"><span class='ocrx_word' id='word_1_202' title='bbox 279 2597 367 2643; x_wconf 90' lang='lat' dir='ltr'>mis</span> <span class='ocrx_word' id='word_1_203' title='bbox 392 2594 483 2642; x_wconf 86' lang='lat' dir='ltr'>illis</span> <span class='ocrx_word' id='word_1_204' title='bbox 508 2593 806 2641; x_wconf 87' lang='lat' dir='ltr'>oecumenicis</span> <span class='ocrx_word' id='word_1_205' title='bbox 825 2589 1075 2655; x_wconf 85' lang='lat' dir='ltr'>Conciliis;</span> <span class='ocrx_word' id='word_1_206' title='bbox 1097 2606 1185 2638; x_wconf 90' lang='lat' dir='ltr'>nec</span> <span class='ocrx_word' id='word_1_207' title='bbox 1205 2608 1301 2639; x_wconf 86' lang='lat' dir='ltr'>sus·</span> 
     </span>
     <span class='ocr_line' id='line_1_30' title="bbox 277 2673 1306 2742; baseline -0.005 -17"><span class='ocrx_word' id='word_1_208' title='bbox 277 2680 490 2742; x_wconf 84' lang='lat' dir='ltr'>picantur</span> <span class='ocrx_word' id='word_1_209' title='bbox 511 2694 558 2725; x_wconf 86' lang='lat' dir='ltr'>se</span> <span class='ocrx_word' id='word_1_210' title='bbox 583 2676 819 2724; x_wconf 85' lang='lat' dir='ltr'>baereticos</span> <span class='ocrx_word' id='word_1_211' title='bbox 846 2691 973 2732; x_wconf 87' lang='lat' dir='ltr'>esse,</span> <span class='ocrx_word' id='word_1_212' title='bbox 1002 2675 1216 2739; x_wconf 81' lang='lat' dir='ltr'>quamvis</span> <span class='ocrx_word' id='word_1_213' title='bbox 1246 2673 1306 2721; x_wconf 87' lang='lat' dir='ltr'>ab</span> 
     </span>
     <span class='ocr_line' id='line_1_31' title="bbox 279 2757 1305 2825; baseline -0.004 -17"><span class='ocrx_word' id='word_1_214' title='bbox 279 2763 563 2810; x_wconf 83' lang='lat' dir='ltr'>oecumenico</span> <span class='ocrx_word' id='word_1_215' title='bbox 614 2761 783 2825; x_wconf 83' lang='lat' dir='ltr'>pariter</span> <span class='ocrx_word' id='word_1_216' title='bbox 833 2757 1043 2806; x_wconf 82' lang='lat' dir='ltr'>Concilio</span> <span class='ocrx_word' id='word_1_217' title='bbox 1095 2757 1305 2823; x_wconf 86' lang='lat' dir='ltr'>ejusdem</span> 
     </span>
     <span class='ocr_line' id='line_1_32' title="bbox 283 2841 1303 2891; baseline 0 -2"><span class='ocrx_word' id='word_1_218' title='bbox 283 2841 498 2891; x_wconf 84' lang='lat' dir='ltr'>Ecclesiae</span> <span class='ocrx_word' id='word_1_219' title='bbox 534 2843 740 2891; x_wconf 85' lang='lat' dir='ltr'>damnati</span> <span class='ocrx_word' id='word_1_220' title='bbox 779 2844 873 2889; x_wconf 86' lang='lat' dir='ltr'>sint</span> <span class='ocrx_word' id='word_1_221' title='bbox 911 2857 1072 2888; x_wconf 86' lang='lat' dir='ltr'>eorum</span> <span class='ocrx_word' id='word_1_222' title='bbox 1111 2857 1303 2889; x_wconf 85' lang='lat' dir='ltr'>errores.</span> 
     </span>
     <span class='ocr_line' id='line_1_33' title="bbox 281 2922 1308 2990; baseline -0.001 -20"><span class='ocrx_word' id='word_1_223' title='bbox 281 2923 588 2989; x_wconf 85' lang='lat' dir='ltr'>Exceptiones</span> <span class='ocrx_word' id='word_1_224' title='bbox 614 2941 748 2990; x_wconf 85' lang='lat' dir='ltr'>porro</span> <span class='ocrx_word' id='word_1_225' title='bbox 768 2959 784 2986; x_wconf 84' lang='lat'>7</span> <span class='ocrx_word' id='word_1_226' title='bbox 814 2923 986 2990; x_wconf 89' lang='lat' dir='ltr'>quibus</span> <span class='ocrx_word' id='word_1_227' title='bbox 1014 2922 1211 2970; x_wconf 88' lang='lat' dir='ltr'>assolent</span> <span class='ocrx_word' id='word_1_228' title='bbox 1226 2940 1308 2970; x_wconf 90' lang='lat' dir='ltr'>au-</span> 
     </span>
     <span class='ocr_line' id='line_1_34' title="bbox 279 3004 1304 3067; baseline -0.001 -13"><span class='ocrx_word' id='word_1_229' title='bbox 279 3010 535 3057; x_wconf 88' lang='lat' dir='ltr'>ctoritatem</span> <span class='ocrx_word' id='word_1_230' title='bbox 553 3009 757 3057; x_wconf 86' lang='lat' dir='ltr'>adimere</span> <span class='ocrx_word' id='word_1_231' title='bbox 769 3006 979 3055; x_wconf 82' lang='lat' dir='ltr'>Concilio</span> <span class='ocrx_word' id='word_1_232' title='bbox 1000 3004 1275 3054; x_wconf 84' lang='lat' dir='ltr'>Tridentino</span> <span class='ocrx_word' id='word_1_233' title='bbox 1289 3042 1304 3067; x_wconf 86' lang='lat'>7</span> 
     </span>
     <span class='ocr_line' id='line_1_35' title="bbox 280 3090 1306 3156; baseline -0.001 -19"><span class='ocrx_word' id='word_1_234' title='bbox 280 3098 390 3137; x_wconf 88' lang='lat' dir='ltr'>sunt</span> <span class='ocrx_word' id='word_1_235' title='bbox 427 3091 600 3138; x_wconf 81' lang='lat' dir='ltr'>eaedem</span> <span class='ocrx_word' id='word_1_236' title='bbox 623 3108 840 3156; x_wconf 81' lang='lat' dir='ltr'>prorsus,</span> <span class='ocrx_word' id='word_1_237' title='bbox 876 3107 991 3155; x_wconf 88' lang='lat' dir='ltr'>quas</span> <span class='ocrx_word' id='word_1_238' title='bbox 1026 3090 1306 3154; x_wconf 85' lang='lat' dir='ltr'>antiquiores</span> 
     </span>
     <span class='ocr_line' id='line_1_36' title="bbox 282 3171 1306 3240; baseline -0.001 -19"><span class='ocrx_word' id='word_1_239' title='bbox 282 3174 487 3222; x_wconf 83' lang='lat' dir='ltr'>haeretici</span> <span class='ocrx_word' id='word_1_240' title='bbox 529 3192 759 3240; x_wconf 88' lang='lat' dir='ltr'>opponere</span> <span class='ocrx_word' id='word_1_241' title='bbox 798 3176 1057 3240; x_wconf 88' lang='lat' dir='ltr'>potuissent</span> <span class='ocrx_word' id='word_1_242' title='bbox 1087 3171 1306 3221; x_wconf 88' lang='lat' dir='ltr'>adversus</span> 
     </span>
     <span class='ocr_line' id='line_1_37' title="bbox 283 3257 1306 3322; baseline -0.002 -17"><span class='ocrx_word' id='word_1_243' title='bbox 283 3257 657 3322; x_wconf 87' lang='lat' dir='ltr'>unumquodque</span> <span class='ocrx_word' id='word_1_244' title='bbox 673 3257 934 3306; x_wconf 86' lang='lat' dir='ltr'>Concilium</span> <span class='ocrx_word' id='word_1_245' title='bbox 956 3293 968 3315; x_wconf 83' lang='lat'>7</span> <span class='ocrx_word' id='word_1_246' title='bbox 998 3274 1023 3304; x_wconf 92' lang='lat' dir='ltr'>a</span> <span class='ocrx_word' id='word_1_247' title='bbox 1052 3272 1143 3321; x_wconf 92' lang='lat' dir='ltr'>quo</span> <span class='ocrx_word' id='word_1_248' title='bbox 1159 3266 1202 3304; x_wconf 92' lang='lat' dir='ltr'>et</span> <span class='ocrx_word' id='word_1_249' title='bbox 1221 3257 1306 3320; x_wconf 87' lang='lat' dir='ltr'>ipsi</span> 
     </span>
     <span class='ocr_line' id='line_1_38' title="bbox 282 3338 1307 3388; baseline -0.002 0"><span class='ocrx_word' id='word_1_250' title='bbox 282 3340 490 3388; x_wconf 88' lang='lat' dir='ltr'>damnati</span> <span class='ocrx_word' id='word_1_251' title='bbox 522 3339 666 3387; x_wconf 86' lang='lat' dir='ltr'>fuere.</span> <span class='ocrx_word' id='word_1_252' title='bbox 699 3339 798 3388; x_wconf 88' lang='lat' dir='ltr'>lmo</span> <span class='ocrx_word' id='word_1_253' title='bbox 832 3341 1030 3388; x_wconf 63' lang='lat' dir='ltr'>historias</span> <span class='ocrx_word' id='word_1_254' title='bbox 1068 3338 1307 3387; x_wconf 87' lang='lat' dir='ltr'>ecclesias-</span> 
     </span>
     <span class='ocr_line' id='line_1_39' title="bbox 283 3423 1307 3488; baseline 0 -17"><span class='ocrx_word' id='word_1_255' title='bbox 283 3425 383 3471; x_wconf 79' lang='lat' dir='ltr'>ticae</span> <span class='ocrx_word' id='word_1_256' title='bbox 413 3423 545 3487; x_wconf 85' lang='lat' dir='ltr'>periti</span> <span class='ocrx_word' id='word_1_257' title='bbox 576 3424 804 3485; x_wconf 82' lang='lat' dir='ltr'>reperient</span> <span class='ocrx_word' id='word_1_258' title='bbox 841 3423 996 3470; x_wconf 86' lang='lat' dir='ltr'>forsan</span> <span class='ocrx_word' id='word_1_259' title='bbox 1015 3458 1028 3481; x_wconf 92' lang='lat'>7</span> <span class='ocrx_word' id='word_1_260' title='bbox 1055 3439 1132 3470; x_wconf 83' lang='lat' dir='ltr'>eos</span> <span class='ocrx_word' id='word_1_261' title='bbox 1164 3439 1307 3488; x_wconf 83' lang='lat' dir='ltr'>oppo-</span> 
     </span>
     <span class='ocr_line' id='line_1_40' title="bbox 281 3503 1306 3571; baseline 0.001 -18"><span class='ocrx_word' id='word_1_262' title='bbox 281 3523 391 3555; x_wconf 86' lang='lat' dir='ltr'>nere</span> <span class='ocrx_word' id='word_1_263' title='bbox 431 3506 632 3571; x_wconf 87' lang='lat' dir='ltr'>potuisse</span> <span class='ocrx_word' id='word_1_264' title='bbox 664 3503 879 3551; x_wconf 87' lang='lat' dir='ltr'>adversus</span> <span class='ocrx_word' id='word_1_265' title='bbox 909 3508 1165 3571; x_wconf 83' lang='lat' dir='ltr'>antiquiora</span> <span class='ocrx_word' id='word_1_266' title='bbox 1180 3505 1306 3555; x_wconf 91' lang='lat' dir='ltr'>Con-</span> 
     </span>
     <span class='ocr_line' id='line_1_41' title="bbox 279 3590 1309 3657; baseline 0.002 -19"><span class='ocrx_word' id='word_1_267' title='bbox 279 3590 384 3638; x_wconf 89' lang='lat' dir='ltr'>cilia</span> <span class='ocrx_word' id='word_1_268' title='bbox 408 3591 703 3655; x_wconf 83' lang='lat' dir='ltr'>exceptiones</span> <span class='ocrx_word' id='word_1_269' title='bbox 728 3591 1019 3653; x_wconf 86' lang='lat' dir='ltr'>speciosiores</span> <span class='ocrx_word' id='word_1_270' title='bbox 1047 3590 1139 3639; x_wconf 87' lang='lat' dir='ltr'>illis</span> <span class='ocrx_word' id='word_1_271' title='bbox 1157 3630 1170 3650; x_wconf 91' lang='lat'>7</span> <span class='ocrx_word' id='word_1_272' title='bbox 1194 3610 1309 3657; x_wconf 92' lang='lat' dir='ltr'>quas</span> 
     </span>
     <span class='ocr_line' id='line_1_42' title="bbox 274 3673 1307 3740; baseline 0.002 -18"><span class='ocrx_word' id='word_1_273' title='bbox 274 3674 473 3724; x_wconf 77' lang='lat' dir='ltr'>haeretici</span> <span class='ocrx_word' id='word_1_274' title='bbox 505 3673 841 3740; x_wconf 77' lang='lat' dir='ltr'>subsequentes</span> <span class='ocrx_word' id='word_1_275' title='bbox 871 3673 1087 3725; x_wconf 81' lang='lat' dir='ltr'>adversus</span> <span class='ocrx_word' id='word_1_276' title='bbox 1113 3673 1307 3724; x_wconf 87' lang='lat' dir='ltr'>Triden-</span> 
     </span>
    </p>
   </div>
   <div class='ocr_carea' id='block_1_8' title="bbox 1390 2341 2421 3641">
    <p class='ocr_par' dir='ltr' id='par_1_8' title="bbox 1390 2341 2421 3641">
     <span class='ocr_line' id='line_1_43' title="bbox 1393 2341 2421 2409; baseline 0.003 -18"><span class='ocrx_word' id='word_1_277' title='bbox 1393 2344 1588 2391; x_wconf 89' lang='lat' dir='ltr'>nomina</span> <span class='ocrx_word' id='word_1_278' title='bbox 1617 2353 1822 2391; x_wconf 86' lang='lat' dir='ltr'>recenset</span> <span class='ocrx_word' id='word_1_279' title='bbox 1850 2341 2230 2409; x_wconf 84' lang='lat' dir='ltr'>Martyrologium</span> <span class='ocrx_word' id='word_1_280' title='bbox 2249 2343 2421 2395; x_wconf 88' lang='lat' dir='ltr'>Roma-</span> 
     </span>
     <span class='ocr_line' id='line_1_44' title="bbox 1394 2425 2419 2495; baseline 0.003 -21"><span class='ocrx_word' id='word_1_281' title='bbox 1394 2444 1531 2475; x_wconf 90' lang='lat' dir='ltr'>num.</span> <span class='ocrx_word' id='word_1_282' title='bbox 1557 2425 1676 2475; x_wconf 84' lang='lat' dir='ltr'>Satis</span> <span class='ocrx_word' id='word_1_283' title='bbox 1706 2425 1875 2476; x_wconf 87' lang='lat' dir='ltr'>deinde</span> <span class='ocrx_word' id='word_1_284' title='bbox 1903 2436 1970 2475; x_wconf 90' lang='lat' dir='ltr'>est</span> <span class='ocrx_word' id='word_1_285' title='bbox 2001 2426 2160 2475; x_wconf 90' lang='lat' dir='ltr'>oculos</span> <span class='ocrx_word' id='word_1_286' title='bbox 2192 2430 2419 2495; x_wconf 88' lang='lat' dir='ltr'>conjicere</span> 
     </span>
     <span class='ocr_line' id='line_1_45' title="bbox 1393 2508 2416 2571; baseline 0.001 -13"><span class='ocrx_word' id='word_1_287' title='bbox 1393 2512 1444 2558; x_wconf 85' lang='lat' dir='ltr'>in</span> <span class='ocrx_word' id='word_1_288' title='bbox 1492 2510 1734 2558; x_wconf 87' lang='lat' dir='ltr'>historiam</span> <span class='ocrx_word' id='word_1_289' title='bbox 1790 2509 2142 2557; x_wconf 86' lang='lat' dir='ltr'>ecclesiasticam</span> <span class='ocrx_word' id='word_1_290' title='bbox 2187 2508 2383 2559; x_wconf 87' lang='lat' dir='ltr'>Socratis</span> <span class='ocrx_word' id='word_1_291' title='bbox 2403 2549 2416 2571; x_wconf 88' lang='lat'>7</span> 
     </span>
     <span class='ocr_line' id='line_1_46' title="bbox 1393 2590 2416 2658; baseline 0.002 -18"><span class='ocrx_word' id='word_1_292' title='bbox 1393 2592 1674 2652; x_wconf 86' lang='lat' dir='ltr'>Sozomeni7</span> <span class='ocrx_word' id='word_1_293' title='bbox 1719 2591 2029 2651; x_wconf 89' lang='lat' dir='ltr'>Theodoreti7</span> <span class='ocrx_word' id='word_1_294' title='bbox 2070 2590 2284 2658; x_wconf 82' lang='lat' dir='ltr'>Evagrii,</span> <span class='ocrx_word' id='word_1_295' title='bbox 2322 2597 2416 2642; x_wconf 86' lang='lat' dir='ltr'>etc.</span> 
     </span>
     <span class='ocr_line' id='line_1_47' title="bbox 1395 2673 2417 2740; baseline 0.002 -18"><span class='ocrx_word' id='word_1_296' title='bbox 1395 2685 1446 2722; x_wconf 90' lang='lat' dir='ltr'>ut</span> <span class='ocrx_word' id='word_1_297' title='bbox 1474 2684 1644 2739; x_wconf 87' lang='lat' dir='ltr'>pateat,</span> <span class='ocrx_word' id='word_1_298' title='bbox 1675 2691 1819 2740; x_wconf 88' lang='lat' dir='ltr'>quam</span> <span class='ocrx_word' id='word_1_299' title='bbox 1835 2677 2050 2723; x_wconf 88' lang='lat' dir='ltr'>saevitnm</span> <span class='ocrx_word' id='word_1_300' title='bbox 2067 2675 2127 2722; x_wconf 89' lang='lat' dir='ltr'>sit</span> <span class='ocrx_word' id='word_1_301' title='bbox 2145 2674 2204 2723; x_wconf 87' lang='lat' dir='ltr'>ab</span> <span class='ocrx_word' id='word_1_302' title='bbox 2233 2673 2417 2724; x_wconf 82' lang='lat' dir='ltr'>Arianis</span> 
     </span>
     <span class='ocr_line' id='line_1_48' title="bbox 1392 2757 2415 2825; baseline 0.002 -17"><span class='ocrx_word' id='word_1_303' title='bbox 1392 2757 1840 2825; x_wconf 89' lang='lat' dir='ltr'>Macedonianisque</span> <span class='ocrx_word' id='word_1_304' title='bbox 1866 2759 2082 2808; x_wconf 84' lang='lat' dir='ltr'>adversus</span> <span class='ocrx_word' id='word_1_305' title='bbox 2118 2759 2415 2824; x_wconf 87' lang='lat' dir='ltr'>Catholicos;</span> 
     </span>
     <span class='ocr_line' id='line_1_49' title="bbox 1391 2843 2411 2907; baseline 0 -15"><span class='ocrx_word' id='word_1_306' title='bbox 1391 2845 1564 2892; x_wconf 83' lang='lat' dir='ltr'>satisest</span> <span class='ocrx_word' id='word_1_307' title='bbox 1583 2859 1845 2907; x_wconf 76' lang='lat' dir='ltr'>percurrere</span> <span class='ocrx_word' id='word_1_308' title='bbox 1874 2843 2014 2890; x_wconf 90' lang='lat' dir='ltr'>fastos</span> <span class='ocrx_word' id='word_1_309' title='bbox 2039 2844 2384 2892; x_wconf 87' lang='lat' dir='ltr'>ecclesiasticos</span> <span class='ocrx_word' id='word_1_310' title='bbox 2398 2881 2411 2903; x_wconf 88' lang='lat'>7</span> 
     </span>
     <span class='ocr_line' id='line_1_50' title="bbox 1393 2925 2415 2993; baseline 0 -18"><span class='ocrx_word' id='word_1_311' title='bbox 1393 2937 1445 2975; x_wconf 89' lang='lat' dir='ltr'>ut</span> <span class='ocrx_word' id='word_1_312' title='bbox 1490 2929 1689 2993; x_wconf 89' lang='lat' dir='ltr'>quisque</span> <span class='ocrx_word' id='word_1_313' title='bbox 1713 2925 1941 2990; x_wconf 82' lang='lat' dir='ltr'>intelligat</span> <span class='ocrx_word' id='word_1_314' title='bbox 1962 2961 1978 2988; x_wconf 86' lang='lat'>7</span> <span class='ocrx_word' id='word_1_315' title='bbox 2015 2942 2120 2992; x_wconf 86' lang='lat' dir='ltr'>quae</span> <span class='ocrx_word' id='word_1_316' title='bbox 2149 2936 2415 2992; x_wconf 86' lang='lat' dir='ltr'>quantaque</span> 
     </span>
     <span class='ocr_line' id='line_1_51' title="bbox 1392 3007 2413 3069; baseline 0.001 -13"><span class='ocrx_word' id='word_1_317' title='bbox 1392 3008 1450 3056; x_wconf 92' lang='lat' dir='ltr'>ab</span> <span class='ocrx_word' id='word_1_318' title='bbox 1481 3008 1698 3056; x_wconf 89' lang='lat' dir='ltr'>omnibus</span> <span class='ocrx_word' id='word_1_319' title='bbox 1719 3008 2001 3057; x_wconf 88' lang='lat' dir='ltr'>factionibus</span> <span class='ocrx_word' id='word_1_320' title='bbox 2021 3046 2034 3069; x_wconf 94' lang='lat'>7</span> <span class='ocrx_word' id='word_1_321' title='bbox 2076 3026 2103 3056; x_wconf 88' lang='lat' dir='ltr'>a</span> <span class='ocrx_word' id='word_1_322' title='bbox 2131 3007 2384 3057; x_wconf 89' lang='lat' dir='ltr'>Donatistis</span> <span class='ocrx_word' id='word_1_323' title='bbox 2400 3045 2413 3068; x_wconf 93' lang='lat'>7</span> 
     </span>
     <span class='ocr_line' id='line_1_52' title="bbox 1393 3090 2417 3156; baseline 0.001 -17"><span class='ocrx_word' id='word_1_324' title='bbox 1393 3090 1717 3140; x_wconf 86' lang='lat' dir='ltr'>Monothelitis</span> <span class='ocrx_word' id='word_1_325' title='bbox 1732 3128 1745 3153; x_wconf 90' lang='lat'>7</span> <span class='ocrx_word' id='word_1_326' title='bbox 1771 3091 2089 3139; x_wconf 78' lang='lat' dir='ltr'>iconomachis</span> <span class='ocrx_word' id='word_1_327' title='bbox 2106 3127 2118 3150; x_wconf 93' lang='lat'>,</span> <span class='ocrx_word' id='word_1_328' title='bbox 2140 3092 2190 3138; x_wconf 88' lang='lat' dir='ltr'>in</span> <span class='ocrx_word' id='word_1_329' title='bbox 2204 3108 2417 3156; x_wconf 87' lang='lat' dir='ltr'>persecu-</span> 
     </span>
     <span class='ocr_line' id='line_1_53' title="bbox 1393 3173 2411 3240; baseline -0.002 -17"><span class='ocrx_word' id='word_1_330' title='bbox 1393 3177 1518 3223; x_wconf 86' lang='lat' dir='ltr'>tione</span> <span class='ocrx_word' id='word_1_331' title='bbox 1548 3174 1830 3233; x_wconf 84' lang='lat' dir='ltr'>Vandalica,</span> <span class='ocrx_word' id='word_1_332' title='bbox 1872 3183 1957 3222; x_wconf 90' lang='lat' dir='ltr'>etc.</span> <span class='ocrx_word' id='word_1_333' title='bbox 1997 3182 2139 3240; x_wconf 86' lang='lat' dir='ltr'>atque</span> <span class='ocrx_word' id='word_1_334' title='bbox 2183 3183 2235 3222; x_wconf 89' lang='lat' dir='ltr'>ut</span> <span class='ocrx_word' id='word_1_335' title='bbox 2272 3173 2411 3222; x_wconf 85' lang='lat' dir='ltr'>verbo</span> 
     </span>
     <span class='ocr_line' id='line_1_54' title="bbox 1391 3256 2417 3320; baseline 0 -14"><span class='ocrx_word' id='word_1_336' title='bbox 1391 3259 1542 3307; x_wconf 90' lang='lat' dir='ltr'>dicam</span> <span class='ocrx_word' id='word_1_337' title='bbox 1562 3296 1576 3320; x_wconf 90' lang='lat'>7</span> <span class='ocrx_word' id='word_1_338' title='bbox 1607 3258 1666 3306; x_wconf 90' lang='lat' dir='ltr'>ab</span> <span class='ocrx_word' id='word_1_339' title='bbox 1701 3256 1919 3305; x_wconf 91' lang='lat' dir='ltr'>omnibus</span> <span class='ocrx_word' id='word_1_340' title='bbox 1943 3256 2169 3306; x_wconf 85' lang='lat' dir='ltr'>haereticis</span> <span class='ocrx_word' id='word_1_341' title='bbox 2195 3268 2239 3307; x_wconf 84' lang='lat' dir='ltr'>et</span> <span class='ocrx_word' id='word_1_342' title='bbox 2273 3258 2417 3306; x_wconf 89' lang='lat' dir='ltr'>schis-</span> 
     </span>
     <span class='ocr_line' id='line_1_55' title="bbox 1394 3340 2413 3406; baseline -0.001 -18"><span class='ocrx_word' id='word_1_343' title='bbox 1394 3343 1575 3389; x_wconf 89' lang='lat' dir='ltr'>maticis</span> <span class='ocrx_word' id='word_1_344' title='bbox 1599 3340 1825 3388; x_wconf 80' lang='lat' dir='ltr'>Catholici</span> <span class='ocrx_word' id='word_1_345' title='bbox 1855 3342 1974 3404; x_wconf 88' lang='lat' dir='ltr'>passi</span> <span class='ocrx_word' id='word_1_346' title='bbox 2002 3343 2126 3404; x_wconf 83' lang='lat' dir='ltr'>sint3</span> <span class='ocrx_word' id='word_1_347' title='bbox 2159 3351 2297 3406; x_wconf 87' lang='lat' dir='ltr'>atque</span> <span class='ocrx_word' id='word_1_348' title='bbox 2318 3342 2413 3388; x_wconf 90' lang='lat' dir='ltr'>uti-</span> 
     </span>
     <span class='ocr_line' id='line_1_56' title="bbox 1390 3422 2413 3489; baseline -0.001 -18"><span class='ocrx_word' id='word_1_349' title='bbox 1390 3442 1500 3472; x_wconf 89' lang='lat' dir='ltr'>nam</span> <span class='ocrx_word' id='word_1_350' title='bbox 1526 3432 1656 3471; x_wconf 82' lang='lat' dir='ltr'>aetate</span> <span class='ocrx_word' id='word_1_351' title='bbox 1675 3422 1765 3470; x_wconf 84' lang='lat' dir='ltr'>hac</span> <span class='ocrx_word' id='word_1_352' title='bbox 1779 3428 1958 3484; x_wconf 83' lang='lat' dir='ltr'>nostra,</span> <span class='ocrx_word' id='word_1_353' title='bbox 1989 3440 2094 3489; x_wconf 84' lang='lat' dir='ltr'>quae</span> <span class='ocrx_word' id='word_1_354' title='bbox 2122 3423 2413 3471; x_wconf 86' lang='lat' dir='ltr'>humanitate</span> 
     </span>
     <span class='ocr_line' id='line_1_57' title="bbox 1391 3504 2411 3572; baseline -0.003 -15"><span class='ocrx_word' id='word_1_355' title='bbox 1391 3507 1504 3558; x_wconf 84' lang='lat' dir='ltr'>adeo</span> <span class='ocrx_word' id='word_1_356' title='bbox 1535 3506 1783 3570; x_wconf 79' lang='lat' dir='ltr'>gloriatur,</span> <span class='ocrx_word' id='word_1_357' title='bbox 1817 3515 1911 3553; x_wconf 88' lang='lat' dir='ltr'>tam</span> <span class='ocrx_word' id='word_1_358' title='bbox 1942 3506 2092 3555; x_wconf 89' lang='lat' dir='ltr'>multa</span> <span class='ocrx_word' id='word_1_359' title='bbox 2119 3505 2179 3556; x_wconf 88' lang='lat' dir='ltr'>ab</span> <span class='ocrx_word' id='word_1_360' title='bbox 2202 3508 2311 3572; x_wconf 85' lang='lat' dir='ltr'>ipsis</span> <span class='ocrx_word' id='word_1_361' title='bbox 2329 3504 2411 3555; x_wconf 87' lang='lat' dir='ltr'>ad-</span> 
     </span>
     <span class='ocr_line' id='line_1_58' title="bbox 1392 3590 1949 3641; baseline -0.009 0"><span class='ocrx_word' id='word_1_362' title='bbox 1392 3591 1485 3641; x_wconf 90' lang='lat' dir='ltr'>huc</span> <span class='ocrx_word' id='word_1_363' title='bbox 1513 3606 1609 3638; x_wconf 91' lang='lat' dir='ltr'>non</span> <span class='ocrx_word' id='word_1_364' title='bbox 1640 3590 1949 3637; x_wconf 85' lang='lat' dir='ltr'>sustinerent!</span> 
     </span>
    </p>
   </div>
  </div>
 </body>
</html>
