2514 4218
409 177 573 215 PART.
619 176 662 213 1.
715 173 868 212 SECT.
917 175 984 211 11.
1033 172 1160 212 GAP.
1209 173 1227 211 l
1270 175 1339 210 DE
1382 173 1544 211 PETRI
1588 171 1862 210 PMMATU·

2075 150 2194 212 319

66 323 300 406 scripsit
325 342 341 381 ε
368 319 556 389 Ecce,
584 317 698 376 uhi
724 328 1146 376 commemorat
1188 316 1561 397 Cyprianus,
1590 317 1753 395 quod
1776 320 1958 376 etiam
1996 337 2102 378 nos
2127 323 2197 380 in

72 419 411 500 Scripturis
456 417 682 473 sanctis
710 415 1069 484 didicimus,
1100 412 1447 491 Apostolum
1488 413 1742 471 Petrum
1764 454 1785 483 ,
1813 417 1884 470 in
1908 433 2023 491 quo
2051 418 2201 494 pri-

74 527 274 575 matus
308 512 729 590 Apostolorum
766 520 892 568 tam
922 509 1229 567 eoecellenti
1255 512 1463 588 qratia
1479 511 1832 588 praeeminet
1852 527 1942 574 ;...

2001 530 2038 566 a
2058 531 2201 588 pos-

70 615 283 679 teriore
308 609 502 667 Paulo
541 628 655 665 esse
682 615 1012 665 correctum
1044 602 1132 683 (l)
1169 647 1187 678 ,
1225 604 1347 664 sive
1377 625 1513 662 cum
1544 603 1624 662 ait
1655 625 1670 662 ε
1705 603 1892 682 Cujus
1920 604 2205 665 Ecclesioe

71 706 292 764 Petrus
316 704 630 781 Apostolus
657 743 680 773 ,
725 710 972 780 propter
1007 700 1369 777 apostolatus
1415 703 1517 756 sui
1540 702 1923 778 primatum,
1963 702 2208 778 gerebat

69 802 335 880 fiyurata
364 799 753 878 yeneralz‘tate
772 815 1096 875 personam
1130 793 1218 873 (2)
1256 832 1277 866 ‚1
1314 803 1380 851 ut
1407 793 1518 852 alia
1547 793 1670 854 loca
1709 805 2053 875 praeteream
2087 795 2199 877 (3).

75 897 254 953 Porro
310 894 357 952 si
400 892 650 974 excipias
702 893 766 950 Β.
815 890 1240 967 Hieronymum
1296 899 1355 947 et
1418 888 1850 949 Theodoretum
1885 936 1902 965 .,
1954 913 2205 973 quorum

78 989 391 1071 expositi0‚
422 989 566 1070 quin
606 983 946 1046 adversetur
984 982 1173 1044 obviae
1208 1004 1273 1042 ac
1309 982 1587 1056 litterali,
1627 1006 1755 1044 eam
1791 986 1982 1067 potius
2003 999 2208 1068 aperte

77 1086 384 1143 confirmat
416 1083 505 1165 (4)
526 1128 543 1156 .,
580 1081 788 1164 reliqui
827 1079 1219 1161 Augustinum
1262 1080 1447 1138 secuti
1469 1091 1610 1139 sunt
1638 1080 1702 1139 in
1728 1079 1836 1140 hac
1866 1082 2208 1144 secundaria

74 1201 148 1240 >ex
154 1179 445 1261 positione
479 1176 589 1260 (5).

163 1275 305 1335 475.
347 1275 426 1334 Ut
431 1281 554 1352 jam
570 1270 645 1331 ad
662 1269 897 1331 tertiam
926 1268 1309 1329 deveniamus
1333 1269 1914 1351 interpretationemz
1943 1272 2212 1355 plerique

78 1391 186 1451 per
214 1381 454 1450 petram
480 1379 581 1426 aut
616 1367 797 1446 fidem
823 1367 999 1424 Petri
1019 1376 1120 1423 aut
1143 1363 1278 1423 fidei
1302 1365 1728 1423 confessionem
1751 1367 2171 1428 intell-exerunt:
2190 1413 2210 1445 .‚

81 1466 242 1525 Dz'st.
264 1468 330 1523 In
345 1473 612 1523 concreto
629 1505 646 1536 ,
675 1482 893 1542 nempe
909 1462 1149 1520 Petrum
1174 1459 1542 1519 divinitatem
1561 1459 1776 1519 Christi
1798 1463 2176 1523 confitentem
2191 1507 2211 1538 ‚

81 1580 273 1628 concg
299 1560 360 1618 in
387 1559 685 1617 abstracto
698 1601 720 1630 ,
745 1557 839 1618 vel
865 1579 996 1636 neq.
1023 1555 1119 1616 vel
1141 1556 1318 1615 subd.
1361 1558 1720 1627 causaliter,
1743 1568 1808 1615 ut
1846 1578 1978 1615 cum
2000 1558 2215 1619 scholis

83 1654 392 1737 loquamur
410 1699 427 1730 ⁷
462 1675 652 1727 ωηατ,
683 1655 1060 1733 formaliter,
1090 1674 1216 1732 noy.
1256 1652 1404 1711 Cum
1430 1653 1555 1713 haec
1582 1654 1774 1736 potior
1800 1653 2111 1714 difficultas
2140 1655 2218 1714 sit

86 1748 162 1809 ob
188 1749 451 1833 plurium
493 1752 768 1826 Petrum,
797 1757 845 1813 V
888 1747 1259 1832 potissimum
1291 1759 1351 1809 et
1393 1750 1467 1807 VI
1496 1748 1711 1823 seculi,
1750 1750 2213 1832 expositionem,

159 2023 223 2088 (1)
261 2021 334 2072 De
364 2023 648 2092 Baptismo,
681 2023 765 2073 lib.
806 2038 874 2087 u,
898 2040 1004 2090 cap.
1048 2039 1067 2071 1
1092 2059 1108 2084 ,

93 2123 225 2153 num.
257 2120 309 2155 2.

164 2187 226 2250 (2)
271 2187 439 2237 Tract.
478 2204 641 2250 cxxiv,
687 2189 743 2236 in
779 2186 931 2239 Joan.
972 2207 1023 2239 n.
1060 2186 1110 2239 5.

167 2267 231 2331 (3)
268 2268 370 2318 Alia
393 2269 480 2320 cfr.
512 2270 637 2336 apud
661 2268 714 2317 P·
748 2264 1112 2333 Scheffmacher‚

97 2349 188 2399 loc.
216 2352 296 2398 cit.

169 2431 234 2494 (k)
271 2432 456 2482 Etenim
477 2431 527 2483 S.
547 2430 882 2501 Hieronymus,
905 2436 955 2482 in
970 2451 1013 2483 c.
1054 2449 1071 2481 ι
1090 2449 1107 2481 1

101 2514 303 2576 epistolae
335 2515 394 2562 ad
427 2514 585 2566 Galat.
616 2517 775 2566 scribit
807 2533 820 2564 z
849 2515 964 2566 Non
991 2515 1118 2581 quod

99 2592 240 2641 aliud
263 2597 505 2660 siqnificet
536 2593 710 2646 Petrus
727 2636 740 2658 ‚
762 2597 900 2646 aliud
923 2597 1114 2664 cephas,

101 2678 183 2726 sed
226 2679 352 2744 quod
400 2698 546 2745 quam
592 2698 679 2730 nos
716 2681 863 2730 latine
897 2690 942 2730 et
967 2698 1118 2747 qroeee

99 2770 284 2826 petram
299 2778 544 2826 vocamus,
567 2763 767 2812 Hebroei
785 2774 829 2813 et
840 2765 959 2829 Syri
968 2781 1118 2831 prop-

103 2849 173 2890 ter
206 2842 384 2908 linquae
417 2844 543 2892 inter
578 2862 626 2893 se
666 2847 902 2895 viciniam
935 2847 1119 2912 cephan

107 2926 480 2991 nuncupent.1n
506 2927 590 2974 lib.
614 2938 836 2976 autemut
858 2927 1045 2978 Comm.
1064 2928 1119 2976 in

107 3004 331 3055 Hierem.
354 3024 457 3072 cap.
500 3006 560 3056 16
580 3024 596 3057 ε
623 3007 737 3057 Non
767 3008 920 3055 solum
948 3010 1077 3056 enim
1103 3047 1116 3068 ‚

110 3086 279 3151 inquit,
303 3087 527 3137 Christus
544 3089 716 3152 Petra,
733 3091 814 3138 sed
833 3099 878 3138 et
893 3090 942 3138 A
939 3091 1120 3156 postolo

113 3161 250 3214 Petro
280 3168 509 3231 donavit,
562 3180 616 3219 ut
659 3181 910 3220 vocaretur
948 3175 1120 3228 Petra.

110 3243 302 3308 Tenus,
321 3254 405 3317 qui
420 3253 637 3320 objicitur
650 3272 703 3304 ex
722 3254 1032 3322 Hieronymo,
1042 3255 1124 3303 de-

114 3337 325 3394 sumptus
352 3344 418 3383 est
451 3353 505 3385 ex
554 3342 653 3403 eJus
673 3337 1028 3386 Commentario
1070 3339 1123 3386 in

113 3426 214 3475 cap.
243 3428 306 3460 vn
323 3411 377 3463 S.
396 3413 563 3467 matth.
591 3437 637 3468 v.
665 3434 728 3487 27
754 3456 769 3481 ,
800 3417 865 3468 28
886 3456 900 3480 ,
919 3420 1001 3468 ubi
1041 3437 1122 3469 ex-

112 3493 303 3558 planans
333 3494 386 3545 S.
417 3497 592 3550 Doctor
606 3500 776 3552 Christi
804 3504 944 3555 verba
970 3519 986 3555 ε
1021 3502 1128 3571 Qui

110 3576 366 3641 «edificavit
407 3580 598 3629 domum
645 3601 781 3633 suam
827 3603 971 3654 super
1013 3603 1124 3634 are·

109 3674 224 3706 nam
253 3698 266 3721 ‚
298 3671 386 3711 etc.
415 3665 599 3728 exponit
619 3669 809 3731 mystice
825 3668 882 3717 de
905 3668 1087 3717 Christo
1105 3703 1122 3730 ‚

1195 2024 1277 2089 qui
1309 2030 1376 2072 est
1396 2022 1755 2071 fundamentum
1782 2024 2035 2089 principale
2062 2030 2111 2073 et
2138 2028 2221 2074 in-

1198 2104 1379 2154 visibile
1422 2104 1675 2167 Ecclesiae3
1712 2122 1848 2170 porro
1884 2108 1934 2153 in
1961 2123 2046 2172 cap
2097 2124 2218 2169 xvr,

1196 2206 1372 2237 nomen
1400 2188 1521 2237 Petri
1544 2188 1601 2238 de
1629 2204 1823 2253 persona
1845 2187 1965 2238 Petri
1991 2192 2219 2255 interpre-

1197 2280 1344 2331 tatur,
1362 2271 1519 2319 dicens
1544 2284 1558 2319 z
1585 2268 1668 2317 Ita
1694 2270 1946 2318 etSimoni
1968 2306 1985 2332 ‚
2015 2273 2104 2335 qui
2120 2289 2222 2321 cre-

1198 2350 1336 2399 debat
1363 2353 1420 2398 in
1438 2359 1627 2416 petram
1651 2349 1900 2398 Christum
1922 2387 1936 2410 ‚
1964 2351 2108 2399 Petri
2119 2352 2220 2401 lar-

1182 2434 1327 2498 <quus
1357 2441 1427 2481 est
1450 2449 1642 2482 nomen.
1672 2430 1749 2509 Sic
1781 2435 1919 2482 etiam
1951 2430 2223 2484 Theodore-

1202 2525 1274 2563 tus
1291 2552 1307 2576 ,
1333 2518 1382 2563 in
1407 2532 1512 2579 cap.
1553 2531 1636 2576 111,
1663 2518 1796 2580 epist.
1824 2533 1842 2564 1
1872 2516 1928 2564 ad
1953 2516 2062 2566 Cor.
2085 2517 2222 2582 Quod

1201 2597 1318 2646 dixit
1370 2596 1616 2662 Apostolus
1660 2613 1675 2646 t
1713 2595 1861 2645 Nemo
1894 2607 2051 2664 potest
2085 2598 2225 2647 aliud

1195 2679 1571 2745 fundamentum
1596 2696 1775 2745 ponere
1800 2717 1816 2742 ‚
1862 2692 1954 2730 etc.
1988 2681 2218 2743 affirmat,

1203 2761 1439 2810 Christum
1458 2779 1553 2810 esse
1569 2762 1925 2810 fundamentum
1944 2764 2220 2829 principale,

1203 2862 1282 2893 seu
1333 2847 1483 2909 potius
1543 2844 1901 2893 fundamentum
1941 2846 2223 2912 objectivum

1205 2926 1313 2975 {idei
1332 2937 1498 2975 nostrae
1519 2963 1532 2986 ‚
1558 2927 1681 2992 quod
1711 2926 1872 2975 Petrus
1894 2930 2046 2992 posuit
2065 2931 2113 2975 in
2137 2946 2223 2978 sua

1204 3010 1490 3058 confessione
1503 3045 1521 3071 ‚
1545 3012 1596 3057 in
1614 3027 1706 3075 quo
1723 3009 1852 3058 nulia
1877 3021 1944 3058 est
1957 3009 2223 3078 difficultgs.

1274 3091 1338 3157 (5)
1375 3091 1475 3142 Cfr.
1519 3092 1687 3140 Franc.
1724 3091 1834 3139 Ant.
1884 3091 1954 3141 De
1992 3092 2225 3143 Simeoni-

1204 3175 1291 3224 bus
1313 3211 1328 3235 ,
1376 3176 1457 3225 De
1497 3192 1615 3223 rom.
1658 3170 1914 3239 Pontificis
1939 3177 2225 3242 judiciaria

1198 3266 1428 3323 potestate
1443 3295 1458 3319 ‚
1475 3258 1633 3306 Romae
1653 3273 1778 3325 ¹7¹7
1801 3293 1816 3318 ‚
1842 3263 1962 3308 tom.
1982 3275 2025 3323 ι,
2044 3277 2147 3324 cap.
2175 3275 2222 3322 ι,

1204 3337 1235 3406 ἓ
1264 3337 1298 3388 6
1319 3377 1334 3401 ,
1374 3340 1456 3389 ubi
1500 3340 1717 3388 adversus
1745 3340 2011 3409 Launojum
2040 3351 2085 3388 et
2122 3341 2226 3391 Du-

1206 3425 1388 3487 pinium
1407 3423 1623 3483 ostendit,
1642 3423 1872 3490 ejusmodi
1888 3426 2223 3490 expositionem

1207 3507 1421 3571 apprime
1440 3504 1672 3553 conciliari
1689 3522 1798 3555 cum
1818 3505 2003 3555 litterali
2018 3507 2221 3570 propria,

1207 3588 1348 3635 etiam
1366 3589 1415 3634 in
1431 3604 1567 3636 sensu
1588 3604 1749 3638 eorum
1764 3588 1974 3648 Patrum,
1993 3588 2074 3653 qui
2090 3587 2225 3638 nobis

1207 3668 1511 3735 objiciuntur.
