2514 4218
292 205 371 264 78
904 228 1098 266 maor.
1144 228 1211 264 m:
1255 228 1401 267 LOCIS
1445 231 1818 271 rnaotoclcis.

289 369 503 452 quibus
529 381 839 451 propterea
860 371 1183 430 abhorrent
1203 414 1219 444 7
1249 369 1312 428 id
1342 371 1409 428 fit
1430 415 1446 445 7
1472 373 1631 451 quia,
1654 374 1799 434 dum
1815 376 1928 457 ipsi
1947 419 1965 450 ‚
1992 386 2057 434 ut
2084 376 2283 436 fucum
2315 379 2405 438 fa·-

288 465 449 524 ciant
481 465 725 524 incautis
745 511 761 540 7
790 467 1173 548 profitentur,
1213 485 1274 523 se
1298 467 1710 527 tantummodo
1740 470 2023 531 inhaerere
2060 472 2234 532 sacris
2282 474 2404 532 Lit—

289 561 462 639 teriS,
501 583 643 642 quas
677 562 915 619 unicum
953 559 1480 620 controversiarum
1517 561 1778 639 judicem
1816 566 2181 647 proclamant
2215 613 2231 642 7
2283 591 2406 627 non

289 656 602 737 Evangelio
621 703 637 731 7
674 655 778 715 sed
804 653 913 713 sibi
943 654 1077 714 solis
1106 656 1357 716 credunt
1390 657 1498 738 (1).
1538 658 1772 730 Quoties
1811 674 2118 743 propterea
2143 665 2406 743 Evange-

288 752 434 813 lium
471 752 688 835 aliquid
727 753 1102 813 commendat
1125 798 1140 827 7
1187 752 1343 836 quod
1379 753 1514 835 ipsis
1547 776 1669 813 non
1703 754 1981 830 arrideat,
2029 760 2405 840 Evangelium

288 850 538 910 eludunt
572 869 637 906 ac
668 848 815 907 mire
856 848 1210 931 detorquent
1231 894 1245 923 7
1291 871 1366 908 ne
1398 848 1538 930 quid
1567 871 1731 909 exeo
1752 851 2111 912 incommodi
2147 855 2399 935 capiant.

374 944 507 1004 135.
535 941 667 1021 obj.
697 943 971 1005 secunda.
992 946 1054 1003 10
1079 944 1258 1003 Plane
1284 944 1560 1004 ridendos
1586 968 1645 1004 se
1669 945 1959 1027 praebent7
1985 949 2084 1029 qui
2109 950 2172 1007 in
2203 959 2366 1008 tanta
2386 996 2404 1024 7

286 1042 349 1099 in
388 1061 500 1121 qua
551 1060 885 1115 versamur,
929 1039 1302 1099 scientiarum
1342 1039 1469 1099 luce
1506 1040 1696 1100 adhuc
1740 1044 2258 1103 comminiscuntur
2294 1067 2406 1104 ex·-

285 1135 671 1195 traordinaria
711 1134 898 1210 dona7
955 1135 1293 1219 prophetias
1320 1181 1336 1211 7
1376 1136 1649 1196 miracula
1683 1183 1698 1211 7
1743 1159 1806 1196 ac
1845 1139 1889 1198 si
1923 1139 2146 1221 superis
2180 1140 2404 1222 placet,

285 1243 540 1292 exstases
568 1277 583 1306 7
644 1242 886 1314 raptus7
923 1243 992 1290 ut
1043 1230 1213 1291 nobis
1270 1231 1586 1307 suadeant7
1633 1233 1751 1292 imo
1797 1245 1856 1293 et
1902 1234 2294 1315 persuadeant
2341 1237 2406 1296 in

284 1326 499 1386 Christi
554 1326 799 1387 Ecclesia
849 1326 1040 1386 adhuc
1089 1329 1283 1408 vigere
1328 1328 1791 1410 supernaturalia
1844 1329 2227 1406 charismata,
2280 1333 2406 1414 qui-

284 1421 394 1481 bus
424 1423 726 1482 manifesta
746 1424 847 1481 fiat
870 1434 1073 1482 mutua
1108 1424 1560 1482 communicatio
1582 1425 1737 1483 inter
1759 1423 2022 1487 divinum
2055 1426 2408 1487 humanum-

280 1540 398 1600 que
426 1516 811 1577 elementum.
840 1519 908 1576 20
929 1518 1185 1578 Utenim
1204 1519 1564 1594 omittamuS,
1590 1518 1885 1579 donorum
1907 1521 2142 1580 illorum
2170 1522 2407 1582 affluen-

283 1614 426 1672 tiam
451 1614 726 1673 coarctari
768 1634 803 1673 a
838 1612 1106 1672 Patribus
1131 1656 1149 1681 7
1191 1613 1544 1672 nominatim
1583 1634 1723 1673 vero
1764 1636 1796 1673 a
1829 1617 1926 1674 SS.
1964 1618 2281 1697 Augustino
2311 1620 2404 1699 (2)

280 1720 345 1769 et
379 1710 654 1789 Gregorio
688 1710 767 1768 M.
819 1708 894 1767 ad
931 1707 1192 1768 Ecclesiae
1242 1708 1406 1767 initia
1429 1752 1447 1784 ‚
1492 1709 1729 1790 quando
1765 1709 1907 1770 fides
1950 1724 2077 1772 erat
2114 1713 2405 1773 miraculis

282 1806 597 1864 nutrienda
624 1805 744 1885 (3);
771 1805 837 1864 30
861 1804 1229 1887 exploratum
1253 1816 1342 1864 est
1362 1849 1378 1879 7
1413 1826 1572 1864 nunc
1597 1806 1810 1887 passim
1850 1807 2029 1889 recipi
2056 1830 2088 1866 a
2116 1809 2402 1890 sapienti-

282 1901 393 1961 bus
441 1902 576 1964 viris
621 1913 875 1983 systema
919 1900 1190 1982 mythicae
1235 1901 1607 1983 expositionis
1663 1901 1854 1983 quoad
1903 1903 2101 1962 omnia
2158 1903 2257 1964 illa
2300 1926 2406 1965 ve·-

283 1999 423 2059 teris
459 2019 523 2058 ac
562 1999 701 2057 novi
735 1997 1074 2057 testamenti
1119 1995 1244 2055 loca
1271 2042 1287 2071 7
1333 2016 1463 2078 quae
1506 1996 1908 2056 immediatam
1956 2000 2062 2058 Dei
2113 2000 2405 2059 actionem

282 2118 407 2177 prae
444 2116 504 2153 se
547 2095 697 2154 ferre
739 2094 1035 2153 videntur.
1082 2091 1148 2151 40
1192 2094 1340 2151 Sane
1388 2104 1688 2174 praeeunte
1727 2095 1928 2174 Heyne
1952 2140 1968 2169 7
2012 2094 2354 2154 Eichornius
2382 2141 2401 2162 7

287 2190 591 2250 Paulusius
619 2235 636 2264 7
691 2189 905 2271 aliique
951 2211 1074 2247 non
1121 2189 1292 2270 pauci
1330 2189 1763 2263 Pro-testantes7
1810 2190 2114 2272 utriusque
2164 2190 2402 2251 foederis

281 2288 676 2347 lectiunculas
704 2285 824 2366 (4),
853 2285 915 2343 in
949 2283 1161 2366 quibus
1198 2285 1531 2344 referuntur
1564 2285 1669 2343 Dei
1712 2286 2244 2363 manifestationes7
2286 2287 2402 2346 mi-

281 2382 474 2443 racula
499 2428 517 2457 7
556 2381 783 2463 aliaque
820 2379 1104 2459 ejusmodi
1138 2380 1285 2438 mira
1325 2391 1384 2439 et
1426 2379 1884 2442 extraordinaria
1912 2393 2158 2458 eventa,
2189 2403 2396 2462 exege-

281 2490 422 2537 runt
449 2476 525 2536 ad
546 2476 915 2537 ethnicorum
939 2474 1172 2556 mythos
1194 2520 1209 2549 7
1251 2486 1317 2534 ut
1355 2475 1432 2534 sic
1460 2474 1708 2536 fundum
1732 2476 2072 2536 historicum
2106 2487 2268 2537 veste
2297 2498 2398 2536 seu

281 2584 566 2657 apparatu
598 2572 857 2655 mythico
880 2571 1243 2653 expoliarent
1264 2616 1279 2645 7
1305 2571 1740 2652 aperirentque7
1781 2571 1940 2652 quod
1975 2570 2084 2629 sub
2110 2571 2213 2631 illo,
2237 2595 2399 2653 sym-

279 2669 468 2729 bolico
494 2668 626 2730 velo
661 2666 961 2747 tegebatur
989 2666 1100 2744 (5).
1140 2667 1205 2723 5⁰
1235 2665 1460 2724 Deinde
1495 2687 1673 2747 quem
1708 2666 1886 2742 latet,
1922 2675 1980 2725 et
2003 2688 2035 2725 a
2060 2668 2398 2728 vetustiori-

283 2766 394 2825 bus
425 2765 707 2826 haereticis
725 2775 783 2823 et
806 2762 878 2822 ab
897 2762 1035 2844 ipsis
1058 2760 1523 2820 Protestantibus
1549 2760 1855 2837 miracula,
1879 2762 1997 2821 imo
2022 2774 2079 2821 et
2096 2764 2394 2830 vaticinia,

282 2864 534 2923 visiones
567 2859 852 2943 praetendi
874 2904 890 2932 7
929 2879 993 2916 ac
1016 2855 1259 2938 proferri
1288 2867 1351 2914 ut
1385 2867 1792 2936 argumentum
1818 2857 2190 2917 ineluctabile
2211 2858 2397 2918 divini

281 2959 345 3017 in
383 2958 680 3040 propriam
709 2967 922 3016 sectam
951 2953 1203 3014 favoris?
1242 2951 1508 3012 Celebres
1543 2953 1697 3011 inter
1723 2964 1940 3012 ceteras
1978 2965 2118 3013 sunt
2147 2955 2395 3016 visiones

283 3053 574 3112 lutherani
624 3049 1078 3129 Swedenborgii.
1146 3048 1212 3105 6⁰
1269 3048 1534 3130 Denique
1583 3058 1643 3107 et
1702 3047 1846 3106 illud
1887 3049 2254 3130 exploratum
2309 3060 2396 3108 est

353 3247 416 3311 (l)
447 3246 568 3312 Quid
600 3250 724 3296 enim
756 3247 923 3296 clarius
958 3247 1008 3293 in
1040 3243 1290 3309 Scripturis
1454 3242 1528 3306 (2)
1553 3241 1607 3289 In
1624 3241 1708 3289 lib.
1726 3239 1807 3288 De
1825 3257 1938 3288 vera
1962 3239 2191 3304 reliqione
2211 3278 2223 3302 ‚
2248 3259 2290 3290 c.
2309 3240 2393 3301 25,

282 3331 480 3380 trad-itur
541 3348 683 3396 quam
730 3329 982 3379 consilium
1051 3327 1294 3376 coelibatus
1386 3342 1438 3375 n.
1464 3325 1546 3390 47.

283 3432 337 3464 ac
379 3416 658 3480 paupertatis
701 3414 971 3462 voluntarias
991 3449 1006 3472 7
1052 3409 1294 3459 necessitas
1455 3406 1522 3470 (3)
1561 3405 1839 3455 Hom.xx1x
1864 3406 1921 3452 ἐπ
1941 3403 2237 3470 Evanqelia.

282 3501 391 3547 item
431 3497 661 3545 bonorum
718 3513 910 3561 operum
956 3495 1016 3544 ad
1054 3494 1249 3543 salutem
1276 3531 1289 3552 7
1455 3493 1518 3557 (k)
1557 3491 1805 3558 Leqendas
1838 3504 2022 3542 vocant.

283 3583 525 3631 necessitas
554 3581 830 3645 poenitentiae
857 3583 881 3627 Ἰ
912 3580 1003 3630 Sed
1042 3580 1152 3645 quia
1196 3577 1293 3624 haec
1448 3575 1519 3639 (ὅ)
1558 3574 1695 3640 Apud
1737 3573 1952 3635 Stratum,
2004 3575 2058 3623 V
2057 3579 2103 3624 ie
2133 3575 2191 3624 de
2221 3573 2389 3624 Jews-

283 3663 648 3714 Protestantibus
663 3680 759 3711 non
773 3663 994 3723 arrident,
1011 3679 1062 3712 ea
1076 3664 1126 3710 in
1139 3657 1289 3725 Scrip-
1386 3657 1549 3707 Christ
1569 3694 1584 3719 ‚
1606 3667 1721 3705 tom.
1752 3675 1767 3705 ι
1786 3695 1799 3717 ,
1825 3676 1975 3723 prem.
1999 3667 2119 3725 part.
2137 3657 2392 3707 Introduc-

282 3747 396 3794 turis
421 3764 518 3795 non
547 3746 811 3795 inveniunt.
1382 3743 1482 3791 tion
1499 3778 1514 3804 ,
1539 3738 1565 3807 §
1592 3738 1622 3789 5
1645 3750 1690 3790 et
1720 3758 1849 3807 seqq.
