2514 4218
491 198 655 234 nur.
702 198 745 233 1.
794 195 939 234 secr.
983 194 1044 233 11.
1094 194 1218 233 cu.
1270 194 1349 232 lv.
1394 193 1463 229 nn
1505 191 1686 229 norm.
1737 191 1891 228 ram.
2129 168 2253 228 519

130 351 292 398 retur
314 338 568 421 epistolae
590 358 697 418 per
718 336 1202 418 subscriptionem
1229 336 1644 416 Episcoporum
1666 331 1740 390 ab
1768 331 2042 390 universa
2063 330 2254 391 Eccle-

131 436 211 492 sia
231 439 356 512 jam
384 444 666 513 receptae,
702 434 787 490 uti
819 444 1045 491 constat
1080 453 1150 491 ex
1178 433 1235 490 S.
1273 429 1476 490 Leonis
1513 427 1769 510 epistolis
1802 427 1917 507 (1),
1946 437 2006 485 et
2032 448 2252 509 appro-

129 527 312 601 batae,
366 528 450 586 uti
500 526 786 601 vidimus,
839 548 944 607 per
993 526 1255 604 ejusdem
1304 523 1544 583 Concilii
1591 522 2070 596 acclamationeS‚
2123 542 2257 632 quae

131 623 381 704 proinde
418 628 584 703 juxta
627 622 985 684 adversarios
1026 620 1462 680 irreformabilis
1496 625 1622 697 jam
1658 629 1786 678 erat
1821 617 1932 698 (2).

212 719 357 777 766.
394 719 480 778 Ad
504 720 588 776 2¹1¹
595 719 782 798 N.e9
805 719 950 776 Cum
971 739 1044 777 ex
1065 716 1241 775 modo
1263 715 1429 774 dictis
1452 714 1610 774 aliud
1632 714 1705 772 sit
1727 711 1985 772 liberum
2006 733 2254 775 examen

131 814 637 887 confirmativum,
682 812 842 871 aliud
883 834 1021 871 vero
1059 809 1456 871 dubitativum
1501 831 1634 868 cum
1671 807 1945 868 libertate
1984 810 2251 868 assensus

132 908 227 967 vel
261 909 584 984 dissensuS‚
624 908 784 990 quod
817 927 1120 988 nunquam
1165 906 1515 985 permissum
1544 914 1644 963 ‘est
1697 903 1848 962 circa
1901 901 2252 983 dogmaticas

133 1024 282 1062 rom.
325 1005 670 1062 Pontificum
708 1002 1109 1075 definitione8‚
1159 1001 1336 1059 etiam
1375 1011 1516 1058 ante
1549 1020 1788 1058 omnem
1822 997 2086 1057 Ecclesiae
2117 1019 2255 1057 con-

132 1119 392 1157 sensum.
430 1099 765 1158 Caelestinus
806 1098 998 1169 enim.
1044 1097 1154 1155 Leo
1189 1098 1300 1169 M..
1339 1095 1563 1174 Agatho
1597 1092 1871 1176 epistolas
1912 1115 2043 1153 suas
2089 1094 2258 1153 mise-

135 1204 275 1251 runt
308 1193 381 1252 ad
418 1193 671 1253 Concilia
713 1190 1103 1274 Ephesinum‚
1143 1190 1620 1250 Chalcedonense
1657 1200 1717 1248 et
1759 1188 2258 1271 Constantinopo-

132 1286 383 1348 litanum
429 1290 508 1348 ΙΙΙ
559 1288 742 1348 veluti
779 1299 1090 1358 normam,
1139 1306 1316 1366 quam
1362 1296 1747 1367 sequerentur
1795 1284 1921 1346 haec
1958 1284 2252 1359 Concilia,

135 1396 407 1444 caventes
450 1398 719 1465 expresse
763 1381 826 1439 in
871 1379 1187 1452 mandatis,
1227 1400 1354 1460 quae
1389 1380 1504 1437 suis
1549 1379 1752 1459 legatis
1796 1379 2124 1455 dederunt,
2179 1401 2257 1439 ne

138 1479 440 1561 quidpiam
485 1480 546 1536 in
592 1477 700 1551 iis,
735 1498 864 1558 quae
904 1474 986 1534 ibi
1032 1475 1105 1534 de
1141 1473 1256 1534 fide
1283 1472 1774 1548 continebantur,
1802 1475 2104 1534 immutari
2150 1496 2258 1556 pa-

133 1585 398 1633 terentur
437 1572 548 1652 (3).
1724 1587 1725 1590 ’

217 1668 358 1728 767.
404 1669 491 1727 Α(1
524 1667 629 1742 3²¹¹,
670 1671 820 1726 Dist.
851 1664 936 1725 Ab
968 1664 1249 1724 haereticis
1286 1686 1386 1724 seu
1415 1664 1672 1723 sectariis
1695 1708 1711 1738 a
1737 1684 1936 1732 conc.,·
1973 1685 2004 1721 a
2043 1663 2260 1723 Catho-

133 1764 256 1822 licis
276 1809 292 1838 ,
327 1785 460 1843 neq.
497 1763 555 1820 Si
586 1763 747 1822 enim
785 1771 1096 1821 novatores
1133 1759 1383 1841 excipias
1403 1805 1419 1833 .‚
1454 1758 1648 1817 nullos
1672 1759 1734 1816 in
1766 1770 1886 1817 tota
1912 1759 2262 1840 antiquitate

133 1859 426 1939 reperim,
465 1858 564 1938 qui
596 1879 628 1916 a
661 1855 1045 1915 damnatione
1076 1875 1183 1936 per
1219 1876 1369 1913 rom.
1414 1854 1753 1912 Pontificem
1794 1853 1942 1912 facta
1984 1853 2059 1912 ad
2102 1855 2262 1913 Con-

135 1953 338 2011 cilium
369 1951 794 2012 oecumenicum
817 1949 1263 2032 appellaverint.
1286 1952 1428 2022 Quae
1454 1970 1594 2009 vero
1619 1947 1827 2008 adduci
1852 1949 2043 2008 solent
2069 1970 2266 2009 exem-

137 2046 237 2128 pla
269 2046 364 2108 vel
392 2048 446 2106 S.
475 2046 752 2128 Cypriani
793 2045 887 2106 vel
919 2043 1614 2119 Quartodecimanorum‚
1645 2065 1768 2103 non
1798 2056 1938 2103 sunt
1979 2044 2052 2104 de
2082 2045 2264 2104 causis

210 2266 277 2330 (1)
315 2265 494 2330 Nempe
521 2268 656 2329 epist.
683 2267 760 2312 cit.
789 2263 902 2312 edit.
932 2278 1127 2311 mxxxvui
1145 2299 1158 2322 ,

140 2349 224 2397 ubi
253 2365 356 2412 cap.
392 2364 408 2395 1
430 2385 446 2408 ‚
467 2347 566 2395 haec
582 2363 789 2411 expresse
806 2345 946 2393 habet
962 2343 1014 2393 S.
1032 2343 1124 2392 Leo
1144 2360 1159 2392 ε

139 2429 410 2495 Epistulam
433 2429 647 2476 nostram
664 2465 678 2489 ‚
709 2444 853 2492 quam
887 2426 952 2474 ad
978 2434 1161 2474 sanctoe

52 2505 63 2516 ⁸
140 2512 382 2559 naernorioe
414 2510 716 2558 Flavianum
762 2510 818 2557 de
860 2508 949 2556 hac
982 2525 1031 2555 re
1061 2506 1162 2573 ple-

146 2596 404 2641 nissimam
424 2595 672 2655 misimus,
689 2608 924 2656 quamque
940 2589 1160 2639 Ecclesia

144 2675 438 2723 universalis
462 2675 780 2741 amplectitur.
801 2674 975 2722 Eadem
995 2676 1160 2740 repetit

143 2756 260 2806 ibid.
290 2776 394 2822 cap.
426 2758 487 2815 3,
521 2760 632 2805 item
662 2759 711 2803 in
738 2758 996 2821 epist.*xc1.

215 2841 283 2904 (2)
315 2839 417 2888 Csr.
442 2839 579 2887 Card.
598 2837 726 2897 Orsi,
749 2856 827 2903 op.
849 2841 929 2887 cit.
951 2836 1025 2887 De
1043 2840 1162 2886 irre-

143 2920 396 2986 formabili
444 2937 563 2968 rom.
626 2919 886 2983 Pontificis
923 2920 1124 2983 judicio
1143 2959 1162 2981 ,

143 3014 260 3052 tom.
296 3021 341 3066 1,
372 3014 490 3068 part.
526 3020 570 3062 1,
605 3002 684 3050 ubi
712 3005 893 3067 copiose
931 3019 983 3050 ac
1012 3003 1162 3051 inelu-

148 3086 302 3135 ctabili
319 3103 500 3150 prorsus
514 3088 692 3133 ratione
704 3083 923 3147 ostendit,
940 3102 1132 3133 examen
1146 3121 1160 3145 ,

151 3169 276 3234 quod
318 3169 555 3217 interdum
599 3169 876 3232 permissum
914 3176 980 3214 est
1014 3166 1071 3214 de
1109 3168 1165 3214 iis

152 3267 256 3316 quae
283 3261 413 3298 antea
438 3253 559 3298 circa
575 3249 712 3297 fidem
738 3248 926 3296 definita
943 3250 1038 3314 jam
1060 3248 1165 3296 fue-

157 3345 261 3383 rant
289 3352 315 3382 a
348 3352 463 3382 rom.
496 3334 797 3381 Pontificibus
818 3371 831 3392 ‚
866 3333 995 3382 nullo
1028 3333 1164 3381 modo

157 3418 386 3464 adversari
425 3416 740 3464 irretractabili
778 3431 940 3464 eorum
979 3414 1170 3480 dogma-

161 3501 249 3546 tico
274 3498 465 3565 judicio.
508 3497 664 3546 Adfert
701 3500 828 3546 enim
862 3499 1174 3547 luculentissi-

161 3597 237 3628 ma
281 3580 488 3645 exempla
546 3579 835 3628 decretorum
893 3578 1172 3646 dogmatico·

162 3679 264 3710 rum
281 3699 294 3723 ‚
323 3679 423 3728 quae
450 3660 509 3710 ab
537 3663 833 3712 oecumenicis
854 3660 1054 3728 Synodis
1076 3665 1175 3729 jam

1243 2261 1334 2310 lata
1356 2261 1539 2309 fuerant
1553 2298 1565 2321 ‚
1589 2277 1790 2326 quaeque
1812 2270 2048 2326 propterea
2069 2264 2136 2310 uti
2154 2265 2266 2311 irre·
2322 2270 2325 2272 '

1242 2345 1503 2392 formabilia
1530 2344 1588 2392 ab
1625 2343 1844 2391 omnibns
1875 2344 2110 2392 catholicis
2140 2362 2263 2393 sem—

1241 2443 1323 2491 per
1345 2426 1502 2481 habita
1534 2436 1642 2473 sunt
1659 2463 1672 2485 ‚
1702 2435 1747 2473 et
1771 2436 1925 2473 tamen
1944 2426 2074 2474 fuere
2093 2428 2142 2475 in
2163 2426 2264 2475 aliis

1242 2509 1632 2576 subsequentibus
1680 2508 1901 2557 Conciliis
1948 2510 2114 2556 iterum
2161 2526 2267 2558 exa-

1243 2595 1358 2640 mini
1374 2591 1581 2657 subjecta
1599 2609 1614 2654 3
1633 2608 1770 2638 nemo
1800 2583 1951 2638 autem
1970 2591 2113 2650 dicet,
2138 2591 2267 2656 ejus-

1245 2674 1367 2722 modi
1381 2675 1592 2722 examine
1604 2673 1843 2738 quidpiam
1857 2672 2115 2719 detractum
2126 2671 2266 2720 fuisse

1241 2758 1380 2821 priori
1422 2756 1661 2814 firmitati,
1706 2772 1846 2819 quam
1880 2753 2060 2818 Jamdiu
2099 2754 2262 2803 eadem
2309 2770 2314 2773 ·

1242 2841 1510 2888 obtinerent
1526 2875 1539 2897 ‚
1565 2848 1644 2886 aut
1670 2852 1800 2902 posse
1830 2839 1980 2884 vocari
2012 2837 2135 2885 istud
2161 2853 2269 2886 exa·

1243 2939 1352 2971 men
1376 2921 1702 2968 dubitativum.
1723 2917 1823 2967 Cfr.
1840 2921 2089 2983 praesertim
2109 2935 2152 2967 c.
2175 2916 2268 2978 15,

1243 3015 1331 3053 art.
1361 3019 1378 3050 1
1405 3012 1449 3052 et
1467 3019 1599 3068 seqq.
1626 3003 1708 3067 qui
1738 3003 1924 3065 propius
1950 3001 2008 3049 ad
2038 3018 2136 3049 rem
2155 3017 2266 3049 nos-

1244 3097 1360 3134 tram
1387 3085 1674 3146 referuntur3
1713 3084 1824 3131 item
1853 3099 1957 3147 cap.
1999 3098 2054 3147 17
2075 3119 2090 3140 ‚
2125 3091 2213 3131 art.
2240 3097 2260 3129 ι

1246 3178 1289 3217 et
1313 3184 1445 3233 seqq.
1478 3177 1578 3213 tum
1610 3176 1728 3230 part.
1757 3181 1792 3211 ιι
1810 3201 1824 3225 ,
1854 3181 1952 3229 cap.
1974 3164 2035 3230 37
2056 3199 2069 3223 ,
2092 3173 2179 3212 art.
2210 3179 2228 3210 1
2250 3178 2266 3226 ;

1246 3267 1433 3298 necnon
1471 3248 1736 3308 Ballerinii,
1775 3249 1825 3295 in
1854 3252 1965 3316 nota
2002 3243 2062 3309 14
2090 3245 2146 3292 ad
2180 3246 2263 3292 cit.

1245 3330 1408 3397 Epist.
1425 3329 1491 3378 ad
1527 3328 1804 3378 Theodorei.
1835 3330 1885 3376 in
1903 3329 2002 3376 haec
2029 3331 2126 3392 ipsa
2157 3341 2264 3392 quae

1251 3414 1536 3480 objiciuntur
1565 3413 1718 3461 verba.
1752 3410 1853 3459 Hoc
1877 3427 2075 3473 examen
2107 3426 2134 3458 a
2161 3407 2265 3458 Bal-

1251 3496 1416 3545 lerinio
1442 3505 1634 3545 vocatur
1667 3495 1940 3543 revisionis.

1324 3577 1391 3643 (3)
1430 3577 1530 3628 cfr.
1559 3580 1657 3628 citt.
1688 3586 1914 3627 auctores.
