2514 4218
515 254 668 293 mar.
715 255 757 289 1.
806 254 929 291 car.
979 255 1065 290 111.
1110 255 1178 290 ms
1222 254 1490 292 sceresm
1531 254 1710 292 norm.
1883 239 1888 246 ’
2050 235 2162 296 151

73 401 397 476 tranqres'si
421 405 564 452 sunt
588 396 771 474 19993,
805 406 1188 454 mutaverunt
1195 400 1308 473 jus
1322 438 1345 466 ,
1386 395 1765 473 dissiparunt
1788 397 1990 472 foedus
2022 417 2167 455 sem·

61 497 458 571 piternum...·
492 488 826 567 Loquimur
836 533 859 561 ,
922 490 1062 550 Ven.
1108 490 1384 558 Fratres,
1419 510 1547 567 quae
1583 489 1791 547 vestris
1827 492 1954 567 ipsi
1983 492 2169 549 oculis

70 587 437 663 conspicitis,
476 606 609 662 quoe
651 584 1069 643 communi-bus
1104 584 1330 642 idcirco
1364 586 1652 663 lacrymis
1694 586 2164 662 inyemiscimus.

69 680 306 739 Alacris
320 680 544 736 eoeultat
561 680 934 757 improbitas,
952 679 1202 736 scientia
1221 679 1572 756 impudens,
1599 679 1884 737 dissoluta
1907 679 2169 738 licentia.

69 775 418 850 Despicitur
445 776 732 832 sanctitas
759 792 1102 838 sacrorum,
1141 780 1197 827 et
1226 791 1360 847 quoe
1384 793 1669 851 maynam
1698 776 1824 831 vim
1864 793 2173 853 magnam·

69 889 178 945 que
210 871 607 926 necess-itatem
634 867 929 945 possidet,
951 865 1157 921 divini
1185 865 1384 922 cultus
1416 870 1695 943 majestas
1716 869 1798 925 ab
1824 868 2172 926 bominibus

70 981 326 1038 nequam
368 962 790 1040 improbatur,
830 959 1176 1038 polluitur,
1226 959 1485 1017 liabetur
1531 962 1867 1022 ludibrio...
1923 974 2177 1022 vexatur

70 1059 358 1113 acerrime
388 1076 642 1115 romana
668 1055 792 1113 koec
827 1055 1144 1114 nostraB.
1172 1054 1350 1111 Petri
1381 1054 1628 1113 Sedesr..
1666 1066 1721 1113 et
1757 1060 2001 1118 vincula
2027 1062 2177 1116 uni-

70 1153 208 1208 tatis
239 1155 309 1208 in
342 1152 467 1209 dies
498 1153 691 1229 maqis
719 1149 1206 1226 labefactantur,
1242 1149 2012 1230 abrumpuntur‚·divina
2049 1153 2179 1212 Ec—

70 1245 257 1302 clesioe
284 1247 606 1304 auctoritas
636 1253 1055 1322 oppugnatur,
1097 1245 1406 1321 ipsiusque
1423 1246 1685 1320 juribus
1718 1239 2011 1305 convulsis
2031 1249 2177 1306 sub-

72 1344 368 1399 sternitur
393 1345 530 1418 ipsa
561 1335 818 1397 terrenis
854 1339 1199 1397 rationibus
1222 1368 1243 1406 4,
1275 1359 1350 1396 ac
1378 1359 1498 1417 per
1533 1360 1840 1400 summam
1872 1344 2177 1419 injuriam

72 1436 202 1493 odio
238 1435 602 1514 populorum
644 1435 1009 1511 subjicitur,
1065 1436 1131 1491 in
1179 1443 1416 1511 turpem
1471 1434 1713 1493 redacta
1766 1439 2173 1495 servitutem...

74 1528 415 1590 Personant
442 1528 808 1587 horrendum
832 1533 903 1588 in
932 1529 1178 1586 modum
1216 1528 1542 1586 academice
1572 1538 1627 1585 et
1653 1532 1976 1608 gymnasia
2014 1536 2180 1589 nocis

74 1627 426 1703 opinionum
462 1627 782 1702 monstris,
820 1634 924 1683 etc.
961 1623 1233 1683 Alteram
1272 1644 1440 1680 nunc
1463 1626 1900 1701 ‘persequimur
1930 1644 2181 1683 causam

73 1721 367 1778 malorum
401 1718 812 1787 uberrimam,
849 1719 1074 1797 quibus
1107 1718 1392 1796 afflictari
1426 1720 1497 1775 in
1527 1738 1795 1796 proesens
1828 1720 2183 1798 comproba-

68 1835 202 1871 mus
230 1814 557 1871 Ecclesiam
575 1855 599 1883 ,
638 1812 1211 1891 indifferentismum
1256 1813 1512 1883 scilicet,
1559 1834 1661 1871 seu
1702 1833 1966 1892 pravam
2010 1814 2182 1883 illam

71 1913 446 1986 opinionem,
496 1929 630 1986 quoe
671 1900 1093 1986 improborum
1131 1907 1357 1985 fraude
1400 1927 1472 1965 eat
1518 1909 1688 1965 omni
1725 1918 1906 1986 parte
1938 1928 2183 1986 percre-

77 2004 243 2074 buit,
285 2014 394 2062 etc.
436 2001 825 2063 Vividioribus
862 2022 1001 2060 sane
1036 1999 1321 2060 coloribus
1362 2001 1523 2082 pingi
1541 1999 1801 2060 ‘Ecclesia
1825 2003 2185 2062 romanensis

77 2118 195 2154 non
231 2108 460 2178 poterat
489 2097 606 2177 (1).
647 2097 714 2155 60
743 2096 918 2174 Quod
944 2096 988 2155 si
1023 2106 1155 2177 post
1182 2095 1310 2154 haec
1331 2094 1522 2176 aliqua
1554 2095 1796 2154 unitatis
1831 2094 2042 2154 umbra
2079 2096 2184 2155 de-

78 2190 460 2271 prehenditur
504 2193 568 2250 in
606 2213 675 2260 ea
717 2191 968 2252 Ecclesia
989 2236 1006 2266 ‚
1056 2192 1311 2253 coactiva
1357 2190 1550 2272 potius
1594 2189 1840 2259 dicenda
1885 2202 1974 2250 est
2010 2211 2187 2272 quam

78 2284 401 2344 voluntaria
450 2296 550 2344 aut
594 2307 666 2345 ex
709 2290 830 2363 ejus
880 2297 1088 2349 natura
1135 2286 1472 2367 progenita3
1514 2286 1732 2346 etenim
1774 2288 2024 2347 historia
2062 2288 2190 2345 luce

78 2382 308 2459 clarius
328 2381 516 2450 docet,
541 2380 875 2441 Ecclesiam
907 2381 1258 2443 catholicam
1276 2401 1393 2459 per
1417 2390 1499 2438 tot
1523 2391 1808 2458 tantaque
1835 2383 2189 2458 facinorum

76 2485 345 2534 monstra
371 2477 638 2554 nefanda
656 2522 674 2545 ,
707 2476 930 2554 quibus
953 2476 1361 2535 crudelissime
1387 2496 1503 2534 usa
1542 2485 1626 2534 est
1658 2475 1745 2533 ad
1772 2475 2076 2534 haereticos
2099 2495 2192 2533 ea·-

78 2570 421 2648 tirpandos‚
459 2571 753 2648 impedire
774 2590 894 2628 non
917 2572 1211 2648 potuisse,
1242 2589 1358 2648 quo
1379 2571 1589 2630 minus
1616 2572 1687 2627 in
1715 2572 1843 2648 ipso
1876 2573 2006 2646 ejus
2031 2579 2186 2628 caetu

70 2668 354 2744 partium
389 2666 610 2724 studiis
644 2666 971 2724 dilacerato
996 2667 1319 2724 innumeri
1341 2668 1470 2743 f'ere
1496 2676 1680 2723 essent
1700 2660 2053 2740 christiani,
2085 2670 2199 2744 qui

72 2763 326 2838 puriore
361 2760 591 2818 imbuti
614 2762 945 2840 coqnitione
973 2781 1014 2818 a
1042 2760 1412 2818 decretorum
1446 2769 1503 2818 et
1527 2761 1728 2819 cultus
1766 2761 2047 2819 Ecclesioe
2083 2782 2197 2819 ca-

82 2855 310 2913 tholicoe
334 2859 677 2914 commentis
697 2857 1037 2934 lonyi'ssime
1061 2854 1452 2914 abhorrerent
1466 2897 1489 2927 ,
1519 2875 1622 2913 nec
1634 2897 1659 2926 ,
1695 2857 1822 2913 nisi
1841 2856 2196 2920 clericorum

82 2958 282 3008 astuta
317 2950 664 3028 crudelique
706 2950 1112 3011 dominatione
1152 2953 1441 3020 revincti,
1474 2959 1587 3008 aut
1622 2950 1915 3010 commodi
1939 2953 2195 3028 suiper-

85 3064 243 3103 verso
258 3045 452 3104 studio
469 3046 676 3116 ducti,
706 3049 775 3102 in
797 3047 943 3102 sinu
964 3046 1247 3104 Ecclesia,²
1274 3066 1396 3103 suoe
1417 3048 1868 3103 continerentur
1880 3044 1992 3126 (2).
2026 3046 2189 3125 Ergo·
2225 3088 2228 3091 -

171 3139 312 3199 249.
360 3143 532 3222 Resp.
562 3140 713 3221 Ν99.
731 3150 859 3200 ant.
900 3139 989 3199 Ad
1017 3141 1092 3198 1¹¹¹
1119 3138 1289 3221 prob.
1317 3138 1468 3221 Neq.
1499 3142 1716 3200 Omnes
1741 3141 1900 3199 enim
1922 3141 2198 3201 Catholici

172 3378 237 3440 (l)
270 3378 544 3434 lta‘l’almer
562 3422 576 3445 ,
616 3387 747 3451 cujus
786 3384 1102 3445 difficultates,
1179 3383 1372 3448 logicam
1420 3383 1687 3431 methodum
1739 3388 2031 3450 exigerentur
2053 3423 2067 3446 ,
2123 3391 2198 3436 vix

106 3475 220 3524 quas
252 3461 347 3524 ipse
379 3465 430 3511 in
463 3476 658 3531 quatuor
697 3467 886 3532 ‘prolixis
931 3483 1103 3530 appen—
1181 3466 1337 3513 locum
1359 3464 1552 3523 darent,
1578 3466 1646 3513 uti
1666 3465 1838 3515 dicitur
1859 3506 1872 3526 ‚
1904 3469 2195 3534 subsumptoe

103 3539 287 3589 dicibus
299 3574 316 3601 ‚
334 3551 443 3591 tom.
457 3560 476 3592 ι
494 3580 508 3604 ,
531 3563 556 3594 a
569 3546 774 3613 pag.318
789 3549 847 3596 ad
864 3566 968 3614 pag.
986 3544 1104 3609 360,
1186 3548 1236 3594 in
1259 3546 1538 3595 scholasticis
1559 3550 1988 3598 concertationibus.

105 3620 204 3669 fuse
256 3626 570 3689 persequitur,
625 3631 955 3696 contraximus.
999 3628 1107 3694 Quae
1258 3629 1325 3692 (2)
1356 3627 1783 3693 SicWegscheider‚
1806 3629 1832 3697 §
1854 3631 1931 3679 30.

103 3720 237 3766 porro
269 3707 362 3768 ipse
387 3714 512 3754 tanto
530 3719 746 3772 apparatu
763 3714 969 3776 exponit,
989 3713 1025 3759 si
1050 3710 1110 3760 ad
