2514 4218
381 176 545 215 PAnr.
595 177 636 212 1.
684 175 841 214 snc'r.
885 176 943 212 11.
991 175 1115 214 cu.
1164 173 1250 212 111.
1298 177 1367 212 nr.
1412 175 1542 212 ΜΤ.
1593 174 1659 212 Er
1705 173 1829 211 mn.
1876 174 2027 210 ram.
2141 153 2260 213 493

140 316 484 390 ΓενοοεῙὴΙί,
532 336 728 385 conc.,·
771 339 842 376 ex
871 316 1238 375 concessione
1263 313 1663 388 irrevocabili,
1706 337 1837 394 neq.
1880 315 2095 374 Verum
2132 326 2275 395 est,-

81 479 84 483 ,
140 415 482 495 EpiscopoS‚
523 410 925 493 metropolitas
952 432 1018 469 ac
1054 409 1440 492 provinciales
1467 408 1717 489 synodos
1755 408 1830 468 ad
1860 408 2028 489 plura
2071 409 2265 470 secula

132 506 360 586 juribus
397 528 528 564 usos
558 527 681 565 esse
704 551 719 581 7
761 528 890 587 quae
933 505 1214 586 temporis
1260 515 1446 563 tractu
1484 503 1559 562 ad
1603 525 1664 562 se
1697 504 1914 562 summi
1953 505 2260 566 Pontifices

139 612 524 674 revocarunt3
576 600 679 660 sed
727 612 783 660 et
830 599 978 659 illud
1030 610 1254 659 certum
1298 611 1421 675 est,
1469 599 1815 680 EpiscopOS.,
1858 599 2261 680 metropolitas

141 719 206 756 ac
243 695 493 776 synodos
527 696 593 754 iis
627 694 855 773 juribus
895 705 1091 753 auctas
1134 715 1259 753 esse
1302 715 1375 754 ex
1416 695 1785 753 concessione
1828 694 1950 755 sive
1987 716 2261 774 expressa

142 796 263 853 sive
303 794 475 852 tacita
516 815 664 852 rom.
699 792 1028 865 pontificis,
1076 789 1166 849 cui
1206 811 1275 868 ex
1319 790 1531 850 Christi
1577 791 1944 850 institutione
1979 792 2265 874 competit

147 888 456 971 plenitudo
486 889 789 970 potestatis
813 889 876 946 in
895 887 1224 946 universam
1249 885 1582 946 Ecclesiam.
1613 888 1765 944 Dum
1789 897 2099 967 propterea
2117 890 2265 947 Pon-

141 986 325 1044 tifices
350 1029 366 1058 e-
416 1006 523 1065 pro
567 995 937 1065 temporum,
970 980 1230 1040 locorum
1275 1002 1339 1040 ac
1373 1003 1760 1062 personarum
1804 981 2090 1060 adjunctis
2114 1029 2131 1059 ‚
2160 982 2264 1043 ali-

142 1079 281 1160 quid
317 1078 390 1137 de
430 1079 683 1160 propriis
725 1099 792 1137 ac
825 1075 1012 1135 insitis
1059 1075 1373 1157 primatiali
1417 1076 1690 1156 dignitati
1725 1098 1842 1136 suae
1875 1076 2106 1155 juribus
2145 1099 2264 1139 ces—

140 1184 344 1251 serunt
378 1174 454 1232 ad
494 1172 753 1233 Ecclesiae
785 1169 1008 1230 bonum
1047 1181 1107 1230 et
1145 1170 1494 1246 utilitatem,
1537 1171 1814 1231 censendi
1850 1194 1974 1232 non
2008 1184 2148 1233 sunt
2181 1175 2266 1235 ita

141 1270 439 1350 propriam
465 1268 671 1329 cedere
699 1267 1103 1325 auctoritatem
1124 1265 1378 1327 voluisse
1400 1296 1426 1341 .,·
1447 1277 1515 1324 ut
1538 1311 1554 1341 ,
1591 1269 1637 1325 si
1660 1265 1918 1328 Ecclesiae
1953 1266 2105 1329 bene
2128 1291 2266 1331 ver-

142 1376 294 1423 teret
316 1410 332 1438 ,
371 1364 533 1422 illam
567 1362 643 1426 ad
670 1382 730 1420 se
764 1382 837 1420 ex
863 1361 1092 1441 integro
1122 1381 1397 1421 revocare
1427 1382 1548 1419 non
1576 1373 1848 1441 possent3
1891 1364 2049 1445 quod
2071 1386 2265 1448 neque

141 1462 203 1519 in
229 1461 490 1541 ipsorum
520 1468 643 1517 erat
670 1468 980 1539 potestate.
1010 1458 1201 1530 Quare
1221 1502 1238 1529 ‚
1266 1454 1414 1515 dum
1440 1457 1615 1516 etiam
1646 1458 1868 1539 vigeret
1895 1460 2133 1540 pacifica
2163 1461 2266 1522 illa

134 1556 359 1634 jurium
394 1553 679 1635 possessio
699 1597 715 1627 ,
750 1551 1077 1612 identidem
1111 1552 1420 1612 Pontifices
1453 1573 1525 1611 ex
1554 1554 1860 1633 potestatis
1890 1553 2264 1635 plenitudine

144 1672 250 1732 per
292 1670 352 1707 se
385 1647 591 1707 eadem
628 1652 761 1725 jura
806 1657 1219 1730 exercuerunt,
1255 1647 1482 1728 quoties
1505 1668 1721 1728 nempe
1747 1647 2009 1710 Ecclesiae
2040 1649 2266 1712 bonum

141 1743 458 1826 postulavit
479 1789 492 1801 .
529 1744 700 1818 Hinc7
726 1742 939 1803 eodem
974 1742 1239 1802 Ecclesiae
1262 1742 1420 1802 bono
1456 1743 1757 1822 exigente,
1791 1744 2008 1805 factum
2035 1758 2155 1825 est,
2200 1758 2267 1808 ut

140 1839 420 1921 temporis
458 1838 626 1921 lapsu
662 1838 867 1898 eadem
911 1837 987 1896 ad
1023 1859 1084 1897 se
1114 1842 1248 1917 jura
1286 1848 1649 1898 revocarent.

221 1935 363 1993 719.
417 1934 503 1993 Ad
539 1935 648 2007 2¹¹1,
701 1934 852 2015 Ney.
914 1935 1283 2015 suppositum
1332 1932 1798 1995 adversariorum
1829 1968 1862 2010 a‘
1907 1937 2007 2016 qui
2063 1937 2263 1999 odiosa

145 2032 566 2108 usurpationis
601 2029 1076 2088 denominatione
1106 2027 1426 2108 legitimam
1460 2029 1762 2089 adscititiae
1790 2032 2144 2092 auctoritatis
2168 2055 2268 2094 re·

143 2126 507 2187 vocationem
560 2125 889 2206 designant.
954 2125 1215 2184 Diximus
1269 2126 1590 2184 adscz‘tz’tioe
1652 2131 2032 2186 auctoritatis
2043 2171 2066 2200 ,
2128 2132 2269 2211 quia

137 2228 269 2301 jura
295 2220 396 2279 illa
423 2266 439 2294 ,
495 2219 705 2302 quibus
755 2220 1060 2302 Episcopi,
1110 2219 1502 2302 metropolitae
1533 2230 1635 2279 aut
1680 2222 1887 2301 synodi
1939 2223 2266 2306 antiquitus

145 2315 490 2376 fruebantur
511 2361 527 2390 .,
563 2338 684 2374 non
714 2337 786 2376 ex
815 2316 1022 2374 intima
1057 2315 1266 2396 gradus
1303 2314 1676 2397 episcopaliS‚
1710 2317 2123 2399 metropolitici
2162 2333 2268 2380 aut

146 2411 436 2493 synodalis
474 2423 683 2470 natura
711 2409 1114 2494 profluebant.
1140 2411 1244 2471 sed
1277 2410 1445 2469 unice
1476 2431 1548 2469 ex
1581 2410 1990 2488 ecclesiastica,
2025 2435 2129 2473 seu
2158 2437 2268 2497 po-

147 2510 262 2567 tius
311 2528 380 2566 ex
424 2506 716 2565 Pontificis
757 2506 1162 2581 concessione,
1205 2506 1308 2587 qui
1353 2505 1481 2564 fons
1516 2515 1575 2565 et
1611 2507 1769 2586 origo
1815 2518 1903 2566 est
1946 2510 2125 2568 totius
2149 2511 2269 2570 im-

145 2603 412 2663 mediatae
454 2601 843 2661 ecclesiasticae
884 2600 1341 2680 jurisdictioniS‚
1386 2612 1487 2659 aut
1528 2600 1737 2662 saltem
1788 2624 2094 2685 supremus
2142 2611 2268 2685 ejus

147 2698 404 2759 exercitii
453 2697 783 2757 moderator
832 2696 1028 2757 existit
1074 2697 1190 2776 (l).
1247 2695 1512 2755 Concidit
1568 2696 1816 2776 proinde
1866 2711 2266 2781 superstructa

149 2792 419 2853 Febronii
457 2813 522 2851 ac
561 2791 1036 2852 febronianorum
1070 2790 1342 2851 machina
1362 2835 1379 2866 ‚
1414 2790 1487 2850 de
1514 2790 1785 2851 nullitate
1818 2795 2267 2878 praescriptionis

148 2889 426 2949 adversus
459 2886 783 2965 legitimam
823 2890 1045 2965 jurium
1078 2886 1504 2969 possessionem
1525 2912 1542 2960 ς
1567 2907 1696 2968 quae
1729 2887 1969 2969 quidem
1995 2890 2069 2949 ad
2098 2913 2267 2953 sum-

149 3005 313 3042 mum
351 2982 577 3043 valeret
600 2983 793 3063 quoad
804 2988 936 3060 jura
969 2983 1207 3064 propria
1227 3003 1328 3041 seu
1357 2983 1563 3041 intime
1586 2972 1847 3042 connexa
1879 3006 2012 3043 cum
2040 2972 2222 3066 gradu
2244 3034 2263 3063 .,

149 3099 322 3159 quem
364 3077 588 3160 praelati
622 3078 945 3159 respective
988 3076 1265 3137 obtinent
1287 3122 1303 3150 ‚
1357 3088 1417 3135 et
1464 3098 1534 3137 ex
1575 3099 1643 3137 eo
1693 3077 2084 3158 profluentia,
2139 3106 2263 3143 non

146 3182 340 3230 autem
369 3175 420 3232 si
455 3172 644 3232 eidem
672 3174 999 3233 extrinseca
1029 3173 1150 3231 sint
1170 3184 1230 3233 et
1262 3172 1584 3234 adventitia
1604 3217 1620 3247 7
1658 3183 1722 3231 ut
1756 3174 1819 3233 in
1844 3196 1913 3234 eo
1946 3176 2104 3257 quod
2133 3179 2259 3239 vin-

148 3266 404 3326 dicamus
437 3268 718 3348 contingit
756 3269 864 3347 (2).

218 3432 282 3495 (l)
318 3430 414 3478 cfr.
448 3429 668 3482 Ballerin.
708 3432 786 3482 De
816 3435 870 3482 vi
897 3442 942 3482 et
971 3435 1160 3482 ratione
1242 3435 1314 3481 r'ii
1355 3449 1416 3483 vn
1461 3432 1728 3496 dictatum,
1775 3453 1887 3500 opp.
1935 3436 2046 3484 edit.
2086 3435 2260 3490 Venet.

139 3516 413 3582 primatiae,
445 3531 547 3579 cap.
580 3514 608 3563 3
631 3551 643 3571 ‚
674 3526 773 3564 tum
802 3519 853 3565 in
873 3535 946 3582 op.
982 3514 1162 3582 Depo·
1242 3526 1358 3563 tom.
1394 3531 1444 3563 v.

148 3604 309 3644 testate
334 3594 670 3655 ecclesiastica,
691 3614 794 3662 cap.
834 3614 852 3646 ι
875 3635 888 3659 ,
908 3586 975 3665 §1
1003 3616 1017 3661 3
1047 3601 1161 3646 item
1316 3597 1381 3660 (2)
1420 3596 1516 3645 Cfr.
1540 3597 1762 3648 Ballcrin.
1785 3616 1865 3663 op.
1893 3600 1970 3647 cit.
1992 3595 2065 3647 De
2087 3607 2259 3665 potest.

150 3677 342 3726 Bianchi
367 3714 380 3737 ‚
429 3694 506 3742 op.
544 3679 625 3726 cit.
672 3689 785 3727 tom.
836 3697 921 3742 iv,
959 3680 1045 3728 lib.
1087 3695 1159 3740 11,
1246 3678 1359 3729 eccl.
1391 3679 1482 3729 loc.
1512 3682 1591 3727 cit.

151 3777 253 3825 cap.
290 3776 305 3807 1
332 3777 347 3824 3
379 3758 550 3811 Christ.
578 3759 766 3827 Lupm,
799 3763 868 3810 In
894 3760 949 3811 S.
984 3760 1164 3827 G-reqo-
