2514 4218
911 183 1113 222 TRACT.
1162 181 1231 218 DE
1276 181 1424 219 LOCIS
1469 181 1847 222 THEOLOGICIS·

298 162 415 224 396

293 351 356 390 se
396 330 657 389 conferre
697 330 787 409 (1)
810 374 826 403 7
875 338 1087 387 sanctae
1114 324 1276 385 sedis
1313 325 1722 386 auctoritatem
1756 328 2070 406 extollere7
2108 329 2294 390 donec
2317 334 2429 391 sci-

291 423 429 484 licet
486 447 618 507 spes
666 425 806 507 ipsis
867 423 1059 505 aliqua
1110 420 1330 482 affulsit
1376 420 1600 482 vitandi
1665 425 2045 504 promeritam
2095 425 2427 486 damnatio·

291 542 439 581 nem
481 522 592 604 (2).

376 617 514 676 579.
561 619 701 676 Eam
729 613 1228 697 deprehendimus
1261 614 1322 672 in
1349 614 1488 672 actis
1533 613 1805 673 omnibus
1843 616 2234 677 Conciliorum
2268 641 2432 680 oecu-

292 714 694 786 menicorum7
734 722 911 794 atque
933 755 949 783 7
983 722 1049 768 ut
1086 709 1265 770 verbo
1305 709 1497 769 dicam
1521 756 1539 779 7
1583 710 1651 767 in.
1687 710 1848 769 fastis
1892 711 2203 789 omnibus7
2255 737 2431 775 auna-

298 808 451 869 libus
493 818 551 867 et
592 807 847 867 historiis
892 804 1187 881 Ecclesiae7
1237 807 1317 865 ita
1357 817 1421 865 ut
1457 804 1692 864 nullum
1734 805 1893 866 aliud
1930 806 2151 866 factum
2186 811 2463 892 perspe-‘

299 917 462 965 ctum
506 905 653 965 adeo
690 905 766 964 sit
810 915 986 987 atque
1033 903 1402 984 exploratum
1454 904 1661 985 quovis
1709 904 1796 963 rei
1839 903 2166 966 christianae
2211 906 2423 967 seculo.

381 1001 522 1061 580.
574 1004 880 1061 Possemus
957 1000 1213 1082 denique
1276 999 1429 1059 hanc
1490 998 1759 1059 eamdem
1830 1001 2138 1060 veritatem
2195 1003 2430 1063 firmare

295 1108 497 1179 aperta
554 1097 917 1158 confessione
983 1097 1246 1178 ipsorum
1301 1096 1756 1178 protestantium
1820 1096 2098 1171 Lutheri7
2153 1097 2379 1158 Calvini
2412 1146 2428 1173 7

293 1192 767 1253 Melanchthonis
790 1238 806 1267 7
856 1191 1183 1251 Casauboni
1239 1190 1604 1274 aliorumque
1654 1190 1913 1274 plurium
1965 1191 2094 1273 (3)7
2151 1213 2259 1253 nec
2308 1216 2430 1253 non

294 1292 631 1351 Graecorum
655 1291 1158 1352 schismaticorum
1174 1335 1190 1367 7
1217 1289 1670 1370 Anglicanorum
1691 1336 1706 1364 7
1737 1292 2057 1349 Russorum
2078 1289 2191 1371 (4).
2215 1291 2430 1351 Verum

291 1407 370 1446 ne
409 1385 649 1449 ulterius
678 1409 805 1447 rem
825 1387 1236 1471 protrahamus
1248 1430 1270 1459 ,
1295 1408 1473 1468 quam
1499 1386 1940 1446 institutionum
1963 1385 2220 1448 brevitas
2246 1387 2392 1447 ferat
2411 1433 2427 1463 7
2505 1455 2507 1457 7

289 1480 384 1542 his
427 1484 559 1542 finis
591 1484 683 1543 sit.

376 1578 517 1638 581.
571 1580 815 1640 Interim
843 1579 1148 1642 evidenter
1167 1579 1505 1656 conficitur,
1542 1602 1664 1640 non
1695 1602 1768 1640 ex
1808 1580 2227 1656 ecclesiastica7
2272 1580 2430 1639 mul-

290 1685 470 1757 toque
503 1677 697 1735 minus
721 1698 792 1736 ex
830 1675 1063 1758 politica
1087 1675 1466 1757 dispositione
1492 1675 1708 1735 factum
1737 1698 1885 1750 esse7
1913 1688 1980 1735 ut
2010 1679 2175 1736 Rom.
2220 1678 2428 1736 Ponti-

288 1771 424 1830 fices
462 1772 620 1831 Petri
660 1774 949 1855 primatus
1001 1773 1063 1830 in
1107 1772 1445 1833 universam
1489 1772 1799 1833 Ecclesiam
1839 1773 2095 1834 haeredes
2134 1774 2413 1833 existant.

287 1867 439 1925 Nam
483 1888 618 1926 cum
656 1869 942 1950 primatus
972 1869 1080 1927 iste
1117 1869 1198 1927 ita
1239 1871 1412 1928 Petro
1450 1868 1692 1928 collatus
1730 1869 1940 1945 fuerit7
1994 1881 2061 1930 ut
2097 1891 2330 1953 semper
2355 1871 2417 1928 in

285 1961 548 2023 Ecclesiae
576 1962 801 2023 bonum
828 1963 1148 2047 perdurare
1176 1964 1420 2024 deberet
1439 2010 1455 2039 7
1496 1963 1757 2047 adeoque
1791 1965 1867 2024 ad
1896 1970 2017 2044 ejus
2061 1987 2414 2026 successores

285 2059 537 2119 transire
554 2106 571 2135 7
607 2081 858 2142 cumque
887 2062 1055 2120 Rom.
1083 2061 1392 2120 Pontifices
1425 2059 1558 2121 ideo
1579 2062 1902 2143 primatum
1923 2060 2254 2134 obtineant,
2284 2062 2418 2143 quia

354 2291 428 2356 (l)
469 2290 590 2341 Sane
624 2290 775 2341 Cerdo
793 2330 806 2352 7
850 2290 1155 2353 Valentinus,
1180 2291 1305 2341 Mar·
1390 2303 1506 2343 tom.
1533 2311 1580 2355 1,
1601 2311 1649 2360 p.
1679 2309 1716 2342 11
1734 2333 1747 2355 7
1779 2294 1931 2362 cap.5
1950 2333 1965 2362 7
2012 2298 2413 2347 Testimoniansse

283 2375 390 2423 cion
407 2412 421 2436 7
454 2374 686 2425 Caelestius
709 2376 882 2442 aliique
904 2375 1103 2426 Romam
1123 2395 1171 2427 se
1194 2394 1307 2425 con·
1388 2375 1460 2424 ἅθ’
1477 2379 1766 2442 prote-stanti
1790 2380 1986 2429 intorno
2015 2380 2068 2427 al
2099 2380 2240 2446 Papa
2268 2398 2294 2430 e
2317 2380 2413 2429 alla

282 2457 488 2507 tulerunt
517 2459 575 2507 ad
620 2458 907 2508 reddendam
956 2462 1185 2509 rationem
1218 2460 1307 2509 do-

282 2542 440 2588 ctrinae
466 2557 576 2592 suae.
605 2541 726 2591 Alias
752 2542 968 2592 dedimus
987 2546 1302 2592 testimonium

281 2622 529 2673 Wetstenii
558 2625 608 2673 id
637 2635 791 2691 aperte
818 2626 1019 2675 fatentis.
1040 2626 1140 2676 Cfr.
1165 2626 1302 2676 Com.

278 2706 337 2755 de
364 2704 582 2771 Maistre,
622 2707 715 2757 Du
744 2708 876 2776 Papa
899 2747 911 2770 7
951 2710 1032 2760 liv.
1066 2727 1113 2769 17
1147 2709 1224 2758 ch.
1248 2708 1299 2772 5,

279 2788 391 2840 edit.
429 2788 558 2857 Lyon
602 2787 728 2858 1817
750 2831 763 2852 7
796 2802 910 2843 tom.
952 2808 996 2851 ι,
1029 2809 1130 2858 pag.
1164 2789 1229 2840 60
1252 2802 1300 2840 et

278 2888 412 2938 seqq.

349 2953 415 3018 (2)
453 2954 590 3004 Plura
626 2957 767 3024 hujus
803 2958 869 3006 rei
897 2955 1104 3021 exempla
1125 2974 1295 3022 suppe-

277 3034 395 3084 ditat
437 3036 573 3090 Com.
614 3039 672 3088 de
713 3039 897 3089 Maistre
922 3077 935 3100 7
981 3057 1058 3105 op.
1107 3050 1151 3088 et
1204 3040 1293 3090 loc.

275 3119 357 3167 cit.
401 3119 478 3168 ch.
526 3137 584 3169 to
615 3159 628 3182 7
664 3125 910 3187 praesertim
956 3140 1007 3170 ex
1051 3122 1212 3171 Photio
1251 3132 1295 3171 et

274 3199 500 3251 Michaele
528 3202 780 3254 Cerulario.

343 3281 407 3347 (3)
425 3283 533 3332 Haec
548 3285 731 3336 exhibet
742 3287 955 3337 laudatus
973 3297 1149 3348 auctor,
1173 3287 1291 3337 ibid.

273 3365 353 3415 ch.
382 3382 446 3433 9,
490 3365 844 3433 Τένηοὶφιαφςε1
868 3377 1138 3436 protestans
1154 3388 1173 3431 7·
1207 3387 1293 3419 nec

272 3466 370 3498 non
403 3448 462 3498 de
487 3448 675 3507 Starck,
701 3456 909 3517 quamvis
952 3464 1214 3519 protestans
1249 3464 1294 3503 et

270 3533 396 3597 ipse,
425 3535 476 3581 in
495 3550 580 3582 suo
602 3532 838 3583 Convivia
869 3536 1125 3587 Theoduli.
1152 3538 1292 3586 Plura

267 3615 383 3663 item
441 3618 666 3682 congessit
702 3615 889 3666 Barruel
909 3655 922 3679 7
979 3622 1029 3667 in
1074 3638 1150 3686 op.
1202 3619 1296 3669 Del

271 3690 429 3763 Papa.
468 3697 594 3747 trad.
626 3697 710 3746 dal
732 3698 891 3763 franc.
918 3699 1102 3751 Genova
1141 3699 1287 3763 1803,

1388 2457 1551 2508 chiesa
1582 2477 1801 2509 romana.
1827 2462 2086 2513 Novissime
2105 2482 2212 2512 vero
2245 2481 2411 2528 magno

1387 2544 1527 2590 etiam
1558 2560 1753 2591 numero
1781 2560 1838 2591 ex
1878 2544 2214 2592 recentioribus
2251 2556 2406 2610 prote-

1387 2624 1620 2673 stantibus
1658 2626 1836 2690 profert
1865 2629 2127 2675 testimonia
2163 2627 2372 2693 Eslinger
2393 2668 2407 2686 7

1386 2707 1437 2753 in
1463 2724 1545 2754 sua
1578 2706 1815 2772 Apoloqie
1841 2707 1899 2757 de
1932 2708 1979 2756 la
2009 2708 2217 2774 reliqion
2242 2710 2408 2761 catho-

1384 2789 1511 2855 quue
1527 2807 1628 2855 par
1655 2790 1736 2839 des
1763 2801 1959 2840 auteurs
1989 2803 2260 2859 protestans
2278 2831 2291 2855 7
2314 2806 2403 2845 art.

1387 2872 1548 2938 Pape.
2116 2891 2119 2895 ·

1453 2956 1518 3020 (bf)
1560 2956 1617 3004 Et
1646 2957 1744 3005 haec
1768 2961 1934 3023 pariter
1967 2961 2156 3009 adducit
2182 2961 2315 3010 Com.
2346 2961 2403 3009 de

1381 3037 1567 3086 Maistre
1589 3076 1601 3099 7
1640 3057 1717 3104 op.
1764 3051 1808 3087 et
1836 3042 1927 3089 loc.
1952 3043 2031 3091 cit.
2065 3043 2140 3091 ch.
2187 3059 2274 3103 ιο,
2318 3041 2404 3093 Τέ-

1377 3122 1657 3186 onoiqnaqes
1676 3121 1732 3169 de
1745 3120 1951 3187 l’quise
1969 3141 2124 3183 rasse,
2143 3134 2186 3173 et
2202 3142 2302 3191 par
2315 3125 2401 3173 elle

1376 3205 1671 3269 tbmoiqnaqe
1709 3204 1765 3253 de
1789 3203 1989 3272 I’Eglise
2014 3223 2216 3272 qrecque
2256 3207 2397 3258 dissi-

1375 3285 1528 3335 dente.
1559 3285 1720 3352 Quoad
1749 3299 1956 3337 auctores
1981 3307 2195 3341 armenos
2224 3308 2394 3357 eosque

1375 3371 1718 3434 antiquissimos
1735 3405 1749 3428 7
1781 3370 1867 3419 cfr.
1900 3370 2049 3421 Clem.
2071 3371 2271 3421 Galanus
2292 3408 2306 3432 ‚
2342 3375 2392 3421 in

1378 3451 1732 3501 conciliatione
1773 3453 2003 3504 Ecclesia?
2034 3474 2246 3505 armenae
2279 3473 2389 3505 cum

1372 3553 1607 3598 romana,
1647 3537 1804 3586 Romae
1851 3537 1967 3588 1661
2022 3550 2138 3590 tom.
2170 3559 2201 3589 ιι
2224 3581 2235 3599 7
2257 3551 2388 3589 tract.

1372 3617 1426 3667 ni
1449 3657 1462 3679 7
1503 3616 1575 3667 De
1615 3618 1874 3668 militantis
1923 3620 2155 3672 Ecclesioe
2197 3625 2387 3689 capae,

1374 3717 1478 3768 pag.
1519 3699 1615 3751 225
1634 3737 1652 3766 ,
1689 3711 1746 3756 et.
1770 3720 1901 3771 seqq.
