2514 4218
522 238 684 275 PART.
733 238 775 273 1.
823 236 945 273 cAP.
993 236 1080 273 111.
1128 237 1194 273 DE
1237 234 1504 275 EGGLBSIAE
1546 234 1725 272 NOTIS.

2055 215 2167 273 119

78 383 177 464 qui
210 378 419 440 scribat
450 399 463 438 :
497 379 569 437 H
565 377 665 435 uio
685 377 997 447 Ecclesiae,
1026 399 1159 456 quoe
1171 399 1289 456 per
1315 388 1495 436 totam
1518 387 1744 435 terram
1774 368 2166 455 diffund2·tm·'‚

77 479 343 556 quisquis
378 493 498 531 non
531 477 963 541 communicat,
999 479 1109 531 oni
1133 489 1254 530 non
1278 474 1670 532 communicet
1694 471 1886 546 vides,
1912 475 1971 529 si
1988 476 2163 550 eujus

76 568 355 651 (Christi)
375 573 492 625 ista
514 569 692 626 verba
717 570 841 626 sint
864 567 1044 625 andis
1061 565 1184 643 (l);
1217 565 1319 623 sed
1337 567 1533 624 Patres
1557 564 1761 645 reliqui
1785 565 2158 625 unanimiter.

74 662 300 721 Etenim
355 661 431 720 ad
485 683 668 719 unum
713 680 915 719 omnes
982 668 1047 716 ut
1105 668 1383 718 tesseram
1438 679 1587 720 verae
1642 657 1898 718 Ecclesiae
1948 657 2189 744 Christi·

76 764 341 814 statuunt
374 760 495 833 ejus
529 760 821 814 unitatem
859 763 919 813 et
950 753 1500 824 universalitatem,
1541 775 1643 812 seu
1680 752 1963 812 unitatem
1996 752 2057 810 in
2096 774 2165 813 eo

72 850 354 930 positam,
409 848 566 929 quod
612 847 827 929 ubique
868 842 1154 904 terrarum
1201 844 1404 903 eadem
1443 847 1552 919 sit3
1599 848 1680 905 ita
1722 847 1982 906 Justinus
2025 847 2114 928 (2)
2146 891 2162 922 7

74 942 456 1003 Tertullianus
509 941 622 1022 (3),
667 946 915 1002 Irenaeus
960 937 1071 1019 (4),
1139 937 1406 998 Clemens
1464 939 1624 999 Alex.
1673 941 1766 1020 (5)
1788 984 1810 1013 ,
1863 942 2164 1021 Dionysius

72 1173 199 1223 hunc
229 1183 391 1239 typum
430 1172 687 1222 adhibitum
715 1171 867 1234 potius
893 1185 989 1218 esse
1020 1179 1071 1217 ut

70 1265 389 1321 argumentum
411 1254 711 1317 theologicum
729 1288 743 1312 ‚
766 1268 907 1318 quam
925 1250 1069 1300 veluti

71 1354 125 1385 ex
164 1336 411 1402 apostolica
435 1334 675 1383 traditione
695 1335 1066 1398 provenientem3

72 1427 209 1484 atque
244 1417 484 1475 admonet,
527 1424 797 1479 argumenta
841 1410 1068 1481 ejusmodi

71 1515 166 1546 non
190 1500 286 1548 sine
310 1497 515 1546 examine
538 1513 635 1544 esse
664 1495 947 1544 admittenda
968 1531 984 1556 ,
1015 1511 1069 1544 eo

70 1581 207 1646 plane
243 1578 379 1627 modo
408 1595 500 1644 quo
531 1577 585 1625 fit
622 1578 777 1644 quoad
800 1579 970 1626 motiva
999 1594 1071 1625 ra-

71 1665 325 1727 tionesque,
340 1676 443 1726 quae
462 1659 520 1708 ab
537 1661 830 1708 oecumenicis
854 1658 1069 1710 Conciliis

70 1745 120 1790 in
146 1743 237 1790 suis
267 1741 456 1789 decretis
482 1740 737 1790 afferuntur
756 1777 769 1800 ‚
806 1743 956 1806 prouti
985 1742 1070 1805 ipsi

68 1823 232 1871 docent
256 1821 463 1870 catholici
491 1822 706 1887 theologi.
725 1821 920 1884 Verum,
951 1836 1068 1887 prae·

68 1913 276 1970 terquam
304 1903 430 1969 quod
459 1902 511 1950 hi
535 1905 620 1967 ipsi
641 1902 844 1968 theologi
873 1904 1067 1960 docent,

68 1984 391 2035 secernendam
417 1986 467 2033 in
493 1983 700 2033 Patribus
723 1985 888 2034 thesim
918 2002 944 2034 a
963 2001 1071 2049 pro-

63 2064 360 2128 bationibus,
387 2068 506 2132 quia·
524 2068 574 2114 in
603 2066 717 2115 thesi
744 2065 901 2115 Patres
919 2083 968 2115 se
990 2083 1069 2130 ge-

67 2155 175 2194 runt
201 2157 252 2194 ut
279 2154 414 2196 testes
443 2147 570 2209 fidei,
600 2165 699 2213 quae
725 2147 963 2197 obtinebat
987 2165 1068 2196 sua

68 2236 197 2276 aetate
236 2230 287 2276 in
318 2228 549 2290 Ecclesia,
598 2238 644 2279 et
689 2230 945 2279 traditionis
962 2248 976 2293 3
1019 2233 1069 2278 in

66 2307 412 2372 probationibus
430 2326 535 2357 vero
561 2327 608 2359 se
628 2311 846 2360 exhibent
870 2321 922 2360 ut
937 2311 1068 2360 theo-

66 2375 190 2453 logos
207 2424 221 2449 ‚
254 2389 436 2437 evidens
473 2399 556 2450 est,
597 2390 719 2438 hanc
744 2391 1069 2441 indivisibilem

67 2471 289 2517 unitatem
338 2487 365 2518 a
411 2469 463 2519 S.
502 2469 759 2538 -Cypriano
800 2471 974 2520 adstrui
1020 2483 1071 2521 ut

65 2549 234 2616 dogma
251 2552 604 2611 inconcussum,
633 2552 758 2618 quod
790 2555 956 2618 passim
982 2553 1071 2602 ibi-

66 2630 171 2679 dem
203 2631 434 2692 inculcat,
479 2631 780 2698 pluribusque
812 2633 1070 2682 rationibus

64 2713 321 2761 confirmat.
368 2712 680 2762 Describerem
717 2714 912 2763 libenter
946 2717 1069 2764 iute-

64 2813 193 2861 grum
211 2805 402 2856 textum,
420 2798 509 2844 nisi
539 2799 676 2845 nimis
702 2797 903 2862 prolixus
931 2808 1065 2848 esset.

65 2875 265 2925 Afferam
323 2879 641 2926 tantummodo
685 2879 821 2927 verba
839 2915 852 2938 ‚
901 2879 1069 2944 quibus

64 2956 118 3007 S.
149 2952 510 3023 Martyr‘thesim
543 2977 674 3007 suam
706 2961 871 3008 evincit
900 2976 960 3008 ex
996 2963 1067 3026 ip-

63 3040 121 3087 sis
143 3039 311 3090 Christi
342 3039 491 3088 verbis
522 3057 536 3088 =
566 3040 693 3106 Quis
723 3057 830 3104 erqo
848 3077 861 3101 ,
893 3043 1065 3107 inquit,

64 3120 133 3166 sic
162 3127 228 3167 est
251 3119 501 3169 sceleratus
527 3131 570 3169 et
584 3121 799 3187 perfidus
815 3156 831 3183 ,
866 3124 975 3186 quis
996 3124 1067 3170 sic

68 3197 311 3249 disoordioe
327 3202 492 3267 furore
519 3211 721 3252 vesanus
738 3240 751 3264 ,
782 3212 836 3251 ut
867 3212 954 3251 ant
969 3220 1069 3265 ere-

69 3279 150 3334 dat
166 3285 323 3333 scindi
344 3302 481 3352 posse
496 3324 509 3347 ‚
545 3295 631 3335 ant
654 3286 829 3335 audeat
846 3287 1061 3336 scindere

70 3362 300 3412 unitatem
329 3366 430 3415 Dei
452 3404 467 3427 ,
493 3376 663 3416 vestem
690 3366 922 3428 Domini,
957 3370 1060 3417 Ec-

69 3440 258 3490 clesiam
285 3443 466 3496 Christi
477 3453 503 3496 P
518 3450 687 3498 Monet
698 3451 797 3516 ipse
818 3450 875 3497 in
892 3447 941 3499 E
944 3466 1062 3497 van-

66 3523 188 3587 qelio
227 3540 338 3586 suo,
373 3537 415 3575 et
442 3529 569 3578 docet
587 3569 600 3590 ‚
634 3532 794 3579 dicens
832 3550 845 3579 :
870 3530 942 3578 Et
971 3532 1062 3579 erit

70 3621 197 3652 nnus
236 3621 352 3670 yreat
386 3616 432 3654 et
467 3625 594 3659 nnus
624 3620 819 3678 pastor.
867 3612 938 3661 Et
964 3629 1060 3660 esse

66 3702 199 3750 posse
215 3703 310 3735 nno
337 3687 391 3736 in
413 3687 508 3740 loco
522 3690 698 3755 aliquis
724 3692 1062 3743 existimatam

1150 1168 1329 1217 multos
1366 1163 1584 1236 pastores
1631 1178 1717 1219 aut
1753 1170 1919 1237 plnres
1957 1175 2165 1239 qreqesf'

1151 1247 1224 1297 Ex
1252 1250 1324 1298 his
1354 1254 1592 1315 postremis
1637 1252 1786 1302 verbis
1814 1253 1995 1302 Palmer
2033 1272 2165 1305 occa-

1149 1333 1325 1379 sionem
1353 1334 1493 1380 sumit
1510 1333 1768 1397 exponendi
1783 1344 1984 1393 mentem
2001 1333 2050 1384 S.
2067 1336 2165 1401 Cy·

1150 1414 1315 1477 priani,
1335 1413 1523 1477 perinde
1544 1430 1599 1462 ac
1621 1416 1658 1461 si
1675 1414 1823 1462 solum
1847 1418 2163 1477 contenderit,

1149 1494 1370 1543 adversus
1397 1493 1438 1542 N
1442 1496 1672 1543 ovatianos
1685 1531 1700 1556 ‚
1716 1495 1840 1544 haud
1859 1514 1989 1561 posse
2004 1499 2053 1547 in
2069 1516 2163 1547 uno

1150 1570 1410 1644 eodemque
1431 1578 1533 1626 loco
1567 1579 1718 1643 plures
1755 1595 1852 1627 esse
1879 1577 2127 1646 Episcopos
2149 1616 2164 1644 ,

1153 1661 1346 1707 minime
1376 1676 1482 1709 vero
1527 1660 1653 1725 quod
1695 1662 1848 1709 unitas
1876 1661 2023 1710 scindi
2070 1678 2166 1710 non

1150 1743 1290 1804 possit
1314 1744 1434 1790 inter
1464 1742 1666 1791 diversas
1696 1742 1922 1793 ecclesias.
1956 1743 2036 1793 Ast
2059 1762 2162 1810 per-

1149 1839 1341 1887 peram3
1371 1825 1545 1871 etenim
1569 1824 1688 1871 ibid.
1725 1842 1771 1889 p.
1814 1823 1908 1874 165
1928 1861 1944 1886 ‚
1976 1827 2036 1874 de
2071 1826 2162 1876 Ec-

1149 1903 1284 1951 clesia
1313 1903 1560 1952 universali
1580 1921 1627 1953 se
1642 1903 1771 1970 loqui
1799 1906 2015 1967 ostendit,
2047 1910 2162 1956 scri-

1149 1984 1266 2035 bens
1300 2003 1315 2034 ε
1348 1982 1434 2036 Sic
1460 1993 1506 2033 et
1547 1983 1763 2034 Ecclesia
1802 1986 2013 2039 Domini
2057 1987 2162 2037 lnce

1140 2066 1341 2133 perfusa
1357 2083 1449 2132 per
1472 2065 1628 2114 orbem
1668 2074 1816 2115 totum
1857 2069 2018 2116 radios
2053 2086 2163 2118 snos

1141 2149 1369 2214 porrigit.
1400 2146 1567 2197 Unum
1586 2155 1745 2197 tamen
1761 2148 1920 2198 lu‘nten
1938 2158 2020 2212 est,
2040 2151 2166 2215 qnod

1149 2231 1324 2295 ubique
1342 2229 1667 2298 diffunditur,
1693 2247 1780 2279 nec
1804 2232 1969 2280 unitas
1996 2248 2162 2299 corpo-

1149 2313 1219 2358 ris
1235 2319 1503 2376 separatur,
1521 2307 1740 2376 etc.'quae
1753 2312 1874 2361 clara
1896 2322 2004 2361 sunt
2017 2314 2154 2374 adeo,

1150 2401 1201 2440 ut
1227 2409 1323 2439 non
1356 2393 1537 2456 possint
1562 2392 1707 2441 eludi.

1219 2473 1287 2535 (1)
1324 2471 1506 2521 Contra
1544 2471 1698 2537 litter.
1745 2471 1892 2522 Petit.
1947 2474 2032 2523 lib.
2090 2491 2125 2523 11
2151 2511 2163 2535 ,

1150 2569 1250 2618 cap.
1286 2550 1368 2602 55.
1735 2546 1738 2548 ,

1217 2634 1286 2698 (2)
1324 2633 1380 2682 In
1396 2633 1597 2699 Dialoy.
1629 2651 1741 2683 cnm
1759 2633 1940 2702 Tryph.
1965 2653 2016 2686 n.
2047 2635 2157 2697 116,

1147 2714 2160 2782 edit.Maran.p.209,ubiaffirmat,Christia-

1147 2813 1231 2844 nos
1249 2813 1408 2846 omnes
1421 2814 1517 2846 esse
1524 2797 1589 2846 ad
1597 2799 1755 2846 instar
1764 2798 1913 2845 nnius
1925 2796 2155 2859 hominis,

1147 2879 1202 2929 ὦς
1219 2873 1278 2930 εἷς
1290 2873 1518 2944 ἅνθρωπος
1535 2884 1720 2939 πάντες,
1737 2897 1816 2928 seu
1828 2889 1877 2927 ut
1893 2879 1970 2927 alii
1982 2879 2157 2944 legunt,

1147 2956 1487 3023 mendcans-55.
1525 2959 1699 3010 Eadem
1731 2962 1897 3025 passim
1939 2961 2157 3009 inculcat.

1215 3041 1282 3106 (3)
1322 3041 1462 3092 Cont.
1490 3043 1734 3091 Inar-cion.
1765 3043 1850 3092 lib.
1883 3060 1932 3103 v,
1959 3060 2062 3108 cap.
2097 3040 2158 3091 18

1147 3133 1190 3171 et
1228 3138 1307 3190 19.
1465 3139 1469 3142 ·

1215 3206 1278 3270 (h)
1314 3205 1457 3274 Cujus
1487 3207 1623 3256 verba
1652 3210 1858 3272 superius
1891 3209 2151 3268 retulimus,

1143 3287 1312 3352 quibus
1349 3288 1406 3336 de
1431 3298 1518 3336 tota
1561 3288 1760 3337 Ecclesia
1782 3307 1862 3354 per
1890 3267 2151 3340 universiim

1144 3370 1302 3418 orbem
1327 3371 1620 3419 disseminata
1650 3371 1847 3420 affirmat
1870 3409 1884 3432 ,
1910 3389 2058 3420 unam
2078 3372 2155 3418 in-

1145 3449 1360 3499 habitare
1383 3450 1574 3498 domum
1597 3489 1611 3511 ,
1645 3467 1792 3500 unam
1822 3455 2037 3501 animam
2059 3452 2151 3498 ha·

1140 3530 1273 3592 bere,
1311 3549 1465 3579 unum
1490 3549 1597 3593 cor,
1633 3550 1787 3581 unum
1814 3550 1864 3582 os
1882 3571 1894 3593 ‚
1928 3545 2017 3581 etc.

1209 3615 1275 3678 (5)
1313 3612 1490 3662 Strom.
1524 3615 1687 3666 lib.vn
1708 3653 1723 3680 ‚
1743 3636 1792 3664 n.
1826 3633 1880 3682 ¹7
1907 3614 2152 3679 ‚ubiprae-

1143 3696 1265 3746 clare
1316 3697 1644 3748 indivisibilem
1675 3699 1889 3749 Ecclesiae
1923 3695 2152 3748 catholicae
