2514 4218
291 126 415 189 414

895 145 1091 183 TRAGT.
1144 147 1211 182 DE
1256 145 1827 187 mols-THEOLOGICIS.

288 292 537 378 ‘professi
576 301 735 364 sunt,
778 311 839 347 se
867 289 1200 347 secundum
1241 289 1456 349 divina
1483 303 1789 371 proecepta
1827 305 1882 351 et
1912 295 2176 353 Patr-um
2206 307 2432 358 statuta

295 392 442 452 Sedi
463 389 791 468 apostolicae
823 391 1048 445 servire
1061 429 1084 456 ,
1116 387 1199 444 uti
1234 387 1500 469 Episcopi
1538 388 1844 449 Dardaniae
1873 391 1993 470 (l);
2042 403 2110 450 ut
2144 392 2254 452 alia
2277 398 2431 472 ejus-

296 485 458 546 modi
501 506 649 566 pene
692 484 1002 541 innumera
1045 480 1280 541 silentio
1321 503 1688 564 premamus3
1747 486 1970 544 omissis
2008 489 2185 546 etiam
2218 491 2432 570 apertis

295 584 405 643 hac
433 582 506 640 de
532 603 594 640 re
618 578 986 638 Innocentiil
1017 578 1139 656 (2),
1184 579 1386 638 Leonis
1423 582 1444 637 Ι
1482 580 1603 659 (3),
1630 579 1843 639 Gelasii
1869 581 1990 660 (4),
2016 583 2303 644 Caelestini
2321 584 2432 666 (5),

296 677 535 740 Martini
577 677 598 733 I
620 721 635 750 .‚
680 674 1044 754 aliorumque
1071 675 1451 752 testimoniiS,
1480 686 1684 757 utpote
1710 675 2043 735 adversario
2070 690 2263 739 nostro
2290 681 2432 741 adeo

295 772 611 856 suspectis7
661 769 873 850 quibus
919 789 1121 827 curam
1170 769 1279 828 sibi
1327 771 1615 830 universae
1652 770 1922 831 Ecclesiae
1966 773 2028 831 in
2074 775 2243 834 Petro
2281 799 2433 838 com-

295 871 533 929 missam
566 889 597 924 a
632 865 863 924 Christo
911 865 1301 947 profitentur,
1345 868 1584 926 nemine
1622 890 1858 949 prorsus
1900 867 2284 948 reclamante,
2312 871 2433 933 imo

293 960 759 1024 adsentientibus
808 982 1080 1043 expresse
1136 962 1379 1021 Consilii
1435 963 1926 1023 Chalcedonensis
1981 965 2247 1025 Patribus
2301 969 2435 1028 uni-

294 1061 473 1124 versis
496 1105 512 1133 .,
562 1061 624 1117 in
675 1059 1009 1117 testimonio
1045 1058 1171 1140 ipso
1213 1058 1286 1118 ab
1328 1058 1660 1120 adversario
1692 1060 1917 1143 prolato
1947 1061 2054 1140 (6).
2100 1065 2227 1136 Quo
2260 1063 2436 1143 igitur

288 1156 501 1217 vrecidit
567 1153 840 1214 machina
888 1153 990 1213 illa
1041 1154 1114 1212 ab
1166 1155 1498 1216 adversario
1554 1156 1722 1215 nobis
1771 1156 2045 1236 objecta?
2085 1159 2169 1217 Ita
2216 1181 2433 1241 nempe

291 1255 460 1312 firma
509 1263 647 1311 sunt
690 1250 970 1310 catholica
999 1250 1324 1332 dogmata,
1378 1264 1441 1310 ut
1491 1275 1798 1333 nunquam
1843 1275 1926 1313 'ne
1966 1253 2153 1313 latum
2193 1256 2432 1337 quidem

293 1372 549 1431 unguem
578 1349 869 1409 dimoveri
901 1360 1002 1406 aut
1024 1349 1253 1408 concuti
1281 1351 1530 1430 possint.
1578 1351 1833 1408 Tantum
1871 1349 2072 1424 abest,
2113 1363 2178 1410 ut
2214 1356 2440 1416 morali

296 1448 662 1508 certitudine
687 1456 954 1504 constare
985 1445 1186 1526 possit7
1227 1446 1606 1511 traditionem
1626 1446 1970 1505 catholicam
1996 1470 2104 1507 nos
2128 1450 2431 1528 agnovisse

292 1566 442 1603 rom.
479 1543 786 1602 Pontifices
830 1541 915 1598 uti
951 1541 1107 1600 Petri
1137 1542 1663 1620 Successoresjure
1683 1543 1939 1601 divino!

374 1639 515 1699 597.
569 1637 656 1699 Ad
697 1640 815 1711 ΞΜ,
858 1640 1011 1695 Dist.
1054 1636 1381 1696 Conferant
1421 1637 1498 1695 ad
1545 1637 1974 1697 ostendendam
2024 1639 2286 1700 Ecclesiae
2329 1663 2429 1699 ro-

293 1757 483 1795 manae
522 1738 1055 1815 praeeminentiam
1110 1744 1169 1792 et
1229 1732 1715 1813 superioritatem
1751 1738 1885 1812 jure
1936 1734 2171 1811 divino,
2230 1758 2429 1805 cono.,·

281 1837 416 1912 jure
446 1830 830 1890 ecclesiastico
870 1840 1139 1903 tantum,
1188 1851 1321 1910 περ.
1357 1829 1414 1888 Si
1453 1829 1613 1888 enim
1648 1828 1934 1906 ejusmodi
1983 1832 2427 1911 praeeminentia

295 1927 552 1988 Ecclesiae
584 1948 843 1986 romana?
866 1923 1074 2007 obtigit
1097 1947 1167 1985 ex
1203 1946 1297 2000 (30,
1338 1924 1495 2007 quod
1519 1947 1673 1984 rom.
1720 1926 2028 1986 Pontifices
2047 1931 2181 2004 jure
2214 1928 2425 1988 divino

288 2110 434 2176 pellat
451 2108 510 2157 ad
531 2107 697 2156 Sedem
717 2105 1016 2171 apostolicam
1039 2123 1050 2153 ε
1075 2103 1161 2153 Ad
1181 2104 1313 2154 illam

289 2209 532 2242 euvtzmam
581 2191 915 2238 auctoritatem
961 2188 1146 2255 appello
1164 2225 1179 2249 ,
1229 2191 1316 2238 cui

291 2274 429 2324 nulla
459 2281 616 2341 potest
642 2271 967 2321 contradicere
992 2309 1005 2329 ‚
1037 2289 1144 2337 quae
1168 2289 1199 2320 a
1220 2270 1315 2319 Do-

288 2363 423 2409 mino
463 2356 582 2408 Jesu
617 2357 807 2406 Christo
834 2373 928 2423 per
961 2354 1164 2405 Beatum
1219 2357 1315 2404 Pe-

287 2454 417 2493 trum
454 2441 739 2509 Apostolum
764 2448 951 2488 tantum
971 2442 1148 2494 meruit
1159 2442 1306 2506 prin-

287 2529 521 2594 cipatum.
556 2525 684 2573 Ibid.
710 2535 826 2582 tom,
860 2540 973 2584 vm,
1017 2539 1125 2588 pag.
1155 2522 1274 2589 787.

359 2610 434 2675 (1)
471 2608 595 2657 lbid.
627 2617 740 2658 tom.
765 2623 831 2666 xv,
863 2623 961 2670 pag.
996 2603 1139 2655 1165.

358 2692 423 2756 (⁹2)
463 2691 610 2757 Epist.
649 2706 762 2738 xxix
798 2700 842 2739 et
879 2707 965 2737 xxx
988 2725 1001 2747 ,
1025 2688 1151 2753 apud
1182 2688 1308 2737 Cou-

285 2786 421 2824 stant.

359 2860 425 2924 (3)
464 2858 586 2906 Loco
611 2875 715 2922 sup.
751 2855 879 2904 laud.

354 2942 421 3004 (k)
460 2942 517 2989 In
555 2939 745 2989 Decreto
785 2941 836 2986 in
856 2955 987 2987 conc.
1019 2937 1231 2986 Romano
1257 2954 1305 2998 1,

287 3027 420 3091 cujus
450 3024 661 3089 praeclara
678 3023 777 3071 haec
798 3021 934 3070 verba
953 3032 1060 3069 sunt
1085 3038 1098 3069 ε
1126 3021 1308 3068 Sancta

286 3123 487 3156 romana
532 3105 764 3154 catholica
810 3113 854 3153 et
893 3103 1150 3170 apostolica
1206 3101 1307 3152 Ec-

285 3189 431 3239 clesia
452 3227 465 3248 ‚
496 3188 645 3235 nullis
670 3189 916 3253 synodici-3
939 3188 1210 3236 constitutis
1230 3204 1305 3235 ce-

286 3275 401 3324 teris
431 3271 670 3323 Eccleeiis
691 3272 898 3338 praelata
927 3281 1024 3333 est,
1048 3271 1130 3319 sed
1163 3287 1307 3319 evan-

283 3356 436 3424 9e11'ca
452 3371 564 3404 voce
579 3353 795 3403 Domini
806 3365 848 3403 et
870 3354 1137 3403 Salvatoris
1153 3354 1308 3402 nostri

279 3442 554 3508 primatum
572 3438 803 3486 obtinuit.
827 3435 881 3485 ln
903 3437 1090 3487 Collect.
1117 3436 1305 3486 Concil.

286 3525 401 3573 edit.
433 3522 621 3571 Venetae
644 3519 819 3576 Coleti,
852 3532 965 3569 tom.
997 3539 1044 3575 v,
1066 3539 1168 3586 pag.
1188 3517 1305 3569 386.

359 3606 425 3670 (ὅ)
465 3604 628 3671 Epist.
659 3620 723 3653 iv.
755 3601 821 3650 ad
850 3601 1019 3668 Epi-sc.
1040 3604 1314 3668 provincioe

293 3687 352 3735 V
349 3690 566 3736 iennem.
594 3693 639 3735 et
665 3683 885 3734 Narbon.
908 3685 1032 3749 apud
1069 3684 1310 3750 Constant,

1402 2105 1492 2156 col.
1525 2102 1652 2153 1066
1672 2140 1687 2165 ‚
1708 2104 1790 2152 ubi
1831 2104 1990 2152 scribit
2022 2121 2143 2154 rom.
2177 2105 2423 2157 Pontifices

1400 2189 1456 2238 in
1496 2186 1701 2253 speculis
1754 2204 1785 2234 a
1834 2186 1940 2234 Deo
1980 2190 2279 2237 constitutos.
2332 2188 2423 2255 Qui

1400 2271 1532 2336 plura
1549 2273 1675 2334 cupit
1691 2269 1878 2318 Patrum
1892 2271 1979 2319 hac
1996 2271 2054 2319 de
2071 2289 2118 2320 re
2134 2275 2419 2335 testimonia,

1400 2357 1565 2421 poterit
1598 2354 1842 2403 consulere
1868 2354 2022 2402 Breve
2054 2355 2126 2403 Pii
2150 2373 2196 2404 Vl
2221 2393 2234 2416 ,
2264 2354 2425 2423 Super

1398 2437 1676 2497 soliditate,
1712 2438 1838 2503 quod
1880 2437 2042 2486 datum
2101 2449 2168 2487 est
2202 2438 2420 2489 adversus

1398 2521 1546 2587 Eybel
1572 2559 1584 2580 ‚
1620 2538 1709 2570 nec
1751 2538 1848 2568 nou
1876 2519 2083 2585 ejusdem
2121 2522 2278 2571 Brevis
2309 2541 2419 2588 apo-

1396 2603 1563 2668 logiam
1584 2641 1598 2661 ‚
1633 2620 1774 2668 quam
1800 2605 1942 2651 texuit
1959 2603 2251 2652 doctissimus
2272 2603 2415 2654 Card.

1397 2687 1627 2736 Gerdilius
1649 2725 1663 2746 ‚
1699 2705 1807 2753 opp.
1837 2699 1952 2737 tom.
1976 2705 2071 2744 xn3
2111 2691 2223 2736 item
2255 2689 2323 2737 De
2340 2690 2413 2738 Si-

1394 2771 1641 2820 meonihus
1679 2773 1727 2818 in
1776 2789 1847 2835 ep.
1878 2769 1949 2820 De
1991 2787 2113 2820 rom.
2154 2771 2420 2836 Pontifici-9

1380 2855 1663 2921 judiciaria
1674 2862 1932 2920 potestate,
1960 2856 2119 2904 Romae
2148 2872 2272 2924 ¹7¹7
2296 2875 2310 2920 3
2330 2875 2416 2907 nec

1397 2958 1493 2987 non
1516 2938 1701 2987 Bari-uel
1722 2977 1734 2997 ‚
1773 2956 1852 3004 op.
1881 2942 1964 2989 cit.
1986 2950 2100 2988 tom.
2131 2957 2178 2998 ι,
2208 2950 2328 3004 part.
2355 2957 2412 3001 ιι,

1392 3023 1599 3071 Zaccaria
1645 3026 1696 3070 in
1730 3021 2123 3070 Anti-Febronio
2145 3059 2157 3083 ‚
2202 3033 2316 3071 tom.
2345 3040 2411 3081 11,

1392 3106 1501 3155 diss,
1536 3123 1568 3153 ιι
1592 3123 1605 3168 ;
1627 3104 1925 3172 ΒοεΙωνὲιιγ,
1951 3104 2021 3154 De
2049 3106 2267 3171 primatu
2291 3122 2414 3155 rom.

1397 3187 1543 3241 Pont.
1577 3199 1696 3253 part.
1733 3207 1780 3249 ι,
1824 3185 1851 3252 ὃ
1887 3203 2054 3254 12-17.

1462 3272 1528 3335 (6)
1567 3273 1664 3320 Cfr.
1712 3272 1885 3320 Christ.
1924 3271 2117 3335 Lupus,
2167 3273 2216 3318 in
2270 3271 2413 3319 schol.

1392 3356 1450 3403 ad
1478 3373 1583 3403 can.
1605 3371 1744 3402 xxvur
1768 3353 2148 3403 Conc.Cl1alced.
2168 3371 2272 3418 opp.
2297 3354 2411 3402 edit.

1392 3439 1472 3486 cit.
1508 3447 1619 3485 tom.
1655 3454 1723 3493 ιι,
1755 3455 1862 3502 pag.
1920 3454 2043 3494 110,
2078 3437 2159 3484 uhi
2199 3437 2413 3487 eamdem

1392 3522 1709 3584 exceptionem
1731 3557 1744 3579 ,
1780 3538 1922 3585 quam
1946 3520 2022 3568 hic
2048 3531 2175 3585 urget
2212 3519 2411 3578 palmer,

1394 3603 1578 3670 Jamdiu
1603 3602 1820 3651 adversus
1846 3602 1992 3653 Marc.
2027 3603 2200 3653 Anton.
2235 3602 2303 3653 De
2320 3602 2416 3652 Do-

1400 3688 1540 3735 minis
1566 3686 1923 3752 propulsaverat.
