2514 4218
419 293 422 296 .
458 236 610 274 mar.
656 235 694 274 1.
738 233 859 271 car.
905 235 967 272 11.
1014 236 1079 271 nn
1124 234 1340 273 oflmsrr
1381 234 1532 272 acer..
1580 235 1827 273 consrrr.
2111 216 2186 276 71

97 376 263 436 nobis
297 373 618 457 praestanda
658 383 824 447 sunt,
874 372 1261 434 evincendum
1294 373 1540 447 scilicet,
1582 384 1641 445 et
1685 394 1890 453 corpus
1926 375 2186 436 Ecclesiae

99 492 262 550 agere
296 470 358 527 in
391 469 684 542 animam,
724 480 782 527 et
817 469 1072 527 animam
1112 468 1361 527 vicissim
1393 469 1454 526 in
1489 467 1700 549 corpus
1734 479 1793 526 et
1835 489 1941 548 per
1978 492 2187 551 corpus

96 563 348 642 ejusdem
385 561 641 621 Ecclesiae
668 583 855 641 agere.

131 675 136 682 ·
177 657 312 714 121.
362 657 430 714 Et
463 658 718 736 primum
741 654 976 737 quidem
1013 653 1106 712 vix
1134 652 1473 734 probatione
1500 655 1753 734 indiget,
1803 676 1938 719 cum
1964 667 2022 716 et
2054 659 2190 716 Pro-

93 760 369 809 testantes
392 750 503 831 ipsi
525 750 839 823 fateantur,
865 769 972 829 per
993 747 1100 804 Dei
1118 745 1362 805 verbum
1387 770 1487 807 seu
1511 749 1980 829 praedicationem
1995 751 2188 811 Evan-

90 843 220 922 gelii
263 854 435 924 atque
483 866 588 925 per
639 846 1004 902 Sacramenta
1041 839 1194 918 gigni
1228 840 1290 897 in
1333 841 1511 900 nobis'
1538 844 1941 917 sanctitatem,
1982 865 2048 903 ac
2083 866 2188 925 per

89 938 445 1018 Baptismum
470 938 531 994 in
554 939 741 1018 specie
770 955 877 994 nos
908 933 1166 1014 cooptari
1189 933 1251 990 in
1275 933 1536 993 Ecclesiae
1568 958 1799 1017 corpuS.
1832 939 1891 996 Si
1917 959 2029 1019 qua
2054 959 2186 997 con-

88 1032 366 1090 troversia
399 1033 589 1111 viget,
614 1031 731 1089 haec
750 1039 870 1086 tota
900 1038 1162 1087 versatur
1192 1029 1340 1085 circa
1370 1028 1614 1087 modum
1637 1073 1652 1100 ,
1672 1050 1786 1109 quo
1817 1025 2187 1091 Sacramenta

85 1123 239 1182 hunc
261 1125 527 1183 effectum
549 1121 871 1205 producant
888 1164 905 1196 ,
931 1132 1132 1180 utrum
1160 1120 1376 1180 scilicet
1399 1143 1503 1202 per
1531 1143 1590 1180 se
1633 1134 1692 1182 et
1721 1124 2082 1200 immediate,
2119 1136 2187 1184 ut

84 1219 451 1277 contendunt
477 1215 791 1290 Catholici,
816 1237 891 1274 an
925 1237 1066 1276 vero
1098 1214 1393 1275 mediante
1421 1215 1534 1291 fide
1556 1260 1572 1290 ,
1603 1228 1670 1275 ut
1701 1229 2010 1277 autumant
2036 1221 2181 1278 Pro-

84 1322 364 1371 testantes
394 1311 504 1390 (1)

165 1406 296 1465 122.
338 1407 607 1485 Superest
638 1404 812 1482 igitur
852 1404 1154 1478 evincere,
1182 1404 1350 1484 quod⁴
1371 1405 1563 1463 anima
1596 1416 1726 1484 agat
1745 1407 1807 1463 in
1827 1427 2064 1487 corpuS,
2098 1407 2178 1466 ita

79 1510 144 1557 ut
177 1499 423 1558 exterius
452 1519 513 1556 se
548 1498 757 1579 prodat
790 1499 1031 1557 interior
1063 1499 1338 1557 sanctitas
1367 1509 1495 1557 tum
1524 1520 1630 1581 per
1668 1501 1765 1581 pia
1803 1522 2015 1581 opera,
2053 1512 2184 1560 tum

79 1594 251 1653 etiam
288 1614 393 1674 per
431 1591 884 1651 extraordinaria
923 1592 1019 1651 illa
1065 1592 1254 1668 dona,
1305 1593 1515 1675 quibus
1555 1596 1707 1652 Deus
1739 1596 2038 1656 consuevit
2077 1595 2173 1653 in·

76 1689 296 1767 signem
334 1687 754 1766 nonnullorum
789 1687 1046 1746 Ecclesiae
1074 1687 1472 1746 membrorum
1495 1689 1862 1747 sanctitatem
1895 1710 2175 1748 exornare

74 1802 138 1839 ac
170 1781 350 1841 veluti
383 1771 565 1860 sigillo
604 1780 924 1860 obsignare.

153 1876 288 1934 123.
331 1878 366 1934 J
371 1898 464 1934 am
482 1897 620 1935 vero
653 1875 990 1934 interiorem
1012 1874 1188 1935 fidem
1225 1875 1487 1957 patefieri
1510 1896 1612 1956 per
1631 1887 1935 1952 externam
1952 1877 2180 1959 profes-

71 1971 291 2030 sionem
320 1982 379 2030 et
418 1970 640 2029 cultum
673 1970 1053 2047 exteriorem,
1084 1971 1183 2052 qui
1208 1971 1329 2028 Deo
1367 1968 1710 2043 exhibetur,
1742 1991 1916 2028 nemo
1954 1981 2042 2028 est
2075 1971 2175 2052 qui

69 2063 340 2143 ambigat.
377 2065 636 2146 Idipsum
656 2064 880 2124 dicatur
904 2064 976 2124 de
1001 2086 1125 2146 spe,
1164 2068 1323 2143 eujus
1350 2064 1406 2125 vi
1435 2065 1525 2138 fit,
1547 2075 1612 2122 ut
1641 2062 1944 2144 culparum
1966 2066 2175 2123 remis-

70 2159 291 2217 sionem
326 2181 358 2217 a
391 2162 509 2218 Deo
540 2171 804 2241 petamus
847 2171 1021 2241 atque
1059 2170 1429 2241 expectemus
1454 2204 1469 2232 ,
1514 2179 1711 2239 preces
1751 2157 1825 2231 ad
1862 2180 1999 2217 eum
2033 2158 2171 2216 fun-

72 2251 275 2309 damus
298 2295 313 2324 ,
350 2264 416 2309 ut
438 2253 627 2311 media
645 2254 852 2312 idonea
883 2253 1272 2328 obtineamUS,
1293 2252 1502 2335 quibus
1524 2253 1585 2311 in
1613 2252 1799 2310 officio
1820 2264 2170 2333 perstemus,

69 2365 464 2426 expugnemus
498 2345 696 2404 salutis
738 2358 950 2405 nostrae
993 2347 1385 2419 adversariOS,
1433 2346 1611 2405 ardua
1657 2347 2055 2425 aggrediamur
2097 2345 2172 2404 ad

67 2437 312 2496 salutem
355 2437 525 2497 nobis
564 2439 1038 2519 comparandam.
1082 2441 1343 2520 Denique
1391 2439 1770 2520 patefacimus
1822 2440 2169 2499 charitatem

67 2543 191 2590 tum
219 2531 280 2588 in
316 2533 670 2612 exequendis
709 2534 816 2592 Dei
847 2532 1137 2591 mandatis
1164 2578 1181 2606 ,
1212 2538 1380 2610 juxta
1419 2531 1566 2589 illud
1603 2531 1816 2590 Christi
1859 2532 2103 2591 effatum
2148 2554 2164 2590 :

69 2626 194 2705 Qui
224 2626 399 2683 habet
428 2627 720 2684 mandata
757 2648 890 2685 mea
934 2637 991 2686 et
1032 2638 1227 2685 servat
1259 2648 1360 2694 ea,
1406 2628 1505 2683 ille
1539 2636 1622 2683 est
1668 2629 1781 2704 qui
1813 2627 2017 2706 diliqzz
2052 2648 2167 2686 me.

68 2721 192 2799 Qui
222 2731 418 2778 autem
462 2722 664 2800 dz'lzyz‘t
701 2742 823 2794 me,
852 2722 1141 2800 dilzyetur
1180 2742 1219 2778 a
1259 2721 1437 2778 Patre
1480 2740 1603 2778 meo
1624 2737 1649 2788 ‚·
1683 2730 1741 2778 et
1773 2741 1870 2799 ‘29⁰
1909 2721 2166 2800 dz'lzjqa'm

62 2835 194 2872 eum
234 2815 359 2893 (2);
400 2826 525 2872 tum
556 2815 733 2873 etiam
769 2835 875 2896 per
908 2826 1068 2873 actus
1096 2814 1449 2887 dilectioniS,
1475 2814 1536 2871 in
1573 2835 1716 2894 quos
1754 2815 2158 2894 erumpimus;

61 2918 186 2965 tum
218 2907 457 2967 demum
496 2909 558 2966 in
600 2908 933 2968 exercendis
966 2909 1263 2967 charitatis
1294 2907 1564 2989 operibus
1592 2919 1649 2966 et
1675 2907 2076 2966 misericordiae
2101 2907 2163 2966 in

56 3003 420 3085 proximum3
465 3003 618 3084 quod
642 3015 701 3062 et
737 3003 809 3063 de
853 3003 1162 3087 virtutibus
1198 3002 1430 3083 reliquis
1474 3001 1682 3061 exinde
1726 3002 2149 3082 prodeuntibus

61 3108 160 3156 aut
188 3097 312 3156 illas
349 3096 759 3157 comitantibus
789 3096 864 3156 ob
893 3097 1157 3156 eamdem
1194 3098 1480 3155 rationem
1521 3095 1764 3174 intelligi
1802 3094 1996 3172 debet.

137 3192 271 3251 124.
321 3194 467 3251 Cum
500 3203 700 3251 autem
723 3193 1034 3251 exteriores
1059 3191 1339 3269 ejusmodi
1374 3203 1568 3264 actuS,
1605 3210 1670 3248 ac
1708 3200 2012 3271 propterea
2052 3211 2156 3250 ex-

59 3283 231 3342 terior
259 3286 379 3367 ipsa
405 3287 674 3345 sanctitas
697 3332 713 3359 ,
752 3287 872 3346 sive
894 3297 1117 3367 spectes
1152 3286 1502 3367 principium
1523 3329 1538 3358 ,
1570 3305 1641 3343 ex
1667 3305 1782 3365 quo
1813 3283 2119 3349 dimanant
2137 3328 2154 3358 ,

57 3376 179 3437 sive
198 3381 480 3441 motivum
493 3427 507 3456 ,
526 3402 641 3463 quo
655 3382 782 3462 quis
802 3382 876 3440 ad
898 3402 994 3440 eos
1007 3379 1326 3440 moliendos
1343 3389 1716 3461 permovetur
1729 3424 1745 3453 ,
1771 3380 1892 3439 sive
1916 3377 2155 3438 demum

129 3589 192 3653 (l)
230 3589 325 3638 Cfr.
374 3601 500 3641 tract.
537 3592 607 3643 De
651 3593 948 3643 Sacramem.
997 3596 1051 3641 in
1225 3595 1290 3659 (2)
1326 3559 1460 3643 Joan.
1501 3611 1602 3656 xiv,
1634 3610 1718 3644 21.

60 3687 255 3733 ywere,
290 3689 389 3736 cap.
425 3689 451 3719 2
472 3708 488 3734 ,
521 3692 572 3724 n.
605 3672 668 3738 43
703 3687 744 3725 et
775 3687 906 3742 seqq.
