2514 4218
430 260 589 297 mur.
637 259 677 294 1.
724 255 844 295 cn.
894 256 957 293 11.
1005 257 1071 292 nn
1114 254 1332 293 cmusn
1375 252 1524 292 nect.
1570 253 1815 291 consi-rr.
2096 229 2174 288 73

90 422 252 461 suam
273 397 628 460 communire
656 395 838 457 voluit
856 440 872 471 .‚
899 407 964 454 ut
985 406 1112 454 tuto
1137 405 1534 455 secerneretur
1554 391 1628 452 ab
1650 392 1763 451 illis
1799 393 1966 453 sectis
1992 393 2175 452 omni-

88 494 231 569 bus,
271 512 394 574 quae
429 512 735 572 perperam
775 490 1031 549 Ecclesiae
1067 489 1175 548 sibi
1222 509 1440 548 nomen
1473 496 1803 569 usurpant,
1851 508 1916 545 ac
1958 508 2175 547 nomen

91 588 323 670 quidem
350 585 593 658 habent,
627 585 783 668 quod
818 586 1051 658 vivant,
1085 584 1272 663 reipsa
1301 595 1498 643 tamen
1515 595 1756 643 mortuae
1772 592 1929 641 sunt.

173 680 304 739 125.
349 680 620 739 Consistit
669 690 864 738 autem
907 677 1017 735 hoc
1063 677 1464 736 testimonium
1515 678 1808 759 potissime
1846 677 1917 734 in'
1947 677 2074 756 jugi
2114 696 2180 735 ac

88 786 368 855 perpetua
389 774 487 832 illa
508 774 916 832 charismatum
943 769 1234 840 affluentia
1256 814 1272 844 7
1300 792 1477 850 quam
1496 772 1754 830 Christus
1777 771 2061 853 pollicitus
2093 779 2180 829 est

89 869 346 928 Ecclesiae
384 891 535 944 suae‚
582 887 868 949 quamque
907 865 969 922 in
997 869 1072 923 ea
1093 864 1308 943 jugiter
1341 876 1842 944 perseveraturam
1884 886 2066 947 usque
2105 864 2180 924 ad

90 963 264 1023 seculi
304 963 863 1022 consummationem
896 956 1252 1039 spopondit3
1295 958 1556 1016 consistit
1594 960 1737 1018 item
1781 960 1846 1019 in
1879 961 2024 1018 mira
2062 959 2180 1019 foe-

91 1057 385 1117 cunditate
403 1103 418 1133 ,
444 1079 618 1138 quam
640 1054 861 1136 pariter
878 1056 1077 1136 jugem
1096 1051 1285 1111 eidem
1310 1051 1567 1110 Ecclesiae
1593 1072 1706 1110 suae
1730 1054 2017 1134 promisit.

173 1153 307 1210 126.
353 1155 529 1211 Porro
562 1149 971 1209 charismatum
1009 1146 1365 1207 affluentiam
1400 1147 1663 1206 Ecclesiae
1701 1169 1815 1208 suae
1855 1149 2183 1230 pollicitum

90 1267 211 1305 esse
251 1246 543 1304 Christum
577 1243 854 1302 evincunt
876 1286 891 1313 ,
927 1261 1054 1322 quae
1080 1241 1353 1321 leguntur
1386 1243 1557 1300 Joan.
1606 1243 1735 1302 XIV
1757 1287 1774 1317 ,
1816 1243 1893 1300 12
1915 1287 1932 1315 ‚
1967 1243 2068 1302 ubi
2100 1245 2182 1304 ait
2256 1320 2259 1323 Ι

90 1340 351 1399 Christus
378 1362 392 1397 :
425 1338 618 1398 Amen
643 1359 818 1396 amen
839 1338 966 1396 dieo
992 1337 1153 1395 vohis
1169 1379 1190 1407 ,
1217 1342 1327 1415 qui
1345 1337 1535 1395 eredit
1554 1341 1622 1394 in
1654 1359 1772 1407 me,
1801 1353 2019 1416 opera,
2054 1361 2184 1417 quoe

89 1458 185 1515 eqo
220 1439 383 1515 facio
404 1480 422 1504 ‚
455 1445 510 1492 et
539 1438 663 1513 ipse
689 1437 907 1513 faciet,
950 1444 1006 1491 et
1040 1437 1274 1511 majora
1303 1434 1516 1492 horum
1548 1436 1771 1511 faciet,
1809 1438 1953 1512 quia
1976 1456 2074 1515 eqo
2105 1436 2192 1494 ad

89 1531 333 1590 Patrem
353 1530 501 1587 vado
529 1529 617 1607 (1)
640 1574 655 1602 a
687 1528 948 1610 loquitur
970 1538 1166 1587 autem
1191 1526 1263 1586 de
1287 1526 1572 1585 miraculis
1593 1553 1609 1601 ς
1649 1528 1795 1588 item
1818 1549 1947 1610 quae
1971 1528 2177 1609 legun·

88 1636 184 1683 tur
206 1625 377 1683 Marc.
404 1624 557 1700 XVI,
597 1623 668 1683 17
693 1634 751 1683 et
776 1623 849 1683 18
882 1645 895 1680 :
934 1624 1125 1702 Siyno
1145 1633 1344 1681 autem
1365 1644 1476 1695 eosq
1503 1625 1615 1701 qui
1638 1624 2002 1683 crediderint
2019 1669 2034 1698 ,
2065 1625 2187 1684 Ιιωο

86 1729 402 1798 sequentur
426 1742 447 1776 ε.
477 1724 544 1777 in
571 1722 809 1778 nomine
837 1739 958 1777 meo
987 1719 1284 1778 daemonia
1314 1722 1583 1796 ejicient,·
1618 1720 1848 1798 linquis
1875 1721 2192 1798 loquentur

82 1819 246 1872 novis
273 1836 293 1879 ‚·
326 1824 614 1893 serpentes
650 1815 892 1881 tollent;
935 1823 990 1871 et
1027 1817 1082 1883 si
1117 1816 1502 1891 mortiferum
1538 1815 1694 1892 quid
1731 1815 2021 1886 biberint,
2065 1835 2188 1874 non

86 1912 168 1966 eis
215 1910 486 1977 nocebit,·
524 1930 700 1988 super
732 1929 915 1988 oeyros
953 1929 1176 1989 manus
1216 1914 1553 1986 imponent,
1593 1919 1647 1968 et
1674 1910 1815 1968 hene
1864 1910 2185 1970 habebunt.

91 2003 237 2061 Item
273 2003 296 2060 l
336 2001 411 2061 ad
446 2004 579 2062 Cor.
625 2004 767 2078 XII,
802 2003 838 2061 6
880 2013 939 2061 et
975 2023 1136 2084 seqq.
1171 2002 1509 2084 Apostolus:
1542 2006 1915 2077 Divisiones,
1953 2006 2146 2088 inquit
2168 2051 2185 2081 .,

88 2101 494 2174 operationum
515 2109 692 2164 sunt;
726 2099 884 2156 idem
911 2118 1042 2158 vero
1071 2099 1269 2166 DeuS,
1307 2103 1419 2176 qui
1439 2109 1722 2177 operatur
1742 2103 1948 2158 omnia
1979 2104 2050 2158 in
2073 2122 2191 2159 om-

91 2193 289 2250 nibus.
335 2193 671 2272 Unicuique
694 2205 896 2252 autem
934 2195 1122 2252 datur
1157 2198 1563 2273 manifestatio
1599 2200 1857 2275 spiritus
1897 2198 1983 2255 ad
2020 2198 2191 2255 utili-

92 2294 291 2342 tatem.
332 2277 467 2344 Alii
491 2289 731 2364 quidem
754 2309 870 2366 per
899 2291 1189 2366 spiritum
1212 2290 1399 2347 datur
1431 2312 1620 2349 sermo
1653 2294 2034 2370 sapientiae...
2078 2293 2196 2350 alii

90 2399 275 2436 sermo
307 2382 637 2438 scientiae...
697 2383 873 2438 alteri
909 2383 1124 2459 fides...
1171 2384 1289 2439 alii
1321 2388 1531 2461 qratia
1577 2388 2042 2444 curationum...'
2077 2388 2196 2445 alii

91 2476 347 2550 operatio
367 2477 694 2544 virtutum,
721 2476 835 2532 alii
855 2476 1207 2554 prophetia,
1241 2477 1360 2533 alii
1377 2478 1650 2537 discretio
1684 2483 2016 2557 spirituum
2034 2525 2052 2548 ,
2079 2481 2195 2538 alii

85 2587 302 2646 qenera
335 2569 690 2647 linquarum
706 2611 726 2639 ,
764 2570 878 2626 alii
905 2572 1315 2647 interpretatio
1358 2592 1717 2630 sermonum.
1755 2573 1973 2645 Quibus
2000 2571 2191 2635 verbis

93 2660 423 2742 complexus
462 2672 548 2721 est
583 2661 894 2742 Apostolus
922 2662 1079 2724 varia
1121 2662 1536 2723 charismatum
1573 2665 1760 2740 dona,
1803 2665 2010 2750 quibus
2024 2672 2191 2746 juxta

99 2754 315 2814 Christi
353 2756 796 2838 pollicitationes
842 2778 943 2815 sua
974 2767 1144 2816 aetate
1196 2757 1533 2817 abundabat
1573 2759 1838 2820 Ecclesia.
1874 2763 2006 2820 Jam
2058 2783 2190 2822 vero

95 2849 308 2909 Christi
334 2851 511 2913 verba
528 2851 679 2911 dicta
701 2863 839 2911 sunt
859 2852 928 2911 iis
950 2897 965 2923 ,
994 2851 1204 2933 quibus
1228 2875 1287 2912 se
1300 2853 1616 2913 affuturum
1642 2856 1900 2914 Christus
1924 2857 2192 2937 promisit

94 2966 275 3026 usque
317 2945 392 3005 ad
428 2947 990 3006 consummationem
1024 2946 1206 3006 'seculi
1227 2992 1242 3021 e
1282 2969 1382 3007 seu
1418 2951 1674 3009 societati
1707 2972 1739 3008 a
1775 2972 1835 3010 se
1868 2952 2185 3026 institutae,

93 3050 150 3099 et
172 3040 480 3101 indefinita
502 3053 639 3101 sunt
656 3087 671 3117 ,
708 3040 925 3102 scilicet
954 3041 1030 3101 ad
1047 3041 1276 3100 nullum
1298 3043 1756 3104 determinatum
1779 3055 2009 3127 tempus
2037 3066 2191 3105 coar·

94 3144 342 3196 ctantur.
381 3140 504 3196 Imo
526 3159 658 3196 cum
688 3158 759 3197 ex
786 3135 1056 3218 Apostolo
1091 3136 1252 3216 signa
1278 3136 1412 3197 data
1445 3139 1563 3198 sint
1590 3138 1920 3198 infidelibus
1938 3162 2060 3199 non
2083 3161 2189 3199 au-

102 3237 218 3288 tem
239 3229 511 3291 'fidelibus
547 3232 634 3312 (2)
656 3277 673 3309 ‚
699 3253 952 3314 pronum
979 3241 1067 3290 est
1087 3230 1300 3292 inferre
1319 3233 1586 3312 ‚tamdiu
1603 3246 2040 3316 perseveratura
2067 3256 2190 3296 esse

171 3458 237 3524 (1)
273 3461 370 3513 Cfr.
399 3467 448 3514 in
474 3466 602 3516 hunc
632 3467 724 3517 loc.
756 3467 940 3518 Cornel.
965 3486 990 3517 a
1019 3467 1101 3517 La·
1184 3470 1306 3519 dono
1338 3471 1600 3536 linguarum
1626 3511 1640 3532 ,
1684 3483 1883 3522 attamen
1904 3510 1917 3533 ,
1951 3483 2003 3521 ut
2034 3480 2185 3537 patet,

97 3541 218 3605 pide.
1182 3552 1340 3600 eadem
1366 3555 1480 3601 ratio
1511 3555 1629 3621 viget
1654 3572 1736 3620 pro
1763 3557 1920 3605 ceteris
1946 3555 2080 3605 donis
2109 3569 2188 3602 ex-

170 3622 233 3686 (2)
274 3623 295 3671 Ι
327 3625 384 3673 ad
411 3626 518 3678 Cor.
544 3643 620 3680 xiv
636 3669 650 3694 ,
682 3647 766 3682 υ.
786 3631 1002 3698 Quamvis
1023 3633 1100 3683 hic
1180 3634 1503 3684 traordinariis.

100 3701 342 3767 Apostolus
380 3724 474 3756 non
508 3722 610 3775 agat
651 3716 701 3763 in
733 3717 880 3779 specie
915 3717 1001 3764 nisi
1042 3715 1098 3764 de
