2514 4218
294 203 379 262 62

891 226 1095 262 TRACT.
1141 226 1210 261 DE
1256 226 1406 265 Locis
1451 232 1826 271 THEOLOGICIS·

298 369 485 430 donec
514 367 748 447 penitus
783 365 1031 426 abolitus
1069 376 1177 425 est.
1213 365 1390 444 Quod
1430 370 1480 428 si
1516 372 1575 430 S.
1612 375 1967 457 CyprianuS‚
2009 400 2101 460 ep.
2128 380 2222 439 cit.
2248 430 2264 459 ,
2301 361 2429 444 hu?

287 461 550 543 jusmodi
571 462 774 546 populi
788 467 884 541 jus
910 461 984 520 de
1016 461 1335 522 traditione
1360 462 1561 525 divina
1586 479 1652 536 et*
1668 471 1980 551 apostolica
2011 473 2415 542 observatione

296 558 651 619 descendere
685 558 854 617 docet
872 601 889 631 7
919 558 974 615 S.
994 558 1215 638 Martyr
1243 558 1437 618 latiori
1471 560 1886 640 significatione
1911 568 2007 629 hic
2031 574 2417 635 traditionem

298 656 583 715 divinam
619 662 1041 712 commemorat
1073 698 1089 727 ,
1136 665 1424 735 quatenus
1462 657 1745 739 exemplis
1791 661 2062 724 innititur
2103 688 2174 727 ex
2220 668 2416 732 divina

298 751 597 834 Scriptura
623 748 988 830 depromptis
1007 794 1023 822 ,
1058 750 1303 810 minime
1327 773 1466 811 vero
1488 753 1648 834 quod
1672 755 1862 837 reipsa
1891 779 1962 817 ex
1995 759 2199 821 divina
2222 764 2414 846 aliqua

297 847 426 927 lege
468 844 614 906 illud
657 845 944 934 proficisci
983 848 1398 908 autumaverit.
1434 848 1597 909 Adde
1621 851 1724 925 .,>S.
1764 850 2119 934 Cyprianum
2147 856 2305 939 loqui
2342 861 2418 921 de

298 941 568 1021 suffragio
603 951 706 999 aut
735 941 1072 1002 testimonio
1095 987 1110 1017 .,
1149 942 1307 1026 quod
1334 944 1586 1027 populus
1610 946 1787 1006 ferret
1814 948 1887 1007 de
1922 951 2179 1011 moribus
2208 954 2419 1035 eligen-

295 1037 541 1113 dorum,
581 1058 705 1096 non
734 1048 933 1098 autem
966 1037 1040 1098 de
1074 1037 1357 1100 electione
1384 1040 1510 1122 ipsa
1532 1086 1548 1116 .,
1587 1045 1747 1120 cujus
1774 1045 2098 1122 judicium
2138 1049 2418 1133 Episcopo

295 1131 741 1210 reservabatur,
782 1145 851 1192 ut
886 1145 1116 1194 constat
1153 1156 1226 1195 ex
1256 1136 1514 1218 epistolae
1546 1138 1693 1197 serie
1717 1138 1831 1218 (l).

382 1229 520 1289 108.
570 1228 656 1288 Ad
686 1230 774 1288 2¹1¹
794 1275 811 1305 ,
849 1230 1000 1311 Ney.
1040 1231 1127 1291 Ad
1162 1230 1366 1291 allatas
1400 1255 1539 1295 vero
1571 1232 1944 1315 probationes
1977 1236 2315 1320 desumptas
2343 1263 2418 1302 ex

298 1324 516 1386 Christi
564 1336 624 1386 et
662 1326 821 1386 Petri
848 1326 1082 1402 verbiS,
1121 1329 1276 1388 Dist.
1317 1329 1662 1411 Improbant
1705 1330 1968 1390 Christus
2015 1344 2075 1393 et
2109 1335 2416 1416 Apostolus

294 1421 529 1505 imperii
557 1432 659 1482 aut
699 1424 1005 1505 potestatis
1033 1423 1248 1483 fastum
1273 1435 1333 1484 et
1362 1424 1611 1484 abusum
1650 1427 1715 1485 in
1752 1426 2012 1487 Ecclesiae
2045 1430 2376 1510 pastoribus
2399 1478 2415 1500 ,

295 1540 502 1586 conc.,·
535 1528 888 1600 potestatem
932 1520 1122 1603 ipsam
1157 1531 1218 1580 et
1249 1521 1599 1603 imperium,
1641 1544 1772 1604 neq.
1820 1523 2166 1605 Improbant
2201 1526 2418 1588 scilicet

292 1614 357 1673 in
398 1614 667 1675 Ecclesiae
688 1615 972 1675 ministris
1003 1614 1318 1676 elationem
1341 1663 1357 1693 ‚
1391 1616 1720 1700 jubentque
1737 1664 1753 1693 ,
1779 1640 1855 1679 ne
1873 1631 2225 1701 potestatem
2249 1644 2419 1682 exer-

294 1722 467 1772 ceant
502 1712 678 1771 nimis
719 1711 929 1772 duram
968 1723 1028 1773 et
1069 1714 1482 1796 imperiosam,
1527 1713 2028 1796 quemadmodum
2070 1715 2420 1776 exercebant

294 1808 594 1890 Principes
646 1809 932 1892 gentium.
993 1806 1218 1869 Abusus
1265 1832 1443 1893 porro
1484 1810 1813 1890 legitimum
1856 1813 1939 1871 rei
1974 1810 2212 1891 alicujus
2246 1835 2420 1872 usum

292 1904 599 1987 supponit.
631 1906 781 1965 Sane
814 1905 1079 1965 Christus
1104 1908 1274 1966 Petro
1294 1952 1310 1982 a
1351 1908 1528 1966 Joan.
1559 1908 1690 1966 XXI
1718 1952 1733 1982 ,
1763 1911 1891 1986 jam
1922 1906 2150 1968 dixerat
2183 1931 2197 1967 :
2236 1910 2422 1969 Pasce

294 2022 479 2080 aqnos
510 2022 732 2060 me03...
755 2023 939 2081 pasce
962 2023 1089 2061 oves
1117 2023 1314 2071 meas;
1341 2023 1406 2061 ac
1435 2001 1594 2061 idem
1624 2003 1830 2062 Petrus
1860 2025 1875 2063 ε
1910 2004 2181 2073 Pascite,
2207 2010 2319 2084 qui
2357 2010 2427 2065 in

296 2097 460 2155 vobis
482 2106 597 2171 est,
627 2118 864 2178 yreyem
892 2099 1046 2171 Dei,
1071 2100 1450 2178 providentes
1479 2120 1601 2157 non
1627 2110 1818 2158 coacte
1835 2147 1853 2170 ,
1886 2101 1991 2159 sed
2006 2111 2324 2180 spontanee
2353 2122 2429 2160 se-

294 2192 569 2252 cundum
604 2197 800 2252 Deum
832 2194 947 2278 (2).
985 2196 1059 2254 At
1091 2193 1404 2277 providere
1440 2204 1502 2257 et
1537 2216 1773 2278 pascere
1806 2196 1932 2256 sine
1964 2207 2255 2278 potestate
2299 2197 2427 2280 quis

365 2438 433 2503 (l)
472 2438 550 2487 Sic
578 2441 706 2487 enim
731 2438 888 2487 scribit
910 2436 959 2488 S.
978 2438 1156 2507 Martyr
1176 2477 1190 2501 ,
1222 2441 1313 2489 loc.

294 2524 376 2571 cit.
404 2521 615 2588 Propter
645 2522 772 2587 qaod
803 2521 1058 2587 diliqenter
1074 2522 1131 2570 de
1160 2522 1316 2571 tradi-

296 2606 427 2652 tione
457 2605 631 2652 divina
647 2613 692 2652 et
714 2604 974 2670 apostolica
994 2604 1317 2653 observatione

297 2687 643 2737 observandum
681 2697 748 2735 est
778 2696 823 2735 et
860 2687 1118 2735 tenendam
1135 2725 1148 2748 ‚
1191 2687 1318 2752 quod

294 2769 431 2837 opud
460 2786 548 2818 nos
582 2786 765 2835 quoque
799 2777 845 2817 et
870 2770 971 2834 fere
993 2786 1084 2835 per
1110 2771 1316 2835 provin-

294 2855 399 2901 cias
442 2855 692 2901 universas
731 2860 950 2913 tenetur,
985 2859 1041 2900 nt
1076 2852 1142 2900 ad
1184 2851 1316 2900 ordi-

295 2937 516 2984 nationes
572 2937 666 2984 rite
713 2934 1022 2984 celebrandas
1074 2934 1140 2982 ad
1211 2951 1317 2984 eam

291 3016 504 3083 plebem,
542 3020 628 3066 cui
662 3019 952 3085 proepositus
1003 3016 1265 3066 ordinatur
1296 3053 1313 3079 ,

297 3098 538 3168 Episcopi
568 3102 780 3169 ejusdem
801 3102 1073 3169 provinciae
1097 3103 1319 3168 proximi

296 3184 473 3248 quique
498 3186 790 3234 conveniant
809 3222 822 3246 ‚
852 3193 898 3233 et
925 3183 1207 3250 Episcopus
1238 3182 1316 3232 de-

297 3264 511 3331 liqatur,
533 3267 672 3334 plebe
703 3276 943 3335 praesente
963 3304 978 3327 ‚
1003 3283 1112 3333 quw
1141 3268 1317 3332 sinqu-

298 3348 453 3398 lorum
508 3352 659 3399 vitam
699 3351 983 3416 plenissime
1037 3351 1176 3398 novit
1202 3385 1217 3409 ‚
1273 3358 1319 3397 et

298 3433 679 3500 uniuscujusque
703 3442 866 3483 actum
889 3433 947 3481 de
977 3434 1081 3499 ejus
1114 3448 1311 3480 conver-

299 3516 482 3565 satione
497 3519 765 3582 perspexit.
784 3517 857 3564 En
876 3520 1038 3584 itaque
1058 3518 1311 3578 rationem,

301 3616 444 3666 quare
467 3602 597 3667 juxta
617 3599 667 3649 S.
691 3599 975 3666 Cyprianum
1005 3600 1321 3665 exquireretur

232 3742 234 3744 ῃ
301 3683 570 3749 suffragium
608 3682 757 3749 plebis
785 3722 799 3743 ‚
843 3692 894 3730 ut
925 3682 1151 3747 praeberet
1187 3683 1318 3730 testi-

304 3768 515 3816 monium
542 3767 598 3817 de
629 3766 826 3832 eligendi
855 3765 950 3815 vita
987 3771 1033 3814 et
1071 3763 1277 3814 moribus
1303 3802 1316 3826 ‚

1398 2442 1547 2508 idque
1578 2458 1783 2490 consone
1828 2444 1886 2490 ad
1926 2442 2134 2509 Apostoli
2173 2443 2380 2507 regulam
2405 2482 2418 2503 ‚

1399 2524 1488 2571 1ad
1519 2522 1640 2571 Tim.
1668 2540 1719 2570 ιιι
1740 2560 1754 2583 ,
1794 2541 1821 2590 7
1847 2540 1861 2571 ε
1886 2522 2084 2588 Oportet
2121 2521 2424 2590 illum(Epi-

1398 2606 1611 2669 scopum)
1634 2612 1678 2651 et
1705 2605 2032 2651 testimonium
2053 2603 2223 2652 habere
2243 2605 2424 2654 bonum

1369 2714 1371 2716 ·
1399 2685 1543 2733 abiis
1560 2721 1573 2744 ‚
1602 2686 1689 2748 qui
1709 2684 1835 2748 soris
1862 2693 1989 2733 sunt.
2008 2685 2144 2751 Quod
2161 2689 2198 2735 si
2230 2687 2291 2735 ab
2312 2689 2421 2736 eth-

1407 2769 1529 2815 nicis
1565 2769 1677 2832 ipsis
1712 2784 1904 2816 necesse
1933 2777 2004 2816 est
2032 2769 2204 2818 habere
2239 2768 2420 2820 bonum

1401 2851 1723 2898 testimonium
1742 2884 1757 2908 ‚
1783 2866 1863 2897 seu
1880 2850 2005 2913 apud
2033 2868 2110 2899 eos
2142 2850 2266 2900 bona
2287 2853 2410 2901 fama

1397 2933 1526 2994 frui,
1562 2943 1738 2999 quanto
1773 2935 1914 2998 magis
1943 2935 2066 2999 apud
2099 2935 2259 2984 fideles
2281 2939 2306 2984 Ρ
2350 2939 2419 2985 uti

1398 3015 1609 3064 observat
1625 3014 1674 3064 S.
1694 3014 1721 3063 J
1725 3031 1831 3064 oan.
1842 3014 2212 3082 Chrysostomus.
2231 3017 2414 3066 Exinde

1399 3098 1574 3147 effluxit
1605 3099 1655 3146 in
1675 3097 1879 3147 Ecclesia
1918 3098 2140 3148 catholica
2169 3096 2413 3165 disciplina

1398 3181 1459 3230 de
1476 3181 1662 3247 publice
1689 3180 2028 3230 denunciandis
2049 3182 2320 3230 nominibus
2338 3201 2414 3231 or-

1398 3266 1712 3315 dinandorum
1735 3302 1748 3326 ‚
1792 3274 1845 3313 ut
1867 3303 1880 3326 ,
1916 3269 1952 3314 si
1981 3283 2085 3333 quae
2121 3268 2230 3314 vitia
2275 3269 2327 3315 in
2359 3269 2415 3316 iis

1397 3351 1525 3411 sint,
1561 3349 1856 3414 detegantur.
1890 3347 1990 3397 Cfr.
2019 3348 2297 3411 Hallierius,
2333 3349 2410 3415 op.

1397 3434 1479 3480 cit.
1509 3429 1591 3479 De
1608 3432 1766 3479 sacris
1785 3430 2002 3481 elec-tion.
2021 3443 2138 3498 part.
2163 3450 2177 3480 1
2199 3469 2213 3494 ‚
2240 3449 2345 3498 cap.
2365 3445 2412 3488 2,

1398 3532 1484 3564 nec
1497 3532 1594 3563 non
1610 3512 1720 3565 Nat.
1745 3513 1878 3564 Alex.
1900 3515 2009 3564 diss.
2027 3530 2115 3566 viu
2133 3517 2216 3566 cit.
2242 3524 2350 3564 sect.
2372 3522 2416 3572 i,

1403 3615 1543 3665 prop.
1582 3611 1653 3646 ιιι.

1473 3680 1537 3745 (2)
1575 3680 1779 3729 Loc.cit.
