2514 4218
252 232 255 233 a
337 181 456 240 338

928 200 1120 238 TRAGT.
1175 200 1245 241 DE
1290 202 1442 240 Locis
1501 205 1887 245 THROLOGICIS.

334 345 703 405 Firmilianus
730 344 850 424 (1),
886 343 1136 403 Hilarius
1183 345 1313 425 (2),
1359 344 1598 404 Basilius
1641 347 1766 427 (3),
1805 349 2142 410 Ambrosius
2184 352 2310 433 (4),
2339 356 2475 437 Epi-

332 441 587 523 phanius
623 441 755 523 (5),
793 441 1104 520 Gregorius
1142 443 1434 522 Nyssenus
1476 443 1602 521 (6),
1640 443 2026 527 Hieronymus
2056 449 2167 528 (7),
2206 450 2478 529 Augusti-

333 558 443 595 nus
501 537 590 616 (8)
621 581 637 610 ,
698 534 945 616 Cyrillus
1003 535 1173 596 Alex.
1225 537 1353 617 (9),
1419 538 1531 596 Leo
1582 539 1662 597 M.
1717 539 1882 623 (10),
1930 543 2213 603 Maximus
2267 546 2476 605 Tauri-

331 633 533 693 nensis
564 632 738 712 (11),
781 643 896 691 etc.

411 729 551 788 502.
602 727 864 788 Secunda
890 727 1083 787 classis
1107 750 1201 787 eos
1231 726 1470 788 exhibet
1500 729 1703 788 Patres
1733 731 2126 813 ethscriptores
2166 735 2472 796 ecclesias-

329 826 504 901 ticos,
549 825 649 906 qui
677 824 1088 884 necessit-atem
1112 823 1427 883 adstruunt
1449 823 1581 882 fidei
1630 825 1788 884 Petri
1823 826 2167 886 adhaerendi
2190 874 2205 903 ,
2241 841 2307 888 ut
2345 817 2473 914 quis

327 921 512 1003 possit
560 921 850 980 unitatem
898 919 1034 979 fidei
1075 941 1345 994 servare,
1388 941 1582 1002 neque
1623 921 1780 980 inter
1823 921 2126 983 haereticos
2177 923 2468 1007 deputari.

330 1015 496 1075 Tales
528 1027 727 1075 autem
761 1027 902 1076 sunt
930 1016 970 1074 ii
999 1037 1203 1075 omnes
1227 1062 1242 1091 ,
1271 1016 1371 1098 qui
1411 1027 1720 1098 exponunt
1758 1017 1966 1078 eadem
1999 1019 2213 1079 Christi
2237 1020 2419 1082 verba
2452 1045 2468 1082 ε

340 1109 435 1173 Tu
458 1134 515 1172 es
546 1114 767 1173 Petrus
790 1159 805 1179 .
843 1123 902 1174 et
935 1135 1119 1193 super
1138 1113 1296 1172 lianc
1319 1123 1563 1193 petram
1585 1158 1601 1187 ,
1634 1124 1746 1175 etc..
1783 1115 1857 1175 de
1898 1115 2032 1175 fidei
2055 1117 2415 1180 confessione
2441 1141 2474 1179 a

326 1210 500 1268 Petro
534 1209 693 1270 edita
732 1220 792 1270 et
826 1207 1227 1293 praedicandaz,
1272 1220 1529 1291 quatuor
1563 1231 1779 1292 nempe
1817 1233 1992 1294 supra
2036 1213 2423 1295 quadraginta
2451 1263 2467 1293 ,

327 1329 472 1390 quos
513 1307 672 1369 idem
714 1311 1001 1388 Launojus
1053 1319 1321 1370 recenset
1367 1307 1521 1389 (12).
1575 1310 1843 1384 Etenim,
1884 1321 1950 1369 ut
2005 1315 2069 1370 in
2111 1312 2471 1394 praecedenti

323 1585 467 1633 visset
494 1585 551 1631 in
575 1585 731 1632 terris.
769 1582 892 1631 Tum
932 1582 1071 1648 paulo
1096 1591 1200 1647 post
1230 1580 1350 1629 ibid.

329 1678 375 1717 et
402 1669 453 1715 in
476 1667 562 1716 lib.
589 1664 657 1714 De
685 1666 816 1714 unit.
850 1663 1039 1715 Eccles.
1060 1665 1176 1713 edit.
1200 1663 1352 1712 Maur.

322 1766 427 1816 pag.
467 1749 559 1816 194
591 1765 604 1798 ε
634 1746 871 1813 Loquitur
903 1748 1150 1796 Dominus
1179 1747 1244 1799 ad
1263 1742 1355 1794 Pe-

321 1840 452 1879 trum
483 1849 500 1880 .·
535 1829 587 1878 E
585 1847 643 1895 qo
677 1830 784 1879 dico
810 1831 931 1888 tibi,
960 1840 1117 1880 etc....
1137 1846 1282 1895 super
1296 1828 1354 1877 il-

323 1913 425 1962 lam
455 1930 610 1961 unam
642 1913 855 1978 aedificat
880 1910 1147 1961 Ecclesiam
1187 1928 1348 1961 suam.

324 1996 464 2044 Plura
510 1995 598 2044 alia
639 2007 888 2044 occurrunt
928 1996 981 2044 in
1033 1995 1196 2044 eodem
1233 1994 1351 2043 libro

323 2082 490 2127 omissa
516 2097 542 2126 a
574 2079 800 2144 Launojo.

395 2161 462 2225 (1)
502 2160 556 2208 In
573 2158 738 2226 Epist.
773 2159 839 2207 ad
877 2159 1110 2227 Cyprian.

393 2242 458 2307 (2)
509 2241 564 2290 In
618 2259 720 2307 cap.
762 2259 843 2290 xvi
894 2241 1062 2291 Matth.
1115 2252 1253 2308 atque
1303 2243 1351 2289 in

323 2325 495 2375 Psalm.
526 2341 691 2376 cxxxl.

392 2409 457 2475 (3)
497 2408 553 2456 In
578 2426 684 2474 cap.
711 2425 744 2456 11
761 2406 867 2456 Isai.

393 2493 459 2558 (14)
500 2488 663 2540 Serm.
695 2507 855 2539 nvm.

389 2575 465 2637 (ὅ)
499 2574 554 2623 In
583 2576 850 2623 Ancorato.

392 2658 464 2724 (6)
503 2657 648 2706 Orat.
672 2673 800 2705 xxvi.

392 2742 464 2806 (7)
499 2740 554 2789 In
587 2756 694 2804 cap.
736 2754 813 2787 xv1
845 2735 1015 2784 Matth.
1048 2746 1093 2784 et
1122 2738 1174 2782 in
1213 2736 1350 2799 epist.

324 2839 452 2887 uu,
497 2824 562 2873 ad
607 2821 811 2872 Damas.
858 2837 946 2868 nec
981 2836 1077 2867 non
1123 2820 1171 2865 in
1212 2820 1349 2883 epist.

323 2907 389 2955 acl
418 2904 711 2956 Marcellam
742 2904 847 2953 adv.
887 2902 1099 2949 Montan.

398 2990 463 3055 (8)
505 2990 764 3037 Retractat.
808 2986 894 3035 lib.
928 3002 976 3047 1,
1001 3001 1105 3049 cap.
1133 2998 1191 3032 21
1220 3019 1236 3044 ,
1267 2982 1349 3033 ubi

323 3071 390 3121 sic
429 3073 589 3122 scribit
628 3089 641 3121 ε
671 3070 797 3121 Dim*
832 3070 890 3117 in
920 3067 1126 3134 quodam
1155 3065 1252 3115 loco
1291 3066 1350 3114 de

325 3153 554 3221 Apostolo
586 3151 761 3216 Petro,
793 3149 928 3218 qaod
945 3152 1000 3199 in
1035 3166 1087 3198 eo
1114 3157 1347 3214 tanquam

323 3243 385 3286 in
417 3248 556 3303 petra
583 3237 817 3302 fandata
855 3237 921 3283 sit
970 3231 1219 3293 Ecclesia,
1261 3234 1350 3297 qui

322 3336 493 3369 sensus
535 3322 681 3368 etiam
722 3327 949 3367 cantatur
979 3333 1058 3365 ore
1085 3314 1347 3364 multorum

323 3406 380 3451 in
407 3402 623 3451 versibus
649 3401 915 3450 beatissimi
949 3399 1233 3458 Ambrosii,
1260 3399 1350 3447 ubi

325 3488 384 3535 de
411 3484 538 3552 qallo
562 3483 829 3550 qallinaceo
857 3485 960 3532 ait:
1007 3481 1116 3530 Hoc
1139 3482 1243 3547 ipso
1261 3499 1347 3547 pe-

326 3579 402 3617 tra
436 3566 667 3619 Ecclesia?
711 3576 910 3615 canente
947 3565 1140 3632 culpam
1177 3564 1342 3613 diluit.

327 3649 427 3703 Sed
468 3652 596 3709 scio,
645 3666 720 3698 me
743 3657 911 3716 postea
956 3650 1222 3717 soepissime
1273 3647 1343 3697 sic

325 3736 615 3801 exposuisse,
634 3732 761 3798 quod
773 3750 797 3779 a
817 3731 1035 3781 Domino
1054 3732 1236 3780 dictum
1248 3740 1315 3778 esc
1328 3751 1347 3780 .-

1446 1580 1529 1628 Tu
1561 1597 1611 1629 es
1646 1580 1826 1629 Petras
1847 1620 1859 1641 ‚
1890 1590 1935 1629 et
1959 1599 2104 1649 super
2135 1583 2263 1634 banc
2281 1595 2469 1652 petram

1440 1663 1691 1727 oedificabo
1729 1663 2008 1714 Ecclesiam
2033 1684 2187 1714 meam
2214 1668 2349 1735 (quae
2366 1687 2470 1719 om-

1438 1748 1511 1793 nia
1547 1747 1689 1796 verba
1724 1750 1881 1796 omisit
1905 1747 2205 1814 Launojus),
2239 1759 2294 1799 ut
2327 1769 2472 1820 super

1436 1827 1567 1876 bunc
1614 1828 1964 1895 intelligyeretur
1995 1869 2007 1890 ‚
2047 1849 2186 1896 quem
2227 1835 2469 1899 consessus

1436 1919 1502 1959 ese
1524 1909 1701 1959 Petrus
1714 1951 1732 1973 ,
1762 1912 1926 1961 dicens
1947 1932 1965 1962 :
1998 1911 2073 1964 Tu
2092 1931 2140 1962 es
2160 1914 2385 1965 Christus
2399 1918 2464 1981 fi-

1435 1992 1536 2041 lius
1572 1993 1674 2044 Dei
1717 1996 1853 2057 vivi,
1895 2013 1953 2044 ac
1989 1999 2036 2044 si
2066 1997 2247 2046 Petras
2275 2000 2332 2047 ob
2378 1998 2464 2048 hoc

1429 2085 1567 2143 petra
1599 2077 1866 2144 appellatas
1887 2116 1901 2138 ‚
1930 2096 2190 2145 personam
2227 2077 2466 2131 Ecclesioe

1428 2161 1652 2225 fiqurans
1695 2198 1708 2221 ‚
1751 2177 1857 2226 quoe
1909 2178 2054 2228 super
2109 2162 2235 2212 lianc
2273 2174 2463 2231 petram

1436 2244 1716 2308 (edificatur
1735 2281 1750 2306 ,
1770 2254 1815 2294 et
1833 2248 2015 2312 accepit
2030 2246 2184 2296 claves
2213 2251 2354 2313 requi
2366 2267 2461 2299 σω-

1434 2325 1609 2377 lorum.
1635 2327 1751 2377 Non
1773 2330 1903 2376 enim
1930 2327 2115 2378 dictum
2132 2340 2200 2379 est
2226 2330 2305 2379 illi
2329 2350 2347 2382 .·
2380 2334 2462 2382 Tu

1434 2425 1483 2456 es
1507 2409 1683 2472 Petra,
1706 2411 1789 2458 sed
1803 2419 1854 2458 ta
1873 2428 1921 2459 es
1951 2411 2143 2461 Petrus.
2170 2411 2316 2461 Petra
2330 2417 2462 2462 enim

1436 2499 1536 2539 erat
1567 2491 1811 2551 Christus,
1843 2511 1983 2559 quem
2001 2494 2242 2559 confessus
2258 2495 2457 2557 Simon,

1437 2576 1563 2622 sicut
1609 2592 1720 2623 eam
1763 2583 1861 2623 tota
1903 2574 2125 2625 Ecclesia
2174 2578 2457 2641 confitetur,

1437 2655 1596 2704 dictus
1619 2666 1687 2705 est
1714 2654 1890 2705 Petras
1932 2658 2069 2723 (quae
2101 2662 2268 2722 pariter
2303 2659 2460 2708 omisit

1438 2739 1723 2806 Launojus).
1788 2739 1986 2787 Harum
2036 2751 2196 2789 autem
2245 2742 2456 2790 duarum

1437 2823 1808 2884 sententiarum,
1826 2839 1932 2887 quae
1951 2824 2014 2870 sit
2024 2823 2341 2888 probabilior,
2364 2824 2452 2873 eli-

1433 2913 1517 2970 qat
1552 2904 1706 2953 lector.
1752 2906 1849 2956 Cfr.
1899 2907 2013 2958 edit.
2054 2907 2202 2956 Maur.
2255 2915 2372 2954 tom.
2405 2922 2452 2965 1,

1436 3005 1537 3053 pag.
1579 2988 1662 3038 32.

1506 3070 1572 3135 (9)
1610 3070 1728 3120 Lib.
1764 3085 1828 3130 11,
1862 3086 2008 3136 super
2038 3069 2187 3119 Joan.
2230 3087 2334 3136 cap.
2380 3086 2419 3120 1.

1505 3153 1604 3218 (10)
1644 3152 1815 3220 Epist.
1848 3169 1986 3213 mxxv,
2012 3151 2302 3200 adLeonem
2341 3151 2452 3200 Au·

1430 3245 1642 3301 qustum.

1502 3315 1601 3384 (11)
1644 3317 1791 3366 Hom.
1836 3332 1883 3375 1,
1928 3319 1979 3364 in
2022 3315 2195 3364 Natali
2233 3316 2379 3364 Petri
2411 3325 2455 3364 et

1432 3399 1611 3449 Pauli.

1501 3481 1600 3546 (12)
1640 3478 1800 3546 Epist.
1840 3483 1927 3537 vil,
1951 3481 2017 3530 ad
2050 3479 2448 3538 VoeIlium‚cdit.

1430 3564 1595 3613 Colon.
1648 3562 1880 3627 Allobrog.
1931 3574 2044 3614 tom.
2089 3582 2117 3612 v
2154 3599 2168 3623 ,
2217 3571 2334 3627 part.
2377 3574 2447 3619 ¹1,

1428 3662 1533 3713 pag.
1583 3642 1670 3695 106
1700 3656 1744 3695 et
1771 3663 1903 3712 seqq.
