2514 4218
2083 174 2201 237 335

398 210 558 247 PART.
604 209 642 244 1.
688 205 841 243 SEGT.
894 206 960 240 11.
1011 205 1137 241 GAP.
1185 204 1225 239 1.
1272 203 1339 238 DE
1386 201 1546 237 PETRI
1591 201 1867 237 PR1MATU.

158 358 301 418 495.
349 353 437 431 Ad
473 352 554 410 8¹1¹
586 395 601 425 ,
651 351 808 410 Dz’st.
853 349 1022 407 Hisce
1058 345 1241 405 titulis
1283 343 1526 403 Paulum
1559 343 1933 402 cumularunt
1972 343 2204 402 SS.Pa-

77 468 198 516 tres
233 451 311 513 ob
346 468 588 530 magnos
623 449 744 523 ejus
773 445 835 502 in
868 441 1199 526 apostolatu
1228 437 1555 500 exantlatos
1581 437 1848 513 laborm,
1887 460 2049 498 conc.
2081 460 2094 472 ·
2074 438 2207 507 ,ob

78 554 207 630 ejus
251 567 386 606 cum
415 543 589 602 Petro
642 538 1081 622 aequalitatem.
1122 548 1224 595 aut
1262 536 1437 595 etiam
1475 535 2021 644 praeeminentiam
2071 557 2202 614 neq

78 647 225 706 Nam
257 641 318 702 hi
363 639 474 721 ipsi
515 640 713 697 Patres
750 643 1087 694 constanter
1140 633 1397 691 Petrum
1422 632 1760 714 principem
1795 629 2212 713 Apostolorum

79 750 139 800 et
178 736 439 798 Ecclesiae
483 743 658 815 caput
702 739 1070 810 agnoverunt
1116 738 1176 786 et
1209 727 1451 813 professi
1480 739 1622 786 sunt
1652 728 1786 803 uti
1827 725 2213 787 ostendimuS.

163 833 304 892 496.
356 830 445 891 Ad
476 829 580 902 9¹1³,
614 830 774 889 Dist
810 823 902 885 Ob
932 821 1321 884 accidentales
1342 843 1578 896 causaS‚
1614 845 1757 905 quas
1787 833 2097 883 recensent
2119 843 2217 881 ar·-

82 927 361 1007 chaeologi
415 924 536 1005 (1),
576 944 738 982 eone.
761 944 783 987 ‚·
827 919 903 979 ad
967 916 1127 976 Pauli
1172 915 1580 998 praelationem
1625 902 2067 997 significandam
2118 928 2222 977 aut

84 1022 480 1106 aequalitatem
517 1039 650 1082 cum
678 1019 889 1088 Petro
931 1034 1062 1092 neq.
1092 1012 1283 1094 Atque
1306 1023 1372 1070 ut
1398 1012 1508 1071 alia
1542 1023 1927 1096 praeteream
1977 1014 2041 1072 in
2062 1014 2223 1074 anti-

85 1119 214 1201 quis
247 1115 506 1175 nummis
542 1117 926 1195 Imperatores
951 1107 1255 1168 christiani
1291 1109 1594 1169 interdum
1617 1121 1898 1186 ocurrunt
1925 1109 2000 1169 ad
2016 1110 2225 1172 dexteae

85 1237 213 1275 ram
237 1215 530 1296 Deiparae3
558 1211 621 1271 in
641 1204 945 1270 nonnullis
981 1206 1149 1266 vitris
1178 1228 1242 1265 ac
1268 1208 1510 1287 picturis
1542 1210 1744 1268 Petrus
1770 1206 1844 1267 ad
1874 1207 2181 1269 dexteram
2198 1252 2224 1281 ,

87 1311 354 1371 Christus
398 1327 539 1370 vero
566 1304 643 1364 ad
668 1303 881 1363 laevam
928 1301 1138 1362 visitur
1177 1301 1292 1380 (2).

139 1434 143 1435 ⁷
173 1407 310 1465 497.
355 1403 446 1464 Ad
483 1401 603 1460 lom
623 1445 640 1475 ,
666 1400 823 1458 Dist.
857 1396 942 1457 Ad
980 1395 1420 1477 implorandum
1445 1397 1757 1478 'utriusque
1791 1401 2188 1481 patrocinium
2210 1449 2227 1479 ‚

90 1522 289 1570 cone.;
313 1498 388 1559 ad
419 1516 622 1579 parem
664 1494 900 1575 utrique
940 1492 1348 1552 auctoritatem
1398 1490 1773 1552 tribuendam
1801 1539 1817 1566 ,
1857 1517 1987 1575 neq.
2021 1497 2231 1557 Merito

91 1607 288 1657 autem
334 1591 636 1672 utriusque
682 1588 1075 1698 patrocinium
1128 1588 1377 1647 Romani
1430 1588 1737 1648 Pontifices
1787 1589 2112 1671 implorant
2159 1592 2236 1652 ad

92 1712 308 1774 munus
347 1686 458 1747 sihi
494 1686 870 1760 commissum
905 1685 1016 1743 rite
1059 1683 1430 1759 obeundum,
1476 1705 1611 1742 cum
1644 1685 1878 1767 utrique
1911 1687 2235 1768 peculiares

94 1788 212 1848 sint
244 1766 507 1854 Ecclesiae
534 1802 794 1842 romanae
822 1780 1096 1862 patroni,
1142 1801 1319 1861 quam
1345 1779 1518 1839 simul
1549 1778 1845 1840 laboribus
1876 1803 1942 1841 ac
1970 1783 2237 1844 doctrina

93 1881 509 1954 excoluerunt,
532 1880 652 1938 imo
676 1890 736 1937 et
767 1877 1048 1958 sanguine
1079 1878 1415 1957 irrigarunt.
1442 1876 1616 1954 Quod
1649 1878 1696 1936 si
1731 1878 2031 1939 interdum
2062 1882 2233 1941 Rom.

92 1978 401 2038 Pontifices
427 1985 893 2035 commemorant
925 1976 1335 2032 auctoritatem
1364 1973 1523 2032 Petri
1544 1984 1604 2033 et
1628 1973 1821 2048 Pauli,
1853 1974 1914 2033 id
1937 1976 2000 2034 in
2024 1997 2198 2035 sensu
2219 2022 2243 2059 ³.

99 2085 168 2132 ut
205 2074 373 2132 aiunt
393 2117 410 2146 7
447 2068 827 2130 accommodo
869 2067 945 2127 ad
971 2068 1233 2150 ipsorum
1269 2078 1532 2128 mentem
1561 2067 1809 2149 intelligi
1837 2068 2015 2131 debet
2045 2070 2155 2153 (3).

105 2316 219 2362 sima
248 2313 350 2361 haec
378 2316 568 2378 quaestio
612 2324 678 2362 est
702 2352 715 2374 ‚
753 2331 840 2363 nec
875 2317 1009 2379 pauci
1038 2333 1126 2363 ne-

104 2412 196 2461 que
208 2391 440 2459 ignobiles
448 2397 688 2460 scriptores
701 2395 993 2460 distinguunt
1003 2397 1133 2444 hunc

107 2475 314 2540 Cepham
347 2494 373 2524 a
413 2476 566 2526 Petro.
608 2477 722 2526 Haec
762 2477 998 2540 indicavi5
1034 2495 1132 2525 non

1222 2315 1372 2379 Lugd.
1411 2312 1536 2363 1665
1559 2353 1571 2373 ‚
1607 2325 1725 2364 tom.
1758 2334 1835 2376 xv,
1871 2326 1971 2364 tum
2004 2319 2055 2365 in
2080 2335 2242 2382 opusc.

1223 2399 1298 2444 cui
1313 2398 1385 2444 tit.
1403 2395 1483 2443 De
1494 2394 1688 2461 bicipiti
1700 2393 1922 2446 Ecclesia
1935 2397 2023 2446 sub
2036 2395 2132 2448 SS.
2147 2399 2246 2446 Pe·

1224 2485 1295 2525 tro
1326 2485 1371 2525 et
1395 2474 1551 2525 Paulo
1573 2515 1586 2538 ‚
1625 2488 1786 2542 punct.
1823 2495 1917 2540 vn,
1947 2497 1999 2528 n.
2026 2478 2092 2544 4,
2132 2497 2244 2546 opp.

106 2558 233 2625 quod
273 2560 371 2623 ipse
414 2559 526 2608 huic
573 2551 832 2609 sententiae>
860 2561 1132 2625 adstipulari

107 2642 247 2690 velim
270 2679 284 2701 ,
325 2642 404 2690 sed
431 2659 486 2691 eo
526 2653 707 2691 tantum
747 2645 906 2692 animo
926 2681 941 2705 ‚
981 2654 1032 2692 ut
1056 2661 1131 2692 os·

109 2723 317 2782 tendem‚
333 2740 430 2770 non
442 2740 539 2772 esse
549 2724 664 2773 adeo
682 2722 996 2789 exploratum,
1010 2725 1135 2791 quod

111 2824 195 2873 pro
219 2816 352 2855 certor
367 2807 616 2856 adversarii
646 2818 911 2857 assumunt.

40 2898 45 2903 ·
137 2932 141 2937 ,
184 2888 250 2952 (1)
291 2888 389 2936 Cfr.
430 2887 734 2955 Arringhius,
769 2890 923 2938 Roma
952 2888 1138 2938 subter-

114 2986 300 3030 ranea,
345 2980 462 3019 tom.
507 2985 578 3035 ¹13
617 2969 855 3031 Boldetti,
904 2970 1139 3021 Osserva-

121 3055 257 3102 sioni
284 3070 425 3121 sopra
449 3057 472 3103 i
504 3054 732 3122 Cimiterjj
748 3054 819 3103 de’
837 3057 973 3103 sami
1000 3055 1141 3104 Mar-

121 3135 226 3196 tiri,
247 3153 352 3201 cap.
375 3137 461 3203 39,
484 3155 590 3203 pag.
615 3153 708 3204 192
731 3148 775 3187 et
791 3155 924 3204 seqq.
946 3153 961 3200 3
990 3137 1140 3198 Rusio,

126 3216 590 3282 Romasotterranea‚
607 3221 757 3270 Roma
778 3237 795 3268 1
807 3219 924 3288 754,
942 3230 1056 3270 tom.
1073 3224 1157 3281 ni,-

130 3314 231 3363 pag.
264 3303 354 3366 ¹93
375 3319 390 3365 3
410 3303 737 3353 Buonarruotti
752 3342 763 3363 ‚
796 3303 1143 3351 Osservaziom‘

129 3395 269 3445 sopra
296 3382 465 3431 alcuni
481 3385 767 3450 frammenti
803 3386 859 3434 di
878 3386 987 3433 vasi
1016 3386 1146 3432 anti-

132 3459 214 3508 chi
241 3461 297 3510 di
326 3472 451 3512 vetro
469 3502 484 3525 ,
508 3467 695 3517 Firenze
740 3467 868 3534 1716
886 3505 899 3525 ,
921 3486 1028 3534 pag.
1059 3483 1141 3534 77.

134 3541 232 3591 Cfr.
256 3546 390 3591 etiam
415 3547 621 3597 eruditus
637 3549 921 3615 Theophilus
935 3549 1150 3614 Raynau-

50 3627 56 3630 ’
137 3625 222 3672 dus
239 3622 287 3674 S.
303 3625 347 3674 J.
370 3636 466 3674 tum
500 3630 551 3677 in
579 3629 885 3680 Helen-colitis
903 3670 917 3693 ,
945 3638 1063 3698 part.
1095 3648 1109 3678 ι
1132 3667 1147 3690 ,

138 3714 250 3757 sect.
293 3710 354 3768 3,
399 3722 563 3775 punct.
603 3726 647 3769 1,
689 3731 741 3762 n.
790 3712 849 3776 5,
893 3732 1004 3781 opp.
1035 3714 1148 3766 edit.

1227 2572 1345 2609 lom.
1371 2577 1422 2609 x.

1297 2641 1363 2706 (2)
1403 2641 1506 2690 Cfr.
1524 2640 1678 2701 vaith,
1705 2659 1783 2707 op.
1801 2633 1879 2691 cit.
1901 2660 2007 2710 pag.
2030 2642 2117 2708 433
2137 2662 2249 2694 nec·

1228 2739 1327 2770 non
1347 2721 1526 2770 Bened.
1544 2720 1829 2769 Justinianus
1857 2720 1909 2772 S.
1933 2721 1980 2772 J.
2004 2721 2075 2769 In
2088 2738 2251 2771 omnes

1229 2803 1299 2853 B.
1359 2803 1513 2852 Pauli
1564 2797 1787 2869 epistolas
1820 2802 2215 2869 explanationum
2237 2842 2252 2864 ‚

1230 2897 1347 2935 tom.
1366 2903 1380 2929 ι
1399 2922 1416 2948 ,
1437 2886 1586 2952 Lugd.
1628 2883 1752 2933 1612
1769 2920 1783 2945 ,
1808 2884 2003 2951 Proleq.
2030 2886 2088 2935 de
2114 2886 2251 2953 Apo-

1231 2968 1403 3018 stolata
1421 3007 1434 3028 ,
1457 2969 1575 3034 disp.
1597 2986 1612 3016 1
1635 3006 1648 3027 ‚
1672 2985 1772 3033 cap.
1792 2984 1845 3035 9,
1876 2966 1971 3034 §8‚
1999 2985 2050 3036 9.

1301 3051 1364 3117 (3)
1397 3051 1502 3099 Cfr.
1531 3050 1748 3115 Theoph.
1775 3049 2091 3116 Raynaudus,
2114 3067 2191 3117 op.
2211 3062 2256 3101 et

1233 3136 1324 3185 loc.
1360 3138 1440 3184 cit.
1478 3153 1527 3182 n.
1560 3150 1587 3181 2
1607 3172 1619 3194 ‚
1648 3136 1730 3199 qui
1761 3134 1862 3183 fuse
1891 3135 2116 3184 adversus
2135 3135 2256 3183 hanc

1227 3221 1605 3285 jansenianorum
1627 3215 1834 3265 baeresim
1864 3217 1923 3266 de
1957 3216 2162 3268 Ecclesia
2178 3219 2254 3266 bi-

1234 3304 1362 3367 cipiti
1389 3303 1598 3350 dimicat.
1628 3298 1854 3348 Omnium
1886 3301 2024 3366 primi
2044 3300 2160 3349 illud
2180 3317 2258 3365 pa-

1235 3384 1456 3433 radoxum
1491 3384 1804 3446 excogitarunt
1831 3382 2057 3432 Martinus
2077 3383 2134 3431 de
2150 3381 2261 3430 Bar-

1237 3483 1344 3526 cos,
1375 3469 1423 3514 in
1468 3483 1545 3530 op.
1576 3467 1699 3516 edito
1731 3464 1873 3514 Paris.
1918 3462 2068 3527 1645,
2104 3462 2184 3511 De
2210 3461 2259 3510 la

1237 3547 1482 3614 qrandeur
1505 3547 1563 3594 de
1591 3545 1794 3612 l'E'qlise
1821 3535 1942 3596 rom.
1976 3544 2145 3594 etablie
2175 3561 2262 3592 sur

1240 3631 1478 3678 l'auiorite
1539 3628 1594 3676 de
1637 3629 1767 3678 saint
1814 3631 1991 3678 Pierre
2046 3636 2090 3675 et
2131 3628 2261 3675 saint

1241 3709 1400 3774 Paul,·
1428 3724 1472 3762 et
1497 3711 1603 3761 Ant.
1628 3712 1856 3762 Arnaldus
1878 3716 1928 3760 in
1947 3730 2024 3778 op.
2046 3709 2128 3760 De
2140 3709 2262 3760 l’au-
