2514 4218
270 203 348 262 46
938 226 1128 264 τιιΑοΤ.
1175 226 1326 263 roms
1370 228 1746 268 ‘runotomcrs

271 367 383 428 sibi
410 365 650 430 exhibet
684 368 748 428 in
778 370 947 429 terris
967 415 983 444 .,
1022 369 1117 429 vel
1153 390 1284 450 neq.
1326 370 1425 431 vel
1465 373 1642 434 subd.
1670 375 1865 456 quoad
1901 375 2250 437 nobiliorem
2284 383 2405 458 ejus

270 473 501 546 partem
524 510 539 541 ‚
584 486 789 534 conc.,·
823 464 932 524 sub
965 463 1129 522 omni
1164 476 1435 547 respectu
1457 511 1472 540 .,
1503 488 1635 547 neq.
1669 470 1841 530 Hunc
1882 472 2143 554 Apostoli
2176 484 2407 534 textum

272 559 371 619 alii
396 558 703 643 exponunt
735 561 809 621 de
841 559 1089 618 Ecclesia
1107 559 1400 621 militante
1424 607 1439 637 ⁷
1467 562 1550 621 ita
1576 573 1640 620 ut
1668 567 1941 626 sanctitas
1963 613 1979 643 7
2008 591 2140 651 quae
2166 569 2410 630 inchoa-

271 666 371 715 tur
419 657 483 715 in
528 659 726 730 terris,
781 655 1122 737 perficiatur
1174 656 1234 715 in
1277 655 1474 734 coelis3
1527 657 1623 716 alii
1673 653 1980 742 exponunt
2030 663 2104 724 de
2157 664 2407 726 Ecclesia

273 753 685 835 triumphante
707 796 723 825 ‚
762 751 899 833 quia
936 750 1020 811 ibi
1047 751 1241 812 solum
1267 748 1395 813 sine
1435 753 1663 813 macula
1711 767 1772 814 et
1800 778 1938 838 ruga
1981 760 2093 818 erit
2120 760 2406 840 gloriosat,

273 870 484 911 verum
509 846 659 906 nihil
683 857 879 924 vetat,
906 848 1224 929 quominus
1250 849 1325 910 de
1356 861 1607 932 utraque
1640 849 1889 912 Ecclesia
1911 895 1929 927 ,
1972 875 2078 914 >seu
2114 856 2308 938 potius
2336 855 2411 916 de

269 954 524 1025 utroque
548 941 816 1021 ejusdem
847 942 1112 1004 Ecclesiae
1137 955 1295 1005 statu
1315 991 1331 1021 ‚
1354 950 1526 1025 juxta
1561 946 1760 1006 datam
1792 947 2234 1011 distinctionem
2273 973 2412 1012 eum

267 1039 669 1119 intelligamus
696 1038 807 1120 (l).

356 1136 460 1196 77.
510 1135 601 1196 Ad
643 1135 726 1195 [ιω
752 1181 768 1212 ,
819 1138 979 1197 Dz‘st.
1028 1138 1209 1196 Juxta
1259 1138 1686 1220 Hieronymum
1741 1152 2009 1222 peccator
2051 1140 2125 1201 de
2167 1140 2413 1204 Ecclesia

274 1230 491 1291 Christi
528 1254 649 1291 non
684 1243 879 1315 potest
915 1232 1199 1315 appellari
1236 1232 1430 1315 aliquo
1467 1256 1643 1295 sensu
1665 1281 1680 1311 ‚
1722 1247 2010 1318 quatenus
2043 1257 2261 1319 nempe
2289 1260 2414 1298 non

275 1328 606 1390 vivificatur
635 1350 669 1388 a
697 1328 929 1388 Christo
948 1374 965 1404 .,
1000 1350 1163 1388 conc.
1174 1350 1195 1398 ,·
1218 1329 1483 1391 absolute
1503 1376 1519 1405 .,
1557 1354 1685 1413 neq.
1709 1333 1944 1392 Etenim
1969 1333 2030 1391 in
2058 1355 2114 1393 v.
2145 1332 2223 1392 30
2251 1337 2415 1412 ejus-

277 1422 415 1484 dem
452 1425 660 1507 capitis
691 1434 956 1485 mentem
981 1447 1147 1485 suam
1173 1426 1624 1509 magislexponit
1638 1471 1660 1500 ,
1697 1427 1956 1488 scribens
1988 1451 2002 1486 ε
2036 1430 2308 1488 Ecclesia
2346 1430 2417 1489 de

275 1531 513 1585 cunctas
527 1522 906 1581 credentibus
923 1533 1349 1603 congyreqatur,
1374 1523 1474 1604 qui
1491 1535 1651 1584 certo
1669 1547 1791 1583 non
1819 1545 2023 1584 omnes
2052 1524 2416 1586 sanctisunt.

360 1618 461 1678 78.
514 1616 604 1677 Ad
644 1616 729 1675 5¹¹1
760 1662 778 1694 ‚
837 1619 993 1678 Dz'st.
1034 1619 1311 1678 Peccator
1359 1628 1523 1679 extra
1573 1619 1888 1680 Ecclesiam
1932 1621 2284 1680 constitutus
2328 1630 2416 1680 est

279 1712 474 1796 quoad
491 1714 748 1773 animam
773 1759 789 1790 2
815 1735 1002 1783 conc.‚·
1027 1713 1221 1796 quoad
1241 1735 1451 1796 corpus
1469 1760 1485 1790 ‚
1510 1737 1610 1776 seu
1635 1715 1979 1797 simpliciter
1996 1761 2012 1791 ,
2039 1737 2170 1797 neq.
2202 1719 2417 1776 Sensus

281 1812 339 1870 S.
370 1810 602 1869 Paciani
641 1821 806 1892 patet
838 1831 910 1869 ex
948 1809 1143 1870 verbis
1182 1811 1523 1870 immediate
1558 1810 1976 1893 sequentibu33
2016 1810 2218 1871 subdit
2257 1811 2418 1871 enim

280 1919 414 1991 post
437 1907 677 1968 recitata
713 1905 893 1968 verba
925 1929 939 1966 τ
990 1908 1109 1968 Ubi
1141 1908 1365 1967 desinit
1389 1929 1668 1988 peccare,
1692 1913 1839 1988 jam
1872 1931 2060 1969 sanus
2084 1920 2187 1968 est.
2216 1911 2419 1991 Itaque

281 2013 552 2087 peccator
593 2014 680 2063 est
724 2002 1064 2063 membrum
1104 2002 1447 2062 morbosum
1491 2016 1593 2063 aut
1631 2005 1808 2064 etiam
1859 2016 2162 2063 mortuum
2190 2050 2206 2071 .
2256 2003 2417 2087 quod

282 2112 485 2160 tamen
522 2099 783 2160 adhaeret
809 2099 1075 2160 Ecclesiae
1106 2101 1372 2183 corpori,
1403 2106 1565 2180 cujus
1606 2123 1742 2184 pars
1773 2113 1863 2161 est
1902 2103 2013 2183 (2).
2055 2102 2255 2162 Talem
2292 2122 2419 2162 esse

357 2336 425 2405 (l)
463 2336 558 2386 Cfr.
582 2335 736 2385 Estius
757 2374 771 2397 ,
804 2335 1073 2385 Comment.
1106 2338 1158 2384 in
1185 2337 1315 2384 hunc

285 2421 376 2468 loc.
407 2420 491 2468 ubi
520 2419 753 2478 observat,
781 2416 1055 2470 Graecorum
1071 2436 1314 2467 commen-

285 2505 424 2552 tarios
470 2511 622 2551 totum
663 2502 792 2550 hunc
841 2501 1089 2550 Paulinum
1130 2512 1315 2551 textum

287 2586 457 2634 referre
493 2585 553 2634 ad
589 2595 772 2650 tempus
819 2588 921 2632 vitae
956 2588 1195 2649 praesentis
1218 2622 1231 2644 ,
1264 2586 1316 2632 in

288 2685 383 2734 quo
440 2666 651 2715 Christns
708 2666 962 2714 Ecclesiam
1010 2683 1143 2713 suam
1180 2700 1197 2726 ,
1256 2665 1314 2713 ab

290 2751 512 2801 omnibus
544 2759 839 2815 peccatorum
875 2748 1072 2796 maculis
1094 2748 1314 2812 baptismi

289 2833 591 2883 Sacramento
610 2831 849 2880 mundans
872 2868 884 2889 ,
903 2848 1005 2879 eam
1022 2830 1110 2879 sibi
1125 2829 1317 2879 exhibet

292 2914 535 2981 pulchram
595 2924 641 2963 et
693 2916 822 2963 omni
869 2930 1034 2978 genere
1088 2915 1315 2963 virtutum

292 3008 524 3048 ornatam.
559 2996 711 3062 Quam
758 2998 1094 3061 expositionem
1133 3005 1317 3044 secutus

293 3084 464 3148 pariter
493 3091 557 3129 est
579 3080 628 3129 S.
659 3079 932 3129 Ambrosius
951 3117 964 3139 ,
1005 3097 1059 3128 ex
1088 3081 1316 3127 recentio-

294 3165 423 3213 ribus
439 3180 545 3212 vero
576 3163 772 3213 Liranus
799 3173 843 3212 et
866 3162 1115 3229 Cajetanus
1149 3161 1318 3227 proba-

296 3258 426 3296 runt.
448 3245 682 3312 Quoniam
704 3263 814 3295 vero
846 3244 1078 3310 Pelagiani
1095 3246 1186 3293 hoc
1214 3245 1317 3292 loco

297 3328 613 3378 abutebantur
649 3365 662 3389 ‚
713 3328 765 3377 S.
810 3328 1095 3393 Augustinus
1146 3326 1317 3392 aliique

297 3422 613 3479 exposuerunt
649 3412 868 3462 eumdem
916 3418 1098 3462 textum
1130 3411 1190 3460 de
1227 3411 1316 3459 Ec-

296 3498 436 3547 clesia
477 3495 811 3560 triumphante.
857 3495 1064 3562 Utraque
1092 3496 1318 3559 expositio

299 3599 404 3631 vera
421 3589 489 3630 est
506 3580 661 3646 3quod
675 3581 713 3627 si
731 3580 1074 3644 distinguantur
1091 3588 1315 3643 tempora,

301 3666 363 3711 ita
397 3674 448 3711 ut
477 3663 664 3711 dicatur
699 3660 910 3711 Christus
940 3663 1154 3726 praesenti
1194 3669 1316 3708 tem-

301 3764 411 3812 pore
432 3764 534 3797 eam
563 3746 793 3795 mundare
815 3783 827 3806 ,
867 3756 919 3793 ut
947 3745 1196 3812 aliquando
1218 3743 1317 3808 glo-

1402 2339 1570 2384 riosam
1599 2347 1645 2385 et
1674 2338 2025 2385 immaculatam
2053 2335 2141 2384 sibi
2169 2334 2418 2397 exhibeat,

1402 2421 1610 2483 apprime
1635 2418 1788 2467 ambae
1816 2420 2122 2483 expositiones
2143 2421 2262 2467 inter
2277 2437 2324 2467 se
2340 2435 2419 2467 co-

1402 2501 1595 2551 haerent.
1632 2499 1722 2550 Sed
1753 2503 1964 2551 videatur
1987 2504 2085 2566 ipse
2118 2501 2287 2552 Estius.
2316 2500 2417 2550 Cfr.

1401 2587 1541 2633 etiam
1567 2584 1807 2632 Cornelius
1830 2602 1855 2631 a
1881 2583 2054 2648 Lapide
2071 2619 2089 2646 ‚
2127 2586 2210 2650 qui
2238 2585 2421 2648 copiose

1401 2670 1528 2732 parit
1540 2684 1588 2715 er
1601 2667 1907 2715 hunctextum
1948 2676 2154 2715 enarrat.

1471 2748 1537 2814 (2)
1586 2747 1813 2795 Nonnulli
1850 2750 2069 2812 suspicati
2116 2759 2258 2809 sunt,
2293 2749 2421 2798 hunc

1401 2831 1559 2879 locum
1576 2829 1716 2878 fuisse
1733 2848 1759 2877 a
1778 2829 2045 2877 Novatianis
2064 2831 2415 2896 interpolatum3

1402 2913 1712 2961 Bellarminus
1745 2929 1850 2959 vero
1867 2948 1881 2967 ,
1903 2911 1984 2959 Dc
2013 2911 2203 2962 Eccles.
2230 2913 2313 2963 lib.
2331 2930 2383 2962 ιιι
2405 2950 2419 2974 ,

1402 3013 1505 3061 cap.
1528 3012 1561 3062 9
1583 3032 1596 3055 ‚
1629 2995 1687 3044 ad
1724 3012 1819 3058 arg.
1856 3011 1883 3059 7
1910 3032 1922 3053 ‚
1957 3004 2147 3054 censet,
2169 2994 2222 3043 S.
2258 2995 2419 3044 Pacia-

1403 3096 1520 3126 num
1540 3095 1636 3126 non
1660 3077 1790 3142 loqui
1823 3076 1879 3125 de
1908 3078 2127 3124 omnibus
2167 3078 2415 3141 peccatori·

1403 3162 1491 3212 bus
1523 3198 1536 3220 ‚
1573 3160 1652 3209 sed
1683 3159 1835 3207 solum
1867 3159 1926 3208 de
1956 3158 2306 3223 peccatoribus,
2334 3159 2423 3222 qui

1407 3246 1461 3291 in
1493 3242 1710 3291 hoeresim
1743 3240 2004 3300 labuntur,
2042 3259 2096 3289 eo
2119 3240 2244 3306 quod
2281 3242 2419 3305 paulo

1407 3338 1514 3376 ante
1566 3327 1824 3391 scripserit,
1853 3324 2106 3372 Ecclesiam
2134 3340 2286 3372 carere
2322 3341 2422 3371 ma-

1404 3409 1509 3460 cula
1548 3419 1593 3458 et
1641 3411 1764 3474 rugis
1796 3444 1810 3467 ‚
1857 3409 1967 3472 quia
2014 3416 2135 3455 caret
2180 3406 2421 3455 haereticis.

1406 3493 1541 3560 Quod
1570 3491 1762 3559 quidem
1803 3492 2094 3539 verissimum
2125 3499 2231 3552 est3
2263 3488 2421 3537 scribit

1403 3580 1533 3631 enim
1568 3575 1618 3625 S.
1652 3575 1873 3624 Pacianus
1902 3574 2170 3623 immediate
2195 3583 2304 3621 ante
2336 3571 2424 3620 ob-

1404 3659 1691 3728 jactaserba
1725 3675 1739 3707 :
1773 3655 1997 3707 Ecclesia
2023 3665 2093 3705 est
2120 3672 2218 3705 non
2248 3654 2427 3703 habens

1408 3740 1650 3792 maculam
1678 3757 1828 3805 neque
1856 3757 2027 3805 ruqam
2045 3778 2060 3802 ‚
2094 3738 2180 3789 Ῐιοσ
2195 3746 2263 3787 εει
2280 3774 2294 3799 ,
2329 3735 2427 3784 Ιιω-
