2514 4218
350 265 505 300 Psnr.
550 262 590 298 1.
638 259 758 296 csr.
810 258 849 293 1.
899 258 965 292 nn
1008 256 1222 295 efflusrl
1265 255 1411 292 noer..
1459 253 1732 291 ms'rl'rur.
1782 254 1847 289 ET
1891 251 2041 290 omo.
2176 229 2248 286 13

161 401 430 464 omnibus
454 396 816 458 naturalibus
840 395 1287 479 proprietatibus
1309 397 1621 454 instructus
1644 404 1732 452 est
1753 438 1768 466 ‚
1796 413 1935 474 quas
1960 401 2248 451 crescente

164 509 328 560 aetate
356 495 538 554 exerit
561 502 620 552 et
646 491 841 574 prodit
859 536 875 564 ,
906 493 984 550 sic
1013 490 1288 566 Ecclesia,
1314 491 1429 549 suis
1456 485 1852 548 essentialibus
1879 486 2252 568 proprietati-

161 594 267 652 bus
302 588 542 672 praedita
580 586 652 645 ab
685 588 807 668 ipsa
844 607 943 644 sua
975 585 1373 657 institutione,
1411 583 1688 664 temporis
1728 580 1893 662 lapsu
1920 601 1984 638 ac
2006 600 2252 661 poscen-

161 686 315 745 tibus
346 703 543 742 rerum
579 680 862 759 adjunctis
890 700 984 738 eas
1021 678 1080 735 in
1122 676 1293 758 plena
1323 677 1449 737 luce
1480 676 1673 760 posuit
1703 686 1763 735 et
1799 673 2038 736 evolvit.
2079 673 2249 747 Quod

165 801 271 840 nec
307 776 665 839 adversarius
691 775 847 857 ipse,
899 792 1073 854 quem
1115 771 1525 852 impugnamus
1548 815 1566 845 ‚
1595 770 1909 844 diffitetur,
1956 769 2074 827 imo
2111 789 2253 827 con-

163 873 354 935 tendit
377 870 483 952 (1).

244 969 343 1027 26.
388 965 608 1026 Exinde
627 965 747 1024 ruit
765 983 871 1043 per
895 982 954 1021 se
976 1006 991 1035 ‚
1031 959 1188 1042 quod
1212 959 1284 1019 de
1306 959 1520 1041 triplici
1547 959 1816 1019 distincta
1847 958 2082 1042 periodo
2099 1003 2116 1035 ‚
2155 979 2255 1018 seu

164 1075 232 1122 ut
264 1060 622 1122 adversarius
653 1057 906 1138 loquitur
926 1100 942 1130 .,
972 1054 1045 1114 de
1073 1054 1284 1136 triplici
1318 1053 1575 1113 Ecclesiae
1610 1054 1775 1136 phasi
1805 1054 2095 1132 adJectum
2130 1063 2216 1113 est
2237 1098 2254 1129 ,

162 1179 264 1218 seu
286 1157 478 1217 verius
509 1153 680 1234 gratis
707 1162 766 1210 et
797 1149 872 1209 ad
895 1148 1202 1208 arbitrium
1227 1148 1300 1207 ab
1321 1170 1388 1208 eo
1410 1149 1739 1208 confictum.
1764 1149 1990 1207 Etenim
2019 1151 2245 1220 PetruS‚

164 1252 374 1312 Paulus
406 1263 466 1311 et
498 1251 750 1308 Joan-nes
775 1244 924 1304 nihil
958 1244 1117 1304 aliud
1138 1244 1579 1326 praestiterunt,
1601 1265 1779 1325 quam
1811 1243 1968 1323 quod
1996 1242 2257 1301 Christus

156 1353 280 1426 jam
315 1346 596 1405 effecerat.
630 1340 890 1400 Christus
924 1339 1130 1419 dogma
1152 1344 1276 1417 jam
1308 1338 1724 1420 praedicaverat
1750 1338 1824 1398 de
1851 1338 2048 1396 futuro
2082 1358 2259 1417 regno

167 1463 267 1500 suo
294 1435 618 1497 inchoando
653 1436 716 1493 in
751 1435 919 1494 terris
960 1446 1019 1493 et
1054 1432 1406 1516 perficiendo
1437 1434 1499 1491 in
1534 1433 1714 1492 altera
1753 1434 1873 1493 vita
1898 1477 1914 1508 ‚
1958 1430 2262 1514 complen-

167 1535 351 1615 doque
386 1553 491 1613 per
531 1541 898 1589 mortuorum
930 1529 1447 1602 resurrectionemt,
1482 1527 1669 1607 legem
1703 1548 1767 1586 ac
1803 1526 2073 1587 vaticinia
2107 1527 2169 1585 in
2202 1547 2261 1585 se

164 1626 613 1709 implementum
648 1623 917 1695 habuisse
947 1646 1066 1684 non
1106 1623 1285 1682 semel
1326 1634 1571 1682 testatus
1607 1633 1725 1696 estg
1765 1624 1966 1680 Petrus
2000 1622 2263 1680 omnium

163 1723 382 1805 primus
419 1741 707 1779 accessum
739 1718 999 1778 Ecclesiae
1029 1765 1044 1792 7
1086 1741 1192 1799 pro
1232 1717 1436 1777 collata
1473 1717 1581 1776 sibi
1616 1717 1956 1776 auctoritate
1977 1762 1992 1791 a
2027 1716 2262 1796 gentili-

162 1817 271 1876 bus
308 1816 469 1876 dedit
493 1817 580 1895 (2)
606 1841 622 1888 ς
659 1814 868 1873 Paulus
888 1860 903 1890 a
930 1812 1193 1895 pluribus
1214 1811 1563 1894 ubicumque
1595 1811 1902 1871 exantlatis
1933 1810 2226 1870 laboribus
2243 1856 2260 1887 ‚

160 1910 461 1991 gentilium
495 1921 554 1970 et
576 1912 611 1968 J
619 1909 913 1969 udaeorum
940 1909 1380 1979 conversionem
1414 1908 1726 1989 promovit.
1760 1909 2015 1966 Joannes
2043 1905 2266 1974 obstitit

162 2004 531 2086 gliscentibus
552 2003 866 2063 haeresibus
889 2003 1192 2063 docetismi
1207 2014 1266 2062 et
1282 2002 1742 2061 cerinthianismi
1761 2047 1777 2077 ,
1805 2024 2052 2083 quarum
2079 2001 2260 2061 altera

162 2101 587 2159 humanitatem
610 2144 625 2173 ,
667 2097 1263 2158 altera-divinitatem
1309 2097 1537 2156 Christo
1583 2095 1945 2158 detrahebat.
1991 2098 2265 2155 Doctrina

163 2217 337 2277 porro
381 2195 471 2253 his
510 2193 780 2253 omnibus
823 2193 1113 2252 erroribus
1161 2194 1446 2252 contraria
1502 2205 1631 2251 tum
1670 2194 1741 2255 in„
1772 2192 2088 2272 Evangeliis
2135 2203 2264 2251 tum

166 2289 228 2345 in
273 2288 524 2369 epistolis
567 2287 728 2346 Pauli
774 2308 839 2345 ac
878 2286 1237 2368 reliquorum
1266 2287 1675 2369 Apostolorum
1701 2335 1718 2363 ‚
1773 2288 1898 2369 ipso
1936 2287 2264 2347 adversario

167 2382 384 2441 fatente
412 2382 532 2460 (3),
557 2380 980 2440 continebatur.
1008 2381 1119 2439 Ubi
1143 2383 1315 2460 igitur
1347 2384 1637 2462 reperitur
1659 2383 2043 2462 mysticismus
2071 2384 2262 2464 primo

165 2479 424 2537 invectus
459 2498 491 2533 a
532 2475 806 2534 Joanne?
858 2476 968 2534 Ubi
1014 2476 1310 2556 protensio
1341 2478 1883 2555 personificationis
1935 2475 2264 2556 symbolicae

170 2571 379 2631 Christi
410 2571 591 2630 Jesu?

241 2750 306 2814 (l)
340 2749 417 2798 Sic
441 2753 566 2798 enim
597 2750 755 2798 scribit
776 2787 789 2810 ‚
811 2767 888 2814 op.
909 2752 990 2797 cit.
1009 2760 1124 2798 tom.
1142 2766 1176 2807 ι,

170 2850 216 2896 p.
269 2829 334 2896 45
365 2848 379 2880 :
410 2833 537 2879 Sans
572 2830 709 2879 doute
738 2830 779 2878 Ie
814 2830 1172 2879 christianismo

173 2912 290 2961 n’est
323 2915 463 2979 poi-nt
501 2930 693 2979 apparu
732 2921 834 2960 tout
874 2914 904 2961 ὰ
945 2929 1065 2978 coup
1114 2912 1182 2960 tel
1199 2920 1213 2932 ⁴

173 2993 298 3058 qu’il
323 3011 370 3041 se
402 2995 650 3059 manifeste
680 2995 818 3062 apres
842 2993 1060 3059 quelques
1087 2996 1180 3042 sie-

173 3074 262 3122 cles
301 3075 360 3122 de
392 3075 535 3122 duree
566 3094 583 3131 ‚-
617 3092 672 3123 sa
710 3076 907 3140 periode
951 3075 1181 3140 d’oriqine

172 3156 426 3206 elle-meme
461 3157 694 3206 embrasse
731 3156 978 3222 plusieurs
1005 3158 1181 3222 pheses

174 3239 533 3288 tres-distinct&
552 3275 568 3302 ,
588 3240 707 3288 dans
735 3240 946 3288 chacune
974 3240 1181 3305 desquel-

178 3320 247 3374 Ies
277 3337 336 3368 on
373 3323 471 3370 voit
514 3338 584 3368 un
603 3329 775 3387 ,aspect
800 3321 1089 3387 particulier
1122 3322 1180 3370 de

179 3397 373 3463 l’edifice
401 3419 449 3450 se
479 3401 754 3470 developper
775 3419 885 3450 sous
911 3401 1180 3468 l'influence

179 3479 295 3527 d'uu
307 3499 601 3549 personnaqe
619 3483 890 3550 principal.

248 3561 309 3624 (2)
345 3561 631 3631 Acthpost.
651 3583 685 3614 x
705 3602 718 3626 ,
747 3585 824 3628 xv,
860 3583 905 3632 7.

251 3641 317 3705 (3)
338 3643 405 3690 En
418 3647 516 3710 ejus
537 3647 674 3696 verba
686 3664 739 3696 ex
755 3648 848 3696 vol.
869 3648 923 3707 ιί,
953 3665 1058 3712 pag.
1087 3645 1171 3695 181

181 3733 222 3770 et
255 3742 352 3789 seq.
388 3722 544 3773 Eutre
580 3726 641 3775 les
669 3737 809 3777 seete-s
835 3733 945 3777 πόρε
981 3745 1089 3777 sous
1117 3727 1182 3776 les

1262 2765 1387 2814 yeux
1403 2748 1482 2796 des
1499 2747 1690 2815 apdtres
1710 2787 1723 2810 ‚
1743 2749 1786 2798 il
1796 2766 1828 2815 y
1843 2766 1903 2798 en
1915 2752 2048 2799 avait
2071 2767 2168 2799 une
2184 2755 2273 2817 qui

1264 2834 1607 2882 reconnaissait
1622 2832 1664 2880 le
1691 2832 1801 2880 Fils
1825 2833 1882 2881 de
1908 2834 2074 2883 Marie
2085 2851 2216 2900 pour
2230 2835 2272 2884 le

1271 2913 1469 2974 Christ,
1516 2931 1570 2962 sa
1608 2914 1784 2963 morale
1810 2931 1942 2981 pour
1969 2932 2065 2965 une
2097 2916 2271 2965 morale

1266 2994 1430 3043 divine
1442 3014 1461 3056 ,·
1495 2998 1618 3043 mais
1659 3014 1726 3044 au
1758 2995 1856 3043 lieu
1903 2996 1959 3044 de
1982 2997 2191 3063 prendre
2224 2999 2270 3047 la

1266 3079 1585 3125 resurrection
1622 3077 1701 3124 des
1725 3085 1869 3124 moris
1888 3105 1890 3107 ·
1908 3078 1938 3125 ὰ
1975 3077 2022 3126 la
2052 3077 2180 3127 lettre
2228 3089 2293 3127 et.

1266 3158 1390 3205 dans
1405 3174 1490 3205 son
1504 3175 1609 3205 sens
1623 3157 1852 3218 rumenel,
1869 3157 1953 3206 elle
1969 3175 2017 3206 se
2024 3162 2274 3226 proposuit

1252 3240 1324 3286 =de
1344 3239 1404 3288 vla
1430 3239 1616 3288 reduire
1639 3238 2052 3304 alleqoriquement
2078 3258 2268 3306 aupas-

1265 3338 1374 3385 saqe
1401 3323 1489 3385 qui
1527 3319 1923 3387 s’acsomplissait
1951 3322 2130 3391 chaque
2147 3325 2272 3386 jour

1266 3410 1397 3450 entre
1438 3400 1571 3450 l'etat
1613 3401 1670 3449 de
1706 3403 1912 3452 tenebres
1947 3413 1993 3451 et
2022 3404 2079 3452 de
2112 3413 2233 3451 mort
2253 3443 2267 3462 ‚

1114 3550 1122 3560 Ι
1177 3542 1180 3546 ,
1266 3484 1328 3532 οὺ
1365 3483 1431 3532 les
1470 3485 1599 3531 dmes
1638 3485 1688 3531 se
1734 3487 2006 3534 trouvaient
2049 3494 2196 3534 avant
2220 3486 2270 3533 la

1265 3583 1421 3615 venue
1464 3566 1520 3614 de
1559 3566 1928 3629 Iesus-Christ,
1964 3578 2008 3617 et
2039 3568 2142 3617 leur
2175 3573 2270 3618 etat

1266 3647 1509 3696 ulterieur
1535 3647 1779 3698 d'activite
1816 3658 1864 3698 et
1897 3650 1952 3698 de
1978 3653 2070 3700 vie.
2102 3650 2177 3699 Or
2206 3651 2270 3700 les

1267 3730 1396 3794 chefi
1416 3729 1472 3778 de
1487 3738 1599 3779 cette
1613 3739 1732 3780 seete
1739 3730 1904 3795 furem
1929 3730 2110 3781 hiemat
2118 3750 2268 3799 pour-
