<?xml version="1.0" encoding="UTF-8"?>
<!DOCTYPE html PUBLIC "-//W3C//DTD XHTML 1.0 Transitional//EN"
    "http://www.w3.org/TR/xhtml1/DTD/xhtml1-transitional.dtd">
<html xmlns="http://www.w3.org/1999/xhtml" xml:lang="en" lang="en">
 <head>
  <title>
</title>
<meta http-equiv="Content-Type" content="text/html;charset=utf-8" />
  <meta name='ocr-system' content='tesseract 3.04.00' />
  <meta name='ocr-capabilities' content='ocr_page ocr_carea ocr_par ocr_line ocrx_word'/>
</head>
<body>
  <div class='ocr_page' id='page_1' title='image "a603693808perruoft_0539.png"; bbox 0 0 2514 4218; ppageno 0'>
   <div class='ocr_carea' id='block_1_1' title="bbox 485 211 1863 254">
    <p class='ocr_par' dir='ltr' id='par_1_1' title="bbox 485 211 1863 254">
     <span class='ocr_line' id='line_1_1' title="bbox 485 211 1863 254; baseline -0.002 -1"><span class='ocrx_word' id='word_1_1' title='bbox 485 216 639 254; x_wconf 78' lang='lat' dir='ltr'><strong>PART.</strong></span> <span class='ocrx_word' id='word_1_2' title='bbox 679 215 720 253; x_wconf 89' lang='lat'><strong>1.</strong></span> <span class='ocrx_word' id='word_1_3' title='bbox 763 214 913 254; x_wconf 81' lang='lat' dir='ltr'><strong>SEGT.</strong></span> <span class='ocrx_word' id='word_1_4' title='bbox 961 215 1022 252; x_wconf 84' lang='lat'><strong>11.</strong></span> <span class='ocrx_word' id='word_1_5' title='bbox 1069 212 1319 251; x_wconf 75' lang='lat' dir='ltr'><strong>CAP.·1v.</strong></span> <span class='ocrx_word' id='word_1_6' title='bbox 1361 212 1432 249; x_wconf 86' lang='lat' dir='ltr'><strong>DE</strong></span> <span class='ocrx_word' id='word_1_7' title='bbox 1483 211 1663 250; x_wconf 67' lang='lat' dir='ltr'><strong>Do&#39;rns.</strong></span> <span class='ocrx_word' id='word_1_8' title='bbox 1714 212 1863 250; x_wconf 77' lang='lat' dir='ltr'><strong>PRIM.</strong></span> 
     </span>
    </p>
   </div>
   <div class='ocr_carea' id='block_1_2' title="bbox 2120 194 2238 255">
    <p class='ocr_par' dir='ltr' id='par_1_2' title="bbox 2120 194 2238 255">
     <span class='ocr_line' id='line_1_2' title="bbox 2120 194 2238 255; baseline 0.025 -3"><span class='ocrx_word' id='word_1_9' title='bbox 2120 194 2238 255; x_wconf 77' lang='lat'><strong>527</strong></span> 
     </span>
    </p>
   </div>
   <div class='ocr_carea' id='block_1_3' title="bbox 86 351 2250 1584">
    <p class='ocr_par' dir='ltr' id='par_1_3' title="bbox 118 351 2250 1584">
     <span class='ocr_line' id='line_1_3' title="bbox 119 351 2238 443; baseline -0.001 -23"><span class='ocrx_word' id='word_1_10' title='bbox 119 357 439 443; x_wconf 84' lang='lat' dir='ltr'><strong>seponendi</strong></span> <span class='ocrx_word' id='word_1_11' title='bbox 461 362 599 417; x_wconf 82' lang='lat' dir='ltr'><strong>sunt</strong></span> <span class='ocrx_word' id='word_1_12' title='bbox 618 356 813 438; x_wconf 86' lang='lat' dir='ltr'><strong>lapsus</strong></span> <span class='ocrx_word' id='word_1_13' title='bbox 838 357 893 415; x_wconf 89' lang='lat' dir='ltr'><strong>S.</strong></span> <span class='ocrx_word' id='word_1_14' title='bbox 913 355 1069 415; x_wconf 87' lang='lat' dir='ltr'><strong>Petri</strong></span> <span class='ocrx_word' id='word_1_15' title='bbox 1097 365 1157 414; x_wconf 89' lang='lat' dir='ltr'><strong>et</strong></span> <span class='ocrx_word' id='word_1_16' title='bbox 1186 351 1429 421; x_wconf 77' lang='lat' dir='ltr'><strong>Liberii;</strong></span> <span class='ocrx_word' id='word_1_17' title='bbox 1455 351 1501 411; x_wconf 91' lang='lat' dir='ltr'><strong>si</strong></span> <span class='ocrx_word' id='word_1_18' title='bbox 1531 352 1770 434; x_wconf 89' lang='lat' dir='ltr'><strong>quidem</strong></span> <span class='ocrx_word' id='word_1_19' title='bbox 1794 354 1856 412; x_wconf 90' lang='lat' dir='ltr'><strong>in</strong></span> <span class='ocrx_word' id='word_1_20' title='bbox 1882 354 2050 436; x_wconf 86' lang='lat' dir='ltr'><strong>lapsu</strong></span> <span class='ocrx_word' id='word_1_21' title='bbox 2080 358 2238 418; x_wconf 90' lang='lat' dir='ltr'><strong>Petri</strong></span> 
     </span>
     <span class='ocr_line' id='line_1_4' title="bbox 121 448 2246 529; baseline -0.001 -14"><span class='ocrx_word' id='word_1_22' title='bbox 121 454 283 515; x_wconf 88' lang='lat' dir='ltr'><strong>nulla</strong></span> <span class='ocrx_word' id='word_1_23' title='bbox 325 453 457 512; x_wconf 86' lang='lat' dir='ltr'><strong>data</strong></span> <span class='ocrx_word' id='word_1_24' title='bbox 494 452 603 510; x_wconf 80' lang='lat' dir='ltr'><strong>fuit</strong></span> <span class='ocrx_word' id='word_1_25' title='bbox 641 451 903 510; x_wconf 88' lang='lat' dir='ltr'><strong>definitio</strong></span> <span class='ocrx_word' id='word_1_26' title='bbox 946 449 1115 524; x_wconf 89' lang='lat' dir='ltr'><strong>fidei,</strong></span> <span class='ocrx_word' id='word_1_27' title='bbox 1170 470 1306 508; x_wconf 91' lang='lat' dir='ltr'><strong>cum</strong></span> <span class='ocrx_word' id='word_1_28' title='bbox 1355 470 1546 529; x_wconf 91' lang='lat' dir='ltr'><strong>neque</strong></span> <span class='ocrx_word' id='word_1_29' title='bbox 1593 448 1840 509; x_wconf 84' lang='lat' dir='ltr'><strong>Ecclesia</strong></span> <span class='ocrx_word' id='word_1_30' title='bbox 1880 450 2055 510; x_wconf 88' lang='lat' dir='ltr'><strong>fuerit</strong></span> <span class='ocrx_word' id='word_1_31' title='bbox 2098 463 2246 513; x_wconf 89' lang='lat' dir='ltr'><strong>tunc·</strong></span> 
     </span>
     <span class='ocr_line' id='line_1_5' title="bbox 122 543 2245 630; baseline -0.001 -21"><span class='ocrx_word' id='word_1_32' title='bbox 122 548 401 630; x_wconf 89' lang='lat' dir='ltr'><strong>temporis</strong></span> <span class='ocrx_word' id='word_1_33' title='bbox 420 546 762 605; x_wconf 89' lang='lat' dir='ltr'><strong>solemniter</strong></span> <span class='ocrx_word' id='word_1_34' title='bbox 783 545 1081 621; x_wconf 85' lang='lat' dir='ltr'><strong>instituta,</strong></span> <span class='ocrx_word' id='word_1_35' title='bbox 1106 566 1213 604; x_wconf 91' lang='lat' dir='ltr'><strong>nec</strong></span> <span class='ocrx_word' id='word_1_36' title='bbox 1235 546 1521 626; x_wconf 84' lang='lat' dir='ltr'><strong>primatus</strong></span> <span class='ocrx_word' id='word_1_37' title='bbox 1547 556 1678 603; x_wconf 84' lang='lat' dir='ltr'><strong>actu</strong></span> <span class='ocrx_word' id='word_1_38' title='bbox 1705 543 1947 604; x_wconf 86' lang='lat' dir='ltr'><strong>collatus</strong></span> <span class='ocrx_word' id='word_1_39' title='bbox 1967 547 2024 604; x_wconf 89' lang='lat' dir='ltr'><strong>S.</strong></span> <span class='ocrx_word' id='word_1_40' title='bbox 2045 549 2245 623; x_wconf 81' lang='lat' dir='ltr'><strong>Petro,</strong></span> 
     </span>
     <span class='ocr_line' id='line_1_6' title="bbox 121 638 2244 723; baseline 0.001 -21"><span class='ocrx_word' id='word_1_41' title='bbox 121 643 225 703; x_wconf 90' lang='lat' dir='ltr'><strong>sed</strong></span> <span class='ocrx_word' id='word_1_42' title='bbox 270 642 458 701; x_wconf 90' lang='lat' dir='ltr'><strong>solum</strong></span> <span class='ocrx_word' id='word_1_43' title='bbox 504 642 860 723; x_wconf 83' lang='lat' dir='ltr'><strong>promissus,</strong></span> <span class='ocrx_word' id='word_1_44' title='bbox 912 639 975 697; x_wconf 85' lang='lat' dir='ltr'><strong>in</strong></span> <span class='ocrx_word' id='word_1_45' title='bbox 1027 643 1186 717; x_wconf 90' lang='lat' dir='ltr'><strong>cujus</strong></span> <span class='ocrx_word' id='word_1_46' title='bbox 1241 640 1421 719; x_wconf 82' lang='lat' dir='ltr'><strong>gratia</strong></span> <span class='ocrx_word' id='word_1_47' title='bbox 1465 639 1573 698; x_wconf 87' lang='lat' dir='ltr'><strong>hac</strong></span> <span class='ocrx_word' id='word_1_48' title='bbox 1625 638 2058 700; x_wconf 80' lang='lat' dir='ltr'><strong>infallibilitatis</strong></span> <span class='ocrx_word' id='word_1_49' title='bbox 2105 642 2244 704; x_wconf 86' lang='lat' dir='ltr'><strong>dote</strong></span> 
     </span>
     <span class='ocr_line' id='line_1_7' title="bbox 118 734 2240 820; baseline 0 -23"><span class='ocrx_word' id='word_1_50' title='bbox 118 737 396 820; x_wconf 87' lang='lat' dir='ltr'><strong>praeditus</strong></span> <span class='ocrx_word' id='word_1_51' title='bbox 433 747 520 796; x_wconf 88' lang='lat' dir='ltr'><strong>est</strong></span> <span class='ocrx_word' id='word_1_52' title='bbox 557 737 681 818; x_wconf 90' lang='lat' dir='ltr'><strong>ipse</strong></span> <span class='ocrx_word' id='word_1_53' title='bbox 714 757 779 794; x_wconf 89' lang='lat' dir='ltr'><strong>ac</strong></span> <span class='ocrx_word' id='word_1_54' title='bbox 815 755 1164 794; x_wconf 84' lang='lat' dir='ltr'><strong>successores</strong></span> <span class='ocrx_word' id='word_1_55' title='bbox 1203 738 1323 811; x_wconf 85' lang='lat' dir='ltr'><strong>ejus</strong></span> <span class='ocrx_word' id='word_1_56' title='bbox 1360 735 1468 816; x_wconf 91' lang='lat'><strong>(1).</strong></span> <span class='ocrx_word' id='word_1_57' title='bbox 1507 734 1676 808; x_wconf 87' lang='lat' dir='ltr'><strong>Quod</strong></span> <span class='ocrx_word' id='word_1_58' title='bbox 1712 756 1853 796; x_wconf 86' lang='lat' dir='ltr'><strong>vero</strong></span> <span class='ocrx_word' id='word_1_59' title='bbox 1892 735 1967 795; x_wconf 89' lang='lat' dir='ltr'><strong>ad</strong></span> <span class='ocrx_word' id='word_1_60' title='bbox 2002 735 2240 819; x_wconf 87' lang='lat' dir='ltr'><strong>lapsum</strong></span> 
     </span>
     <span class='ocr_line' id='line_1_8' title="bbox 86 828 2247 912; baseline 0 -20"><span class='ocrx_word' id='word_1_61' title='bbox 86 833 332 892; x_wconf 80' lang='lat' dir='ltr'><strong>attinet</strong></span> <span class='ocrx_word' id='word_1_62' title='bbox 358 832 604 906; x_wconf 79' lang='lat' dir='ltr'><strong>Liberii,</strong></span> <span class='ocrx_word' id='word_1_63' title='bbox 641 842 1035 912; x_wconf 66' lang='lat' dir='ltr'><strong>praeterquam</strong></span> <span class='ocrx_word' id='word_1_64' title='bbox 1064 829 1224 910; x_wconf 89' lang='lat' dir='ltr'><strong>quod</strong></span> <span class='ocrx_word' id='word_1_65' title='bbox 1257 851 1376 888; x_wconf 88' lang='lat' dir='ltr'><strong>non</strong></span> <span class='ocrx_word' id='word_1_66' title='bbox 1407 842 1610 910; x_wconf 80' lang='lat' dir='ltr'>agatur</span> <span class='ocrx_word' id='word_1_67' title='bbox 1641 828 1723 888; x_wconf 92' lang='lat' dir='ltr'><strong>ibi</strong></span> <span class='ocrx_word' id='word_1_68' title='bbox 1756 831 1829 891; x_wconf 90' lang='lat' dir='ltr'><strong>de</strong></span> <span class='ocrx_word' id='word_1_69' title='bbox 1858 831 1994 891; x_wconf 86' lang='lat' dir='ltr'><strong>fidei</strong></span> <span class='ocrx_word' id='word_1_70' title='bbox 2032 832 2247 892; x_wconf 89' lang='lat' dir='ltr'><strong>defini-</strong></span> 
     </span>
     <span class='ocr_line' id='line_1_9' title="bbox 122 923 2247 1011; baseline 0.001 -25"><span class='ocrx_word' id='word_1_71' title='bbox 122 929 284 986; x_wconf 90' lang='lat' dir='ltr'><strong>tione</strong></span> <span class='ocrx_word' id='word_1_72' title='bbox 320 927 453 987; x_wconf 85' lang='lat' dir='ltr'><strong>data</strong></span> <span class='ocrx_word' id='word_1_73' title='bbox 493 927 568 987; x_wconf 88' lang='lat' dir='ltr'><strong>ad</strong></span> <span class='ocrx_word' id='word_1_74' title='bbox 599 927 932 987; x_wconf 87' lang='lat' dir='ltr'><strong>universam</strong></span> <span class='ocrx_word' id='word_1_75' title='bbox 969 923 1311 1002; x_wconf 85' lang='lat' dir='ltr'><strong>Ecclesiam,</strong></span> <span class='ocrx_word' id='word_1_76' title='bbox 1355 924 1459 984; x_wconf 91' lang='lat' dir='ltr'><strong>sed</strong></span> <span class='ocrx_word' id='word_1_77' title='bbox 1496 925 1568 984; x_wconf 91' lang='lat' dir='ltr'><strong>de</strong></span> <span class='ocrx_word' id='word_1_78' title='bbox 1604 923 1771 1007; x_wconf 84' lang='lat' dir='ltr'><strong>lapsu</strong></span> <span class='ocrx_word' id='word_1_79' title='bbox 1812 927 2106 1008; x_wconf 87' lang='lat' dir='ltr'><strong>personali</strong></span> <span class='ocrx_word' id='word_1_80' title='bbox 2136 950 2247 1011; x_wconf 90' lang='lat' dir='ltr'><strong>per</strong></span> 
     </span>
     <span class='ocr_line' id='line_1_10' title="bbox 125 1019 2249 1105; baseline 0.001 -25"><span class='ocrx_word' id='word_1_81' title='bbox 125 1022 608 1105; x_wconf 82' lang='lat' dir='ltr'><strong>subscriptionem</strong></span> <span class='ocrx_word' id='word_1_82' title='bbox 642 1022 701 1083; x_wconf 87' lang='lat' dir='ltr'><strong>vi</strong></span> <span class='ocrx_word' id='word_1_83' title='bbox 738 1019 1056 1100; x_wconf 83' lang='lat' dir='ltr'><strong>fraudeque</strong></span> <span class='ocrx_word' id='word_1_84' title='bbox 1085 1031 1409 1096; x_wconf 79' lang='lat' dir='ltr'><strong>extortam,</strong></span> <span class='ocrx_word' id='word_1_85' title='bbox 1435 1031 1495 1080; x_wconf 88' lang='lat' dir='ltr'><strong>et</strong></span> <span class='ocrx_word' id='word_1_86' title='bbox 1537 1021 1777 1102; x_wconf 90' lang='lat' dir='ltr'><strong>quidem</strong></span> <span class='ocrx_word' id='word_1_87' title='bbox 1818 1022 2079 1082; x_wconf 85' lang='lat' dir='ltr'><strong>formulae</strong></span> <span class='ocrx_word' id='word_1_88' title='bbox 2123 1025 2249 1083; x_wconf 74' lang='lat' dir='ltr'><strong>Sir-&#39;-</strong></span> 
     </span>
     <span class='ocr_line' id='line_1_11' title="bbox 124 1115 2248 1203; baseline 0.001 -25"><span class='ocrx_word' id='word_1_89' title='bbox 124 1121 369 1194; x_wconf 70' lang='lat' dir='ltr'><strong>miensi,</strong></span> <span class='ocrx_word' id='word_1_90' title='bbox 402 1142 534 1202; x_wconf 81' lang='lat' dir='ltr'><strong>quoe</strong></span> <span class='ocrx_word' id='word_1_91' title='bbox 565 1141 803 1186; x_wconf 90' lang='lat' dir='ltr'><strong>sensum</strong></span> <span class='ocrx_word' id='word_1_92' title='bbox 839 1115 1187 1177; x_wconf 83' lang='lat' dir='ltr'><strong>catholicum</strong></span> <span class='ocrx_word' id='word_1_93' title='bbox 1223 1138 1342 1200; x_wconf 86' lang='lat' dir='ltr'><strong>prae</strong></span> <span class='ocrx_word' id='word_1_94' title='bbox 1380 1139 1441 1178; x_wconf 89' lang='lat' dir='ltr'><strong>se</strong></span> <span class='ocrx_word' id='word_1_95' title='bbox 1477 1117 1733 1193; x_wconf 85' lang='lat' dir='ltr'><strong>ferebat,</strong></span> <span class='ocrx_word' id='word_1_96' title='bbox 1765 1140 1924 1178; x_wconf 89' lang='lat' dir='ltr'><strong>nunc</strong></span> <span class='ocrx_word' id='word_1_97' title='bbox 1954 1120 2113 1203; x_wconf 86' lang='lat' dir='ltr'><strong>apud</strong></span> <span class='ocrx_word' id='word_1_98' title='bbox 2137 1122 2248 1180; x_wconf 89' lang='lat' dir='ltr'><strong>cri-</strong></span> 
     </span>
     <span class='ocr_line' id='line_1_12' title="bbox 126 1212 2250 1297; baseline 0.001 -24"><span class='ocrx_word' id='word_1_99' title='bbox 126 1215 267 1274; x_wconf 88' lang='lat' dir='ltr'><strong>ticos</strong></span> <span class='ocrx_word' id='word_1_100' title='bbox 296 1215 663 1297; x_wconf 75' lang='lat' dir='ltr'><strong>exploratum</strong></span> <span class='ocrx_word' id='word_1_101' title='bbox 701 1225 816 1290; x_wconf 87' lang='lat' dir='ltr'><strong>est,</strong></span> <span class='ocrx_word' id='word_1_102' title='bbox 850 1212 1135 1290; x_wconf 87' lang='lat' dir='ltr'><strong>ejusmodi</strong></span> <span class='ocrx_word' id='word_1_103' title='bbox 1166 1212 1397 1295; x_wconf 87' lang='lat' dir='ltr'><strong>lapsum</strong></span> <span class='ocrx_word' id='word_1_104' title='bbox 1434 1214 1902 1274; x_wconf 89' lang='lat' dir='ltr'><strong>commentitium</strong></span> <span class='ocrx_word' id='word_1_105' title='bbox 1939 1236 2063 1275; x_wconf 89' lang='lat' dir='ltr'><strong>esse</strong></span> <span class='ocrx_word' id='word_1_106' title='bbox 2086 1261 2102 1290; x_wconf 87' lang='lat'><strong>,</strong></span> <span class='ocrx_word' id='word_1_107' title='bbox 2145 1226 2250 1276; x_wconf 82' lang='lat' dir='ltr'><strong>aut</strong></span> 
     </span>
     <span class='ocr_line' id='line_1_13' title="bbox 128 1306 2250 1383; baseline 0 -12"><span class='ocrx_word' id='word_1_108' title='bbox 128 1310 332 1371; x_wconf 88' lang='lat' dir='ltr'><strong>saltem</strong></span> <span class='ocrx_word' id='word_1_109' title='bbox 382 1311 463 1369; x_wconf 90' lang='lat' dir='ltr'><strong>ita</strong></span> <span class='ocrx_word' id='word_1_110' title='bbox 511 1309 794 1383; x_wconf 87' lang='lat' dir='ltr'><strong>dubium,</strong></span> <span class='ocrx_word' id='word_1_111' title='bbox 845 1318 912 1365; x_wconf 90' lang='lat' dir='ltr'><strong>ut</strong></span> <span class='ocrx_word' id='word_1_112' title='bbox 951 1306 1175 1365; x_wconf 88' lang='lat' dir='ltr'><strong>nullam</strong></span> <span class='ocrx_word' id='word_1_113' title='bbox 1219 1306 1563 1368; x_wconf 87' lang='lat' dir='ltr'><strong>adversariis</strong></span> <span class='ocrx_word' id='word_1_114' title='bbox 1614 1309 1965 1369; x_wconf 87' lang='lat' dir='ltr'><strong>criminandi</strong></span> <span class='ocrx_word' id='word_1_115' title='bbox 2012 1332 2250 1371; x_wconf 86' lang='lat' dir='ltr'><strong>causam</strong></span> 
     </span>
     <span class='ocr_line' id='line_1_14' title="bbox 135 1403 2250 1488; baseline 0.002 -25"><span class='ocrx_word' id='word_1_116' title='bbox 135 1404 398 1487; x_wconf 79' lang='lat' dir='ltr'><strong>praebere</strong></span> <span class='ocrx_word' id='word_1_117' title='bbox 427 1405 607 1487; x_wconf 91' lang='lat' dir='ltr'><strong>possit</strong></span> <span class='ocrx_word' id='word_1_118' title='bbox 637 1403 747 1483; x_wconf 82' lang='lat'><strong>(2).</strong></span> <span class='ocrx_word' id='word_1_119' title='bbox 769 1404 967 1473; x_wconf 73' lang='lat' dir='ltr'><strong>Restat</strong></span> <span class='ocrx_word' id='word_1_120' title='bbox 988 1412 1298 1483; x_wconf 84' lang='lat' dir='ltr'><strong>propterea</strong></span> <span class='ocrx_word' id='word_1_121' title='bbox 1322 1423 1471 1460; x_wconf 89' lang='lat' dir='ltr'><strong>unus</strong></span> <span class='ocrx_word' id='word_1_122' title='bbox 1506 1403 1794 1462; x_wconf 90' lang='lat' dir='ltr'><strong>Honorius</strong></span> <span class='ocrx_word' id='word_1_123' title='bbox 1815 1449 1831 1479; x_wconf 82' lang='lat'><strong>.,</strong></span> <span class='ocrx_word' id='word_1_124' title='bbox 1866 1403 1944 1465; x_wconf 90' lang='lat' dir='ltr'><strong>de</strong></span> <span class='ocrx_word' id='word_1_125' title='bbox 1971 1427 2087 1488; x_wconf 92' lang='lat' dir='ltr'><strong>quo</strong></span> <span class='ocrx_word' id='word_1_126' title='bbox 2115 1428 2250 1466; x_wconf 90' lang='lat' dir='ltr'><strong>sus-</strong></span> 
     </span>
     <span class='ocr_line' id='line_1_15' title="bbox 127 1495 1829 1584; baseline -0.001 -25"><span class='ocrx_word' id='word_1_127' title='bbox 127 1501 307 1582; x_wconf 87' lang='lat' dir='ltr'><strong>picari</strong></span> <span class='ocrx_word' id='word_1_128' title='bbox 335 1500 619 1584; x_wconf 84' lang='lat' dir='ltr'><strong>possimus</strong></span> <span class='ocrx_word' id='word_1_129' title='bbox 645 1519 901 1558; x_wconf 88' lang='lat' dir='ltr'><strong>errorem</strong></span> <span class='ocrx_word' id='word_1_130' title='bbox 926 1498 988 1556; x_wconf 91' lang='lat' dir='ltr'><strong>in</strong></span> <span class='ocrx_word' id='word_1_131' title='bbox 1013 1496 1127 1556; x_wconf 88' lang='lat' dir='ltr'><strong>suis</strong></span> <span class='ocrx_word' id='word_1_132' title='bbox 1153 1495 1229 1556; x_wconf 85' lang='lat' dir='ltr'><strong>ad</strong></span> <span class='ocrx_word' id='word_1_133' title='bbox 1256 1497 1519 1576; x_wconf 82' lang='lat' dir='ltr'><strong>Sergium</strong></span> <span class='ocrx_word' id='word_1_134' title='bbox 1552 1497 1829 1579; x_wconf 81' lang='lat' dir='ltr'><strong>epistoliS.</strong></span> 
     </span>
    </p>
   </div>
   <div class='ocr_carea' id='block_1_4' title="bbox 125 1731 1152 3769">
    <p class='ocr_par' dir='ltr' id='par_1_4' title="bbox 125 1731 1152 3769">
     <span class='ocr_line' id='line_1_16' title="bbox 130 1731 1141 1790; baseline -0.006 -7"><span class='ocrx_word' id='word_1_135' title='bbox 130 1733 418 1783; x_wconf 73' lang='lat' dir='ltr'><strong>defenderint</strong></span> <span class='ocrx_word' id='word_1_136' title='bbox 461 1741 740 1790; x_wconf 83' lang='lat' dir='ltr'><strong>constanter,</strong></span> <span class='ocrx_word' id='word_1_137' title='bbox 788 1741 866 1779; x_wconf 87' lang='lat' dir='ltr'><strong>aut</strong></span> <span class='ocrx_word' id='word_1_138' title='bbox 897 1748 992 1778; x_wconf 81' lang='lat' dir='ltr'><strong>non</strong></span> <span class='ocrx_word' id='word_1_139' title='bbox 1034 1731 1141 1778; x_wconf 88' lang='lat' dir='ltr'><strong>satis</strong></span> 
     </span>
     <span class='ocr_line' id='line_1_17' title="bbox 127 1810 1140 1880; baseline -0.003 -17"><span class='ocrx_word' id='word_1_140' title='bbox 127 1825 281 1879; x_wconf 85' lang='lat' dir='ltr'><strong>aperte</strong></span> <span class='ocrx_word' id='word_1_141' title='bbox 291 1814 614 1880; x_wconf 85' lang='lat' dir='ltr'><strong>explicaverint</strong></span> <span class='ocrx_word' id='word_1_142' title='bbox 626 1814 889 1862; x_wconf 82' lang='lat' dir='ltr'><strong>doctrinam</strong></span> <span class='ocrx_word' id='word_1_143' title='bbox 905 1810 1032 1861; x_wconf 89' lang='lat' dir='ltr'><strong>fidei.</strong></span> <span class='ocrx_word' id='word_1_144' title='bbox 1049 1810 1140 1860; x_wconf 88' lang='lat' dir='ltr'><strong>Sed</strong></span> 
     </span>
     <span class='ocr_line' id='line_1_18' title="bbox 125 1894 1142 1965; baseline -0.004 -20"><span class='ocrx_word' id='word_1_145' title='bbox 125 1899 296 1965; x_wconf 75' lang='lat' dir='ltr'><strong>juverit</strong></span> <span class='ocrx_word' id='word_1_146' title='bbox 331 1907 505 1944; x_wconf 85' lang='lat' dir='ltr'><strong>textum</strong></span> <span class='ocrx_word' id='word_1_147' title='bbox 530 1900 630 1960; x_wconf 88' lang='lat' dir='ltr'><strong>ejus</strong></span> <span class='ocrx_word' id='word_1_148' title='bbox 645 1913 750 1944; x_wconf 88' lang='lat' dir='ltr'><strong>vere</strong></span> <span class='ocrx_word' id='word_1_149' title='bbox 774 1894 1142 1960; x_wconf 83' lang='lat' dir='ltr'><strong>pulcherrimum</strong></span> 
     </span>
     <span class='ocr_line' id='line_1_19' title="bbox 130 1975 1145 2041; baseline -0.001 -16"><span class='ocrx_word' id='word_1_150' title='bbox 130 1978 181 2026; x_wconf 87' lang='lat' dir='ltr'><strong>in</strong></span> <span class='ocrx_word' id='word_1_151' title='bbox 211 1979 413 2026; x_wconf 82' lang='lat' dir='ltr'><strong>medium</strong></span> <span class='ocrx_word' id='word_1_152' title='bbox 448 1978 608 2027; x_wconf 78' lang='lat' dir='ltr'><strong>afferre</strong></span> <span class='ocrx_word' id='word_1_153' title='bbox 637 1994 651 2025; x_wconf 70' lang='grc' dir='ltr'><strong><em>ε</em></strong></span> <span class='ocrx_word' id='word_1_154' title='bbox 678 1977 809 2026; x_wconf 77' lang='lat' dir='ltr'><strong>C&#39;est</strong></span> <span class='ocrx_word' id='word_1_155' title='bbox 833 1985 948 2025; x_wconf 83' lang='lat' dir='ltr'><strong>cette</strong></span> <span class='ocrx_word' id='word_1_156' title='bbox 974 1975 1145 2041; x_wconf 75' lang='lat' dir='ltr'><strong>quiee</strong></span> 
     </span>
     <span class='ocr_line' id='line_1_20' title="bbox 128 2059 1147 2124; baseline -0.001 -17"><span class='ocrx_word' id='word_1_157' title='bbox 128 2061 374 2118; x_wconf 51' lang='lat' dir='ltr'><strong>remanete,</strong></span> <span class='ocrx_word' id='word_1_158' title='bbox 410 2061 597 2124; x_wconf 88' lang='lat' dir='ltr'><strong>inquit,</strong></span> <span class='ocrx_word' id='word_1_159' title='bbox 624 2059 737 2123; x_wconf 77' lang='lat' dir='ltr'><strong>qui,</strong></span> <span class='ocrx_word' id='word_1_160' title='bbox 776 2061 1025 2123; x_wconf 72' lang='lat' dir='ltr'><strong>enseiqnee</strong></span> <span class='ocrx_word' id='word_1_161' title='bbox 1047 2074 1147 2124; x_wconf 82' lang='lat' dir='ltr'><strong>par</strong></span> 
     </span>
     <span class='ocr_line' id='line_1_21' title="bbox 128 2142 1146 2202; baseline 0 -13"><span class='ocrx_word' id='word_1_162' title='bbox 128 2143 259 2190; x_wconf 75' lang='lat' dir='ltr'><strong>saint</strong></span> <span class='ocrx_word' id='word_1_163' title='bbox 300 2142 470 2189; x_wconf 78' lang='lat' dir='ltr'><strong>Pierre</strong></span> <span class='ocrx_word' id='word_1_164' title='bbox 507 2150 552 2190; x_wconf 88' lang='lat' dir='ltr'><strong>et</strong></span> <span class='ocrx_word' id='word_1_165' title='bbox 592 2158 665 2190; x_wconf 79' lang='lat' dir='ltr'><strong>ses</strong></span> <span class='ocrx_word' id='word_1_166' title='bbox 708 2157 1003 2190; x_wconf 77' lang='lat' dir='ltr'><strong>successeurs</strong></span> <span class='ocrx_word' id='word_1_167' title='bbox 1016 2176 1032 2202; x_wconf 90' lang='lat'>‚</span> <span class='ocrx_word' id='word_1_168' title='bbox 1086 2158 1146 2189; x_wconf 77' lang='lat' dir='ltr'><strong>ne</strong></span> 
     </span>
     <span class='ocr_line' id='line_1_22' title="bbox 127 2222 1147 2289; baseline 0 -17"><span class='ocrx_word' id='word_1_169' title='bbox 127 2224 322 2272; x_wconf 57' lang='lat' dir='ltr'><strong>connofft</strong></span> <span class='ocrx_word' id='word_1_170' title='bbox 342 2223 483 2289; x_wconf 78' lang='lat' dir='ltr'><strong>point</strong></span> <span class='ocrx_word' id='word_1_171' title='bbox 509 2222 792 2276; x_wconf 69' lang='lat' dir='ltr'><strong>d’heresie...</strong></span> <span class='ocrx_word' id='word_1_172' title='bbox 831 2223 925 2272; x_wconf 81' lang='lat' dir='ltr'><strong>Les</strong></span> <span class='ocrx_word' id='word_1_173' title='bbox 944 2222 1147 2272; x_wconf 73' lang='lat' dir='ltr'><strong>heresies</strong></span> 
     </span>
     <span class='ocr_line' id='line_1_23' title="bbox 132 2307 1143 2372; baseline 0.001 -20"><span class='ocrx_word' id='word_1_174' title='bbox 132 2313 213 2353; x_wconf 79' lang='lat' dir='ltr'><strong>ont</strong></span> <span class='ocrx_word' id='word_1_175' title='bbox 226 2323 300 2371; x_wconf 82' lang='lat' dir='ltr'><strong>pu</strong></span> <span class='ocrx_word' id='word_1_176' title='bbox 318 2322 350 2370; x_wconf 78' lang='lat' dir='ltr'><strong><em>y</em></strong></span> <span class='ocrx_word' id='word_1_177' title='bbox 357 2321 554 2371; x_wconf 81' lang='lat' dir='ltr'><strong>passer,</strong></span> <span class='ocrx_word' id='word_1_178' title='bbox 585 2307 712 2354; x_wconf 80' lang='lat' dir='ltr'><strong>mais</strong></span> <span class='ocrx_word' id='word_1_179' title='bbox 734 2322 832 2352; x_wconf 77' lang='lat' dir='ltr'><strong>non</strong></span> <span class='ocrx_word' id='word_1_180' title='bbox 847 2322 939 2372; x_wconf 84' lang='lat' dir='ltr'><strong>pas</strong></span> <span class='ocrx_word' id='word_1_181' title='bbox 955 2323 988 2370; x_wconf 82' lang='lat' dir='ltr'><strong><em>y</em></strong></span> <span class='ocrx_word' id='word_1_182' title='bbox 999 2322 1143 2372; x_wconf 79' lang='lat' dir='ltr'><strong>pren·</strong></span> 
     </span>
     <span class='ocr_line' id='line_1_24' title="bbox 132 2387 1148 2454; baseline 0.002 -19"><span class='ocrx_word' id='word_1_183' title='bbox 132 2387 216 2435; x_wconf 88' lang='lat' dir='ltr'><strong>dre</strong></span> <span class='ocrx_word' id='word_1_184' title='bbox 247 2389 433 2436; x_wconf 77' lang='lat' dir='ltr'><strong>racine.</strong></span> <span class='ocrx_word' id='word_1_185' title='bbox 459 2388 567 2454; x_wconf 78' lang='lat' dir='ltr'><strong>Quo</strong></span> <span class='ocrx_word' id='word_1_186' title='bbox 588 2396 747 2436; x_wconf 80' lang='lat' dir='ltr'><strong>contre</strong></span> <span class='ocrx_word' id='word_1_187' title='bbox 775 2387 822 2436; x_wconf 85' lang='lat' dir='ltr'><strong>la</strong></span> <span class='ocrx_word' id='word_1_188' title='bbox 849 2396 1066 2437; x_wconf 80' lang='lat' dir='ltr'><strong>coutume</strong></span> <span class='ocrx_word' id='word_1_189' title='bbox 1090 2388 1148 2437; x_wconf 86' lang='lat' dir='ltr'><strong>de</strong></span> 
     </span>
     <span class='ocr_line' id='line_1_25' title="bbox 133 2467 1148 2535; baseline 0.002 -19"><span class='ocrx_word' id='word_1_190' title='bbox 133 2476 237 2516; x_wconf 80' lang='lat' dir='ltr'><strong>tous</strong></span> <span class='ocrx_word' id='word_1_191' title='bbox 271 2467 396 2517; x_wconf 79' lang='lat' dir='ltr'><strong>leurs</strong></span> <span class='ocrx_word' id='word_1_192' title='bbox 416 2470 773 2535; x_wconf 74' lang='lat' dir='ltr'><strong>predecesseurs</strong></span> <span class='ocrx_word' id='word_1_193' title='bbox 788 2505 805 2532; x_wconf 88' lang='lat'>‚</span> <span class='ocrx_word' id='word_1_194' title='bbox 839 2487 910 2517; x_wconf 79' lang='lat' dir='ltr'><strong>un</strong></span> <span class='ocrx_word' id='word_1_195' title='bbox 933 2471 1148 2532; x_wconf 22' lang='lat' dir='ltr'><strong>oufdeux</strong></span> 
     </span>
     <span class='ocr_line' id='line_1_26' title="bbox 132 2548 1142 2618; baseline 0 -16"><span class='ocrx_word' id='word_1_196' title='bbox 132 2548 678 2616; x_wconf 73' lang='lat' dir='ltr'><strong>Souverains-Pontises</strong></span> <span class='ocrx_word' id='word_1_197' title='bbox 692 2588 705 2611; x_wconf 89' lang='lat'><strong>,</strong></span> <span class='ocrx_word' id='word_1_198' title='bbox 726 2568 787 2599; x_wconf 78' lang='lat' dir='ltr'><strong>ou</strong></span> <span class='ocrx_word' id='word_1_199' title='bbox 796 2569 895 2618; x_wconf 86' lang='lat' dir='ltr'><strong>par</strong></span> <span class='ocrx_word' id='word_1_200' title='bbox 906 2552 1114 2602; x_wconf 74' lang='lat' dir='ltr'><strong>violence</strong></span> <span class='ocrx_word' id='word_1_201' title='bbox 1126 2589 1142 2615; x_wconf 89' lang='lat'>‚</span> 
     </span>
     <span class='ocr_line' id='line_1_27' title="bbox 134 2633 1147 2701; baseline 0.002 -19"><span class='ocrx_word' id='word_1_202' title='bbox 134 2650 196 2682; x_wconf 84' lang='lat' dir='ltr'><strong>ou</strong></span> <span class='ocrx_word' id='word_1_203' title='bbox 203 2650 303 2700; x_wconf 83' lang='lat' dir='ltr'><strong>par</strong></span> <span class='ocrx_word' id='word_1_204' title='bbox 317 2635 529 2699; x_wconf 72' lang='lat' dir='ltr'><strong>surprise</strong></span> <span class='ocrx_word' id='word_1_205' title='bbox 540 2669 556 2694; x_wconf 88' lang='lat'><strong>,</strong></span> <span class='ocrx_word' id='word_1_206' title='bbox 580 2633 761 2682; x_wconf 72' lang='lat' dir='ltr'><strong>n’aient</strong></span> <span class='ocrx_word' id='word_1_207' title='bbox 767 2651 863 2701; x_wconf 80' lang='lat' dir='ltr'><strong>pas</strong></span> <span class='ocrx_word' id='word_1_208' title='bbox 883 2651 1018 2683; x_wconf 80' lang='lat' dir='ltr'><strong>assez</strong></span> <span class='ocrx_word' id='word_1_209' title='bbox 1034 2652 1147 2684; x_wconf 82' lang='lat' dir='ltr'><strong>con-</strong></span> 
     </span>
     <span class='ocr_line' id='line_1_28' title="bbox 135 2718 1150 2784; baseline 0.004 -21"><span class='ocrx_word' id='word_1_210' title='bbox 135 2724 385 2764; x_wconf 79' lang='lat' dir='ltr'><strong>stamment</strong></span> <span class='ocrx_word' id='word_1_211' title='bbox 423 2725 654 2777; x_wconf 72' lang='lat' dir='ltr'><strong>somena,</strong></span> <span class='ocrx_word' id='word_1_212' title='bbox 700 2734 763 2765; x_wconf 79' lang='lat' dir='ltr'><strong>ou</strong></span> <span class='ocrx_word' id='word_1_213' title='bbox 803 2735 937 2766; x_wconf 77' lang='lat' dir='ltr'><strong>assez</strong></span> <span class='ocrx_word' id='word_1_214' title='bbox 962 2718 1150 2784; x_wconf 79' lang='lat' dir='ltr'><strong>pleine-</strong></span> 
     </span>
     <span class='ocr_line' id='line_1_29' title="bbox 136 2796 1147 2867; baseline 0.004 -23"><span class='ocrx_word' id='word_1_215' title='bbox 136 2805 265 2845; x_wconf 78' lang='lat' dir='ltr'><strong>ment</strong></span> <span class='ocrx_word' id='word_1_216' title='bbox 301 2796 518 2867; x_wconf 60' lang='lat' dir='ltr'><strong>eaplique</strong></span> <span class='ocrx_word' id='word_1_217' title='bbox 555 2797 602 2846; x_wconf 86' lang='lat' dir='ltr'><strong>la</strong></span> <span class='ocrx_word' id='word_1_218' title='bbox 634 2798 848 2847; x_wconf 80' lang='lat' dir='ltr'><strong>doctrine</strong></span> <span class='ocrx_word' id='word_1_219' title='bbox 888 2800 945 2847; x_wconf 82' lang='lat' dir='ltr'><strong>de</strong></span> <span class='ocrx_word' id='word_1_220' title='bbox 973 2800 1019 2849; x_wconf 87' lang='lat' dir='ltr'><strong>la</strong></span> <span class='ocrx_word' id='word_1_221' title='bbox 1040 2803 1147 2866; x_wconf 84' lang='lat' dir='ltr'><strong>foi,-</strong></span> 
     </span>
     <span class='ocr_line' id='line_1_30' title="bbox 137 2876 1148 2947; baseline 0.005 -21"><span class='ocrx_word' id='word_1_222' title='bbox 137 2876 370 2927; x_wconf 73' lang='lat' dir='ltr'><strong>consultes</strong></span> <span class='ocrx_word' id='word_1_223' title='bbox 382 2878 438 2926; x_wconf 91' lang='lat' dir='ltr'><strong>de</strong></span> <span class='ocrx_word' id='word_1_224' title='bbox 450 2886 575 2928; x_wconf 77' lang='lat' dir='ltr'><strong>toute</strong></span> <span class='ocrx_word' id='word_1_225' title='bbox 589 2878 637 2926; x_wconf 85' lang='lat' dir='ltr'><strong>la</strong></span> <span class='ocrx_word' id='word_1_226' title='bbox 651 2887 771 2927; x_wconf 84' lang='lat' dir='ltr'><strong>terre</strong></span> <span class='ocrx_word' id='word_1_227' title='bbox 784 2915 798 2938; x_wconf 87' lang='lat'><strong>,</strong></span> <span class='ocrx_word' id='word_1_228' title='bbox 823 2889 867 2928; x_wconf 81' lang='lat' dir='ltr'><strong>et</strong></span> <span class='ocrx_word' id='word_1_229' title='bbox 882 2882 1148 2947; x_wconf 72' lang='lat' dir='ltr'><strong>rependant</strong></span> 
     </span>
     <span class='ocr_line' id='line_1_31' title="bbox 137 2960 1150 3020; baseline 0.004 -12"><span class='ocrx_word' id='word_1_230' title='bbox 137 2960 316 3008; x_wconf 77' lang='lat' dir='ltr'><strong>durant</strong></span> <span class='ocrx_word' id='word_1_231' title='bbox 348 2969 452 3008; x_wconf 78' lang='lat' dir='ltr'><strong>tant</strong></span> <span class='ocrx_word' id='word_1_232' title='bbox 487 2961 543 3008; x_wconf 82' lang='lat' dir='ltr'><strong>de</strong></span> <span class='ocrx_word' id='word_1_233' title='bbox 571 2962 735 3020; x_wconf 76' lang='lat' dir='ltr'><strong>siecles</strong></span> <span class='ocrx_word' id='word_1_234' title='bbox 764 2963 796 3010; x_wconf 84' lang='grc' dir='ltr'><em>ὰ</em></span> <span class='ocrx_word' id='word_1_235' title='bbox 829 2970 977 3012; x_wconf 73' lang='lat' dir='ltr'><strong>tontes</strong></span> <span class='ocrx_word' id='word_1_236' title='bbox 1005 2974 1150 3013; x_wconf 72' lang='lat' dir='ltr'><strong>sortes</strong></span> 
     </span>
     <span class='ocr_line' id='line_1_32' title="bbox 137 3042 1146 3113; baseline 0.005 -23"><span class='ocrx_word' id='word_1_237' title='bbox 137 3042 194 3090; x_wconf 88' lang='lat' dir='ltr'><strong>de</strong></span> <span class='ocrx_word' id='word_1_238' title='bbox 205 3045 445 3108; x_wconf 71' lang='lat' dir='ltr'><strong>questions</strong></span> <span class='ocrx_word' id='word_1_239' title='bbox 458 3043 516 3091; x_wconf 91' lang='lat' dir='ltr'><strong>de</strong></span> <span class='ocrx_word' id='word_1_240' title='bbox 534 3044 746 3092; x_wconf 80' lang='lat' dir='ltr'><strong>doctrine</strong></span> <span class='ocrx_word' id='word_1_241' title='bbox 759 3080 773 3105; x_wconf 89' lang='lat'><strong>,</strong></span> <span class='ocrx_word' id='word_1_242' title='bbox 793 3045 850 3093; x_wconf 88' lang='lat' dir='ltr'><strong>de</strong></span> <span class='ocrx_word' id='word_1_243' title='bbox 870 3046 1146 3113; x_wconf 77' lang='lat' dir='ltr'><strong>discipline,</strong></span> 
     </span>
     <span class='ocr_line' id='line_1_33' title="bbox 141 3123 1151 3190; baseline 0.006 -20"><span class='ocrx_word' id='word_1_244' title='bbox 141 3123 198 3171; x_wconf 87' lang='lat' dir='ltr'><strong>de</strong></span> <span class='ocrx_word' id='word_1_245' title='bbox 220 3127 507 3174; x_wconf 68' lang='lat' dir='ltr'><strong>ceremonias</strong></span> <span class='ocrx_word' id='word_1_246' title='bbox 525 3164 536 3185; x_wconf 91' lang='lat'><strong>,</strong></span> <span class='ocrx_word' id='word_1_247' title='bbox 568 3127 742 3190; x_wconf 76' lang='lat' dir='ltr'><strong>qu&#39;une</strong></span> <span class='ocrx_word' id='word_1_248' title='bbox 775 3126 901 3176; x_wconf 83' lang='lat' dir='ltr'><strong>seu-le</strong></span> <span class='ocrx_word' id='word_1_249' title='bbox 934 3127 992 3175; x_wconf 90' lang='lat' dir='ltr'><strong>de</strong></span> <span class='ocrx_word' id='word_1_250' title='bbox 1026 3127 1151 3176; x_wconf 77' lang='lat' dir='ltr'><strong>leurs</strong></span> 
     </span>
     <span class='ocr_line' id='line_1_34' title="bbox 139 3209 1152 3275; baseline 0.007 -22"><span class='ocrx_word' id='word_1_251' title='bbox 139 3209 356 3271; x_wconf 79' lang='lat' dir='ltr'><strong>repomee</strong></span> <span class='ocrx_word' id='word_1_252' title='bbox 385 3225 433 3255; x_wconf 79' lang='lat' dir='ltr'><strong>ee</strong></span> <span class='ocrx_word' id='word_1_253' title='bbox 457 3217 618 3257; x_wconf 76' lang='lat' dir='ltr'><strong>trouve</strong></span> <span class='ocrx_word' id='word_1_254' title='bbox 642 3213 772 3257; x_wconf 69' lang='grc' dir='ltr'><strong><em>ποιέο</em></strong></span> <span class='ocrx_word' id='word_1_255' title='bbox 793 3226 892 3275; x_wconf 84' lang='lat' dir='ltr'><strong>par</strong></span> <span class='ocrx_word' id='word_1_256' title='bbox 921 3209 969 3257; x_wconf 86' lang='lat' dir='ltr'><strong>la</strong></span> <span class='ocrx_word' id='word_1_257' title='bbox 989 3225 1152 3260; x_wconf 80' lang='lat' dir='ltr'><strong>souve-</strong></span> 
     </span>
     <span class='ocr_line' id='line_1_35' title="bbox 141 3289 1152 3359; baseline 0.005 -24"><span class='ocrx_word' id='word_1_258' title='bbox 141 3289 280 3336; x_wconf 81' lang='lat' dir='ltr'><strong>raine</strong></span> <span class='ocrx_word' id='word_1_259' title='bbox 310 3291 506 3353; x_wconf 76' lang='lat' dir='ltr'><strong>riqueur</strong></span> <span class='ocrx_word' id='word_1_260' title='bbox 531 3290 648 3338; x_wconf 78' lang='lat' dir='ltr'><strong>d&#39;un</strong></span> <span class='ocrx_word' id='word_1_261' title='bbox 681 3290 875 3359; x_wconf 58' lang='lat' dir='ltr'><strong>Cone-ile</strong></span> <span class='ocrx_word' id='word_1_262' title='bbox 893 3296 1152 3340; x_wconf 52' lang='lat' dir='ltr'><strong>oecumenia</strong></span> 
     </span>
     <span class='ocr_line' id='line_1_36' title="bbox 135 3371 1150 3440; baseline 0.005 -23"><span class='ocrx_word' id='word_1_263' title='bbox 135 3387 257 3436; x_wconf 83' lang='lat' dir='ltr'><strong>que;</strong></span> <span class='ocrx_word' id='word_1_264' title='bbox 287 3387 361 3418; x_wconf 77' lang='lat' dir='ltr'><strong>ces</strong></span> <span class='ocrx_word' id='word_1_265' title='bbox 386 3371 541 3435; x_wconf 72' lang='lat' dir='ltr'><strong>santes</strong></span> <span class='ocrx_word' id='word_1_266' title='bbox 559 3373 896 3437; x_wconf 76' lang='lat' dir='ltr'><strong>particulieres</strong></span> <span class='ocrx_word' id='word_1_267' title='bbox 927 3373 1056 3422; x_wconf 76' lang='lat' dir='ltr'><strong>n&#39;ont</strong></span> <span class='ocrx_word' id='word_1_268' title='bbox 1076 3391 1150 3440; x_wconf 79' lang='lat' dir='ltr'><strong>pu</strong></span> 
     </span>
     <span class='ocr_line' id='line_1_37' title="bbox 131 3453 1148 3525; baseline 0.005 -25"><span class='ocrx_word' id='word_1_269' title='bbox 131 3453 261 3518; x_wconf 82' lang='lat' dir='ltr'><strong>faire</strong></span> <span class='ocrx_word' id='word_1_270' title='bbox 282 3468 471 3500; x_wconf 76' lang='lat' dir='ltr'><strong>aucune</strong></span> <span class='ocrx_word' id='word_1_271' title='bbox 487 3454 770 3525; x_wconf 75' lang='lat' dir='ltr'><strong>impression</strong></span> <span class='ocrx_word' id='word_1_272' title='bbox 787 3455 911 3504; x_wconf 79' lang='lat' dir='ltr'><strong>dane</strong></span> <span class='ocrx_word' id='word_1_273' title='bbox 925 3454 970 3505; x_wconf 90' lang='lat' dir='ltr'><strong>la</strong></span> <span class='ocrx_word' id='word_1_274' title='bbox 987 3457 1148 3505; x_wconf 73' lang='lat' dir='ltr'><strong>chaire</strong></span> 
     </span>
     <span class='ocr_line' id='line_1_38' title="bbox 139 3531 1150 3604; baseline 0.004 -21"><span class='ocrx_word' id='word_1_275' title='bbox 139 3535 196 3584; x_wconf 86' lang='lat' dir='ltr'><strong>de</strong></span> <span class='ocrx_word' id='word_1_276' title='bbox 224 3537 357 3584; x_wconf 79' lang='lat' dir='ltr'><strong>saint</strong></span> <span class='ocrx_word' id='word_1_277' title='bbox 373 3531 555 3584; x_wconf 82' lang='lat' dir='ltr'><strong>Pierre.</strong></span> <span class='ocrx_word' id='word_1_278' title='bbox 588 3535 672 3585; x_wconf 77' lang='lat' dir='ltr'><strong>Un</strong></span> <span class='ocrx_word' id='word_1_279' title='bbox 693 3538 911 3587; x_wconf 76' lang='lat' dir='ltr'><strong>vaisseau</strong></span> <span class='ocrx_word' id='word_1_280' title='bbox 929 3541 1017 3604; x_wconf 78' lang='lat' dir='ltr'><strong>qui</strong></span> <span class='ocrx_word' id='word_1_281' title='bbox 1026 3538 1150 3604; x_wconf 76' lang='lat' dir='ltr'><strong>send</strong></span> 
     </span>
     <span class='ocr_line' id='line_1_39' title="bbox 138 3616 1148 3684; baseline 0.006 -21"><span class='ocrx_word' id='word_1_282' title='bbox 138 3616 202 3664; x_wconf 78' lang='lat' dir='ltr'><strong>les</strong></span> <span class='ocrx_word' id='word_1_283' title='bbox 227 3633 354 3664; x_wconf 66' lang='lat' dir='ltr'><strong>caua·</strong></span> <span class='ocrx_word' id='word_1_284' title='bbox 384 3617 472 3682; x_wconf 77' lang='lat' dir='ltr'><strong>n&#39;y</strong></span> <span class='ocrx_word' id='word_1_285' title='bbox 498 3616 638 3666; x_wconf 81' lang='lat' dir='ltr'><strong>laisse</strong></span> <span class='ocrx_word' id='word_1_286' title='bbox 655 3633 749 3684; x_wconf 77' lang='lat' dir='ltr'><strong>pas</strong></span> <span class='ocrx_word' id='word_1_287' title='bbox 776 3621 933 3669; x_wconf 79' lang='lat' dir='ltr'><strong>moine</strong></span> <span class='ocrx_word' id='word_1_288' title='bbox 965 3621 1022 3668; x_wconf 87' lang='lat' dir='ltr'><strong>de</strong></span> <span class='ocrx_word' id='word_1_289' title='bbox 1048 3637 1148 3669; x_wconf 80' lang='lat' dir='ltr'><strong>ves·</strong></span> 
     </span>
     <span class='ocr_line' id='line_1_40' title="bbox 135 3700 1147 3769; baseline 0.005 -23"><span class='ocrx_word' id='word_1_290' title='bbox 135 3701 253 3766; x_wconf 77' lang='lat' dir='ltr'><strong>tiqee</strong></span> <span class='ocrx_word' id='word_1_291' title='bbox 289 3700 346 3749; x_wconf 91' lang='lat' dir='ltr'><strong>de</strong></span> <span class='ocrx_word' id='word_1_292' title='bbox 386 3717 472 3749; x_wconf 76' lang='lat' dir='ltr'><strong>eon</strong></span> <span class='ocrx_word' id='word_1_293' title='bbox 494 3701 1147 3769; x_wconf 78' lang='lat' dir='ltr'><strong>passaqe...Aimi1’quise</strong></span> 
     </span>
    </p>
   </div>
   <div class='ocr_carea' id='block_1_5' title="bbox 1222 1709 2252 2293">
    <p class='ocr_par' dir='ltr' id='par_1_5' title="bbox 1222 1709 2252 2293">
     <span class='ocr_line' id='line_1_41' title="bbox 1222 1709 2252 1800; baseline 0.009 -25"><span class='ocrx_word' id='word_1_294' title='bbox 1222 1709 1440 1776; x_wconf 82' lang='lat' dir='ltr'><strong>romaine</strong></span> <span class='ocrx_word' id='word_1_295' title='bbox 1485 1737 1554 1777; x_wconf 76' lang='lat' dir='ltr'><strong>est</strong></span> <span class='ocrx_word' id='word_1_296' title='bbox 1590 1732 1804 1796; x_wconf 77' lang='lat' dir='ltr'><strong>toujours</strong></span> <span class='ocrx_word' id='word_1_297' title='bbox 1845 1733 2001 1797; x_wconf 79' lang='lat' dir='ltr'><strong>vierqe</strong></span> <span class='ocrx_word' id='word_1_298' title='bbox 2024 1749 2046 1794; x_wconf 92' lang='lat'><strong>‚·</strong></span> <span class='ocrx_word' id='word_1_299' title='bbox 2090 1733 2137 1782; x_wconf 89' lang='lat' dir='ltr'><strong>Ia</strong></span> <span class='ocrx_word' id='word_1_300' title='bbox 2171 1735 2252 1800; x_wconf 78' lang='lat' dir='ltr'><strong>foi</strong></span> 
     </span>
     <span class='ocr_line' id='line_1_42' title="bbox 1223 1812 2247 1882; baseline 0.008 -24"><span class='ocrx_word' id='word_1_301' title='bbox 1223 1812 1441 1859; x_wconf 79' lang='lat' dir='ltr'><strong>romaine</strong></span> <span class='ocrx_word' id='word_1_302' title='bbox 1456 1820 1523 1859; x_wconf 79' lang='lat' dir='ltr'><strong>est</strong></span> <span class='ocrx_word' id='word_1_303' title='bbox 1542 1814 1754 1878; x_wconf 82' lang='lat' dir='ltr'><strong>toujours</strong></span> <span class='ocrx_word' id='word_1_304' title='bbox 1778 1812 1825 1860; x_wconf 88' lang='lat' dir='ltr'><strong>la</strong></span> <span class='ocrx_word' id='word_1_305' title='bbox 1840 1814 1916 1878; x_wconf 85' lang='lat' dir='ltr'><strong>foi</strong></span> <span class='ocrx_word' id='word_1_306' title='bbox 1929 1814 1987 1862; x_wconf 91' lang='lat' dir='ltr'><strong>de</strong></span> <span class='ocrx_word' id='word_1_307' title='bbox 2004 1814 2207 1880; x_wconf 77' lang='lat' dir='ltr'><strong>l&#39;quise</strong></span> <span class='ocrx_word' id='word_1_308' title='bbox 2229 1834 2247 1882; x_wconf 71' lang='grc' dir='ltr'><strong>ς</strong></span> 
     </span>
     <span class='ocr_line' id='line_1_43' title="bbox 1224 1890 2249 1963; baseline 0.009 -24"><span class='ocrx_word' id='word_1_309' title='bbox 1224 1890 1287 1941; x_wconf 73' lang='lat' dir='ltr'><strong>on&#39;</strong></span> <span class='ocrx_word' id='word_1_310' title='bbox 1320 1894 1442 1941; x_wconf 83' lang='lat' dir='ltr'><strong>croit</strong></span> <span class='ocrx_word' id='word_1_311' title='bbox 1471 1895 1685 1959; x_wconf 77' lang='lat' dir='ltr'><strong>toajours</strong></span> <span class='ocrx_word' id='word_1_312' title='bbox 1718 1911 1771 1943; x_wconf 89' lang='lat' dir='ltr'><strong>ce</strong></span> <span class='ocrx_word' id='word_1_313' title='bbox 1807 1894 1955 1960; x_wconf 78' lang='lat' dir='ltr'><strong>qa’on</strong></span> <span class='ocrx_word' id='word_1_314' title='bbox 1983 1912 2015 1944; x_wconf 89' lang='lat' dir='ltr'><strong>a</strong></span> <span class='ocrx_word' id='word_1_315' title='bbox 2045 1914 2166 1963; x_wconf 78' lang='lat' dir='ltr'><strong>cru3</strong></span> <span class='ocrx_word' id='word_1_316' title='bbox 2199 1898 2249 1949; x_wconf 83' lang='lat' dir='ltr'><strong>la</strong></span> 
     </span>
     <span class='ocr_line' id='line_1_44' title="bbox 1225 1976 2246 2042; baseline 0.008 -20"><span class='ocrx_word' id='word_1_317' title='bbox 1225 1976 1375 2024; x_wconf 70' lang='lat' dir='ltr'><strong>meme</strong></span> <span class='ocrx_word' id='word_1_318' title='bbox 1402 1976 1515 2023; x_wconf 72' lang='lat' dir='ltr'><strong>voix</strong></span> <span class='ocrx_word' id='word_1_319' title='bbox 1540 1978 1736 2024; x_wconf 76' lang='lat' dir='ltr'><strong>retentit</strong></span> <span class='ocrx_word' id='word_1_320' title='bbox 1749 1986 1977 2042; x_wconf 79' lang='lat' dir='ltr'><strong>parecut3</strong></span> <span class='ocrx_word' id='word_1_321' title='bbox 1999 1987 2044 2027; x_wconf 88' lang='lat' dir='ltr'><strong>et</strong></span> <span class='ocrx_word' id='word_1_322' title='bbox 2067 1980 2246 2030; x_wconf 81' lang='lat' dir='ltr'><strong>Pierre</strong></span> 
     </span>
     <span class='ocr_line' id='line_1_45' title="bbox 1226 2056 2249 2128; baseline 0.009 -25"><span class='ocrx_word' id='word_1_323' title='bbox 1226 2056 1445 2105; x_wconf 75' lang='lat' dir='ltr'><strong>demeare</strong></span> <span class='ocrx_word' id='word_1_324' title='bbox 1478 2057 1602 2105; x_wconf 77' lang='lat' dir='ltr'><strong>dam</strong></span> <span class='ocrx_word' id='word_1_325' title='bbox 1641 2074 1713 2105; x_wconf 84' lang='lat' dir='ltr'><strong>see</strong></span> <span class='ocrx_word' id='word_1_326' title='bbox 1751 2075 2044 2110; x_wconf 66' lang='lat' dir='ltr'><strong>successeur-s</strong></span> <span class='ocrx_word' id='word_1_327' title='bbox 2073 2061 2114 2111; x_wconf 82' lang='lat' dir='ltr'><strong>Ie</strong></span> <span class='ocrx_word' id='word_1_328' title='bbox 2135 2062 2249 2128; x_wconf 80' lang='lat' dir='ltr'><strong>fim-</strong></span> 
     </span>
     <span class='ocr_line' id='line_1_46' title="bbox 1227 2138 2249 2209; baseline 0.009 -23"><span class='ocrx_word' id='word_1_329' title='bbox 1227 2138 1416 2187; x_wconf 82' lang='lat' dir='ltr'><strong>dement</strong></span> <span class='ocrx_word' id='word_1_330' title='bbox 1433 2140 1528 2209; x_wconf 20' lang='lat' dir='ltr'><strong>&#39;des</strong></span> <span class='ocrx_word' id='word_1_331' title='bbox 1547 2140 1726 2203; x_wconf 73' lang='lat' dir='ltr'><strong>fideles.</strong></span> <span class='ocrx_word' id='word_1_332' title='bbox 1755 2142 1886 2192; x_wconf 79' lang='lat' dir='ltr'><strong>C&#39;est</strong></span> <span class='ocrx_word' id='word_1_333' title='bbox 1913 2144 2249 2195; x_wconf 66' lang='lat' dir='ltr'><strong>lectae-Christ</strong></span> 
     </span>
     <span class='ocr_line' id='line_1_47' title="bbox 1227 2219 2249 2293; baseline 0.01 -26"><span class='ocrx_word' id='word_1_334' title='bbox 1227 2223 1314 2286; x_wconf 81' lang='lat' dir='ltr'><strong>qai</strong></span> <span class='ocrx_word' id='word_1_335' title='bbox 1339 2219 1406 2269; x_wconf 85' lang='lat' dir='ltr'><strong>l&#39;a</strong></span> <span class='ocrx_word' id='word_1_336' title='bbox 1427 2221 1527 2285; x_wconf 82' lang='lat' dir='ltr'><strong>dit3</strong></span> <span class='ocrx_word' id='word_1_337' title='bbox 1554 2231 1598 2270; x_wconf 90' lang='lat' dir='ltr'><strong>et</strong></span> <span class='ocrx_word' id='word_1_338' title='bbox 1625 2222 1667 2271; x_wconf 87' lang='lat' dir='ltr'><strong>le</strong></span> <span class='ocrx_word' id='word_1_339' title='bbox 1691 2223 1782 2272; x_wconf 81' lang='lat' dir='ltr'><strong>ciel</strong></span> <span class='ocrx_word' id='word_1_340' title='bbox 1805 2234 1851 2273; x_wconf 87' lang='lat' dir='ltr'><strong>et</strong></span> <span class='ocrx_word' id='word_1_341' title='bbox 1879 2225 1926 2274; x_wconf 84' lang='lat' dir='ltr'><strong>la</strong></span> <span class='ocrx_word' id='word_1_342' title='bbox 1952 2233 2073 2274; x_wconf 79' lang='lat' dir='ltr'><strong>terre</strong></span> <span class='ocrx_word' id='word_1_343' title='bbox 2081 2244 2249 2293; x_wconf 78' lang='lat' dir='ltr'><strong>passe-</strong></span> 
     </span>
    </p>
   </div>
   <div class='ocr_carea' id='block_1_6' title="bbox 1199 2304 2241 2375">
    <p class='ocr_par' dir='ltr' id='par_1_6' title="bbox 1199 2304 2241 2375">
     <span class='ocr_line' id='line_1_48' title="bbox 1199 2304 2241 2375; baseline 0.008 -23"><span class='ocrx_word' id='word_1_344' title='bbox 1199 2358 1214 2363; x_wconf 38' lang='lat'><strong>,⁴</strong></span> <span class='ocrx_word' id='word_1_345' title='bbox 1229 2313 1337 2352; x_wconf 81' lang='lat' dir='ltr'><strong>rom</strong></span> <span class='ocrx_word' id='word_1_346' title='bbox 1346 2304 1506 2371; x_wconf 70' lang='lat' dir='ltr'><strong>plutdt</strong></span> <span class='ocrx_word' id='word_1_347' title='bbox 1517 2323 1607 2370; x_wconf 79' lang='lat' dir='ltr'><strong>que</strong></span> <span class='ocrx_word' id='word_1_348' title='bbox 1622 2323 1677 2354; x_wconf 80' lang='lat' dir='ltr'><strong>sa</strong></span> <span class='ocrx_word' id='word_1_349' title='bbox 1686 2307 1870 2373; x_wconf 81' lang='lat' dir='ltr'><strong>parole.</strong></span> <span class='ocrx_word' id='word_1_350' title='bbox 1888 2307 2012 2375; x_wconf 87' lang='lat' dir='ltr'><strong>Opp.</strong></span> <span class='ocrx_word' id='word_1_351' title='bbox 2030 2312 2110 2359; x_wconf 88' lang='lat' dir='ltr'><strong>cit.</strong></span> <span class='ocrx_word' id='word_1_352' title='bbox 2124 2311 2241 2361; x_wconf 87' lang='lat' dir='ltr'><strong>edit.</strong></span> 
     </span>
    </p>
   </div>
   <div class='ocr_carea' id='block_1_7' title="bbox 1228 2382 2275 3778">
    <p class='ocr_par' dir='ltr' id='par_1_7' title="bbox 1230 2382 1944 2457">
     <span class='ocr_line' id='line_1_49' title="bbox 1230 2382 1944 2457; baseline 0.006 -23"><span class='ocrx_word' id='word_1_353' title='bbox 1230 2397 1345 2435; x_wconf 87' lang='lat' dir='ltr'><strong>tom.</strong></span> <span class='ocrx_word' id='word_1_354' title='bbox 1377 2403 1437 2434; x_wconf 83' lang='lat' dir='ltr'><strong>xv</strong></span> <span class='ocrx_word' id='word_1_355' title='bbox 1458 2424 1470 2446; x_wconf 89' lang='lat'><strong>,</strong></span> <span class='ocrx_word' id='word_1_356' title='bbox 1499 2382 1609 2452; x_wconf 84' lang='lat' dir='ltr'><strong>pag.</strong></span> <span class='ocrx_word' id='word_1_357' title='bbox 1640 2387 1730 2437; x_wconf 82' lang='lat'><strong>501</strong></span> <span class='ocrx_word' id='word_1_358' title='bbox 1770 2401 1814 2439; x_wconf 91' lang='lat' dir='ltr'><strong>et</strong></span> <span class='ocrx_word' id='word_1_359' title='bbox 1845 2407 1944 2457; x_wconf 89' lang='lat' dir='ltr'><strong>seq.</strong></span> 
     </span>
    </p>

    <p class='ocr_par' dir='ltr' id='par_1_8' title="bbox 1228 2468 2275 3441">
     <span class='ocr_line' id='line_1_50' title="bbox 1299 2468 2252 2540; baseline 0.012 -26"><span class='ocrx_word' id='word_1_360' title='bbox 1299 2468 1362 2533; x_wconf 89' lang='lat' dir='ltr'><strong>(l)</strong></span> <span class='ocrx_word' id='word_1_361' title='bbox 1401 2468 1570 2517; x_wconf 83' lang='lat' dir='ltr'><strong>Mirum</strong></span> <span class='ocrx_word' id='word_1_362' title='bbox 1601 2472 1793 2535; x_wconf 87' lang='lat' dir='ltr'><strong>proinde</strong></span> <span class='ocrx_word' id='word_1_363' title='bbox 1811 2480 1878 2521; x_wconf 87' lang='lat' dir='ltr'><strong>est</strong></span> <span class='ocrx_word' id='word_1_364' title='bbox 1899 2508 1914 2532; x_wconf 94' lang='lat'>‚</span> <span class='ocrx_word' id='word_1_365' title='bbox 1935 2474 2134 2540; x_wconf 85' lang='lat' dir='ltr'><strong>potuisse</strong></span> <span class='ocrx_word' id='word_1_366' title='bbox 2169 2476 2252 2525; x_wconf 82' lang='lat' dir='ltr'><strong>ad-</strong></span> 
     </span>
     <span class='ocr_line' id='line_1_51' title="bbox 1229 2550 2250 2623; baseline 0.009 -25"><span class='ocrx_word' id='word_1_367' title='bbox 1229 2550 1323 2598; x_wconf 89' lang='lat' dir='ltr'><strong>huc</strong></span> <span class='ocrx_word' id='word_1_368' title='bbox 1364 2551 1572 2615; x_wconf 85' lang='lat' dir='ltr'><strong>archiep.</strong></span> <span class='ocrx_word' id='word_1_369' title='bbox 1613 2553 1930 2603; x_wconf 88' lang='lat' dir='ltr'><strong>Turonensem</strong></span> <span class='ocrx_word' id='word_1_370' title='bbox 1949 2593 1963 2615; x_wconf 86' lang='lat'>‚</span> <span class='ocrx_word' id='word_1_371' title='bbox 2007 2554 2250 2623; x_wconf 80' lang='lat' dir='ltr'><strong>Aloysium</strong></span> 
     </span>
     <span class='ocr_line' id='line_1_52' title="bbox 1231 2632 2248 2703; baseline 0.008 -23"><span class='ocrx_word' id='word_1_372' title='bbox 1231 2632 1296 2680; x_wconf 89' lang='lat' dir='ltr'><strong>M.</strong></span> <span class='ocrx_word' id='word_1_373' title='bbox 1325 2633 1382 2681; x_wconf 90' lang='lat' dir='ltr'><strong>de</strong></span> <span class='ocrx_word' id='word_1_374' title='bbox 1408 2634 1563 2683; x_wconf 82' lang='lat' dir='ltr'><strong>Barral</strong></span> <span class='ocrx_word' id='word_1_375' title='bbox 1579 2673 1592 2695; x_wconf 93' lang='lat'>‚</span> <span class='ocrx_word' id='word_1_376' title='bbox 1611 2638 1660 2684; x_wconf 89' lang='lat' dir='ltr'><strong>in</strong></span> <span class='ocrx_word' id='word_1_377' title='bbox 1689 2655 1766 2702; x_wconf 88' lang='lat' dir='ltr'><strong>op.</strong></span> <span class='ocrx_word' id='word_1_378' title='bbox 1786 2636 1993 2703; x_wconf 73' lang='lat' dir='ltr'><strong>Defimse</strong></span> <span class='ocrx_word' id='word_1_379' title='bbox 2005 2639 2085 2687; x_wconf 81' lang='lat' dir='ltr'><strong>des</strong></span> <span class='ocrx_word' id='word_1_380' title='bbox 2101 2639 2248 2689; x_wconf 82' lang='lat' dir='ltr'><strong>liber-</strong></span> 
     </span>
     <span class='ocr_line' id='line_1_53' title="bbox 1230 2716 2248 2783; baseline 0.007 -19"><span class='ocrx_word' id='word_1_381' title='bbox 1230 2721 1299 2764; x_wconf 73' lang='lat' dir='ltr'><strong>tee</strong></span> <span class='ocrx_word' id='word_1_382' title='bbox 1326 2716 1383 2764; x_wconf 86' lang='lat' dir='ltr'><strong>de</strong></span> <span class='ocrx_word' id='word_1_383' title='bbox 1410 2716 1611 2782; x_wconf 77' lang='lat' dir='ltr'><strong>I&#39;quise</strong></span> <span class='ocrx_word' id='word_1_384' title='bbox 1627 2719 1865 2783; x_wconf 76' lang='lat' dir='ltr'><strong>qallicane</strong></span> <span class='ocrx_word' id='word_1_385' title='bbox 1892 2731 1937 2769; x_wconf 84' lang='lat' dir='ltr'><strong>et</strong></span> <span class='ocrx_word' id='word_1_386' title='bbox 1963 2721 2019 2770; x_wconf 85' lang='lat' dir='ltr'><strong>de</strong></span> <span class='ocrx_word' id='word_1_387' title='bbox 2038 2721 2248 2771; x_wconf 80' lang='lat' dir='ltr'><strong>l&#39;assem-</strong></span> 
     </span>
     <span class='ocr_line' id='line_1_54' title="bbox 1231 2798 2244 2868; baseline 0.007 -21"><span class='ocrx_word' id='word_1_388' title='bbox 1231 2798 1329 2847; x_wconf 74' lang='lat' dir='ltr'><strong>blec</strong></span> <span class='ocrx_word' id='word_1_389' title='bbox 1346 2799 1411 2846; x_wconf 84' lang='lat' dir='ltr'><strong>clu</strong></span> <span class='ocrx_word' id='word_1_390' title='bbox 1426 2798 1577 2863; x_wconf 72' lang='lat' dir='ltr'><strong>clerqe</strong></span> <span class='ocrx_word' id='word_1_391' title='bbox 1593 2801 1648 2848; x_wconf 86' lang='lat' dir='ltr'><strong>de</strong></span> <span class='ocrx_word' id='word_1_392' title='bbox 1658 2802 1850 2850; x_wconf 80' lang='lat' dir='ltr'><strong>France</strong></span> <span class='ocrx_word' id='word_1_393' title='bbox 1865 2810 2006 2851; x_wconf 80' lang='lat' dir='ltr'><strong>tenue</strong></span> <span class='ocrx_word' id='word_1_394' title='bbox 2017 2820 2077 2852; x_wconf 78' lang='lat' dir='ltr'><strong>en</strong></span> <span class='ocrx_word' id='word_1_395' title='bbox 2093 2821 2109 2852; x_wconf 82' lang='lat'>1</span> <span class='ocrx_word' id='word_1_396' title='bbox 2121 2802 2244 2868; x_wconf 83' lang='lat'><strong>682,</strong></span> 
     </span>
     <span class='ocr_line' id='line_1_55' title="bbox 1233 2881 2250 2953; baseline 0.009 -24"><span class='ocrx_word' id='word_1_397' title='bbox 1233 2881 1359 2930; x_wconf 85' lang='lat' dir='ltr'><strong>Paris</strong></span> <span class='ocrx_word' id='word_1_398' title='bbox 1407 2882 1558 2949; x_wconf 81' lang='lat'><strong>1817,</strong></span> <span class='ocrx_word' id='word_1_399' title='bbox 1587 2899 1688 2947; x_wconf 84' lang='lat' dir='ltr'><strong>pag.</strong></span> <span class='ocrx_word' id='word_1_400' title='bbox 1719 2883 1814 2952; x_wconf 78' lang='lat'><strong>3²7</strong></span> <span class='ocrx_word' id='word_1_401' title='bbox 1855 2896 1898 2934; x_wconf 90' lang='lat' dir='ltr'><strong>et</strong></span> <span class='ocrx_word' id='word_1_402' title='bbox 1925 2904 2054 2953; x_wconf 85' lang='lat' dir='ltr'><strong>seqq.</strong></span> <span class='ocrx_word' id='word_1_403' title='bbox 2091 2888 2149 2936; x_wconf 82' lang='lat' dir='ltr'><strong>ad</strong></span> <span class='ocrx_word' id='word_1_404' title='bbox 2170 2905 2250 2937; x_wconf 88' lang='lat' dir='ltr'><strong>os-</strong></span> 
     </span>
     <span class='ocr_line' id='line_1_56' title="bbox 1234 2964 2246 3038; baseline 0.007 -26"><span class='ocrx_word' id='word_1_405' title='bbox 1234 2964 1512 3013; x_wconf 84' lang='lat' dir='ltr'><strong>tendendam</strong></span> <span class='ocrx_word' id='word_1_406' title='bbox 1537 2964 1885 3029; x_wconf 80' lang='lat' dir='ltr'><strong>fallibilitatem</strong></span> <span class='ocrx_word' id='word_1_407' title='bbox 1914 2985 2037 3038; x_wconf 73' lang='lat' dir='ltr'><strong>rom.</strong></span> <span class='ocrx_word' id='word_1_408' title='bbox 2072 2967 2246 3018; x_wconf 71' lang='lat' dir='ltr'><strong>Ponti-</strong></span> 
     </span>
     <span class='ocr_line' id='line_1_57' title="bbox 1228 3046 2248 3118; baseline 0.008 -24"><span class='ocrx_word' id='word_1_409' title='bbox 1228 3048 1402 3111; x_wconf 79' lang='lat' dir='ltr'><strong>ficum,</strong></span> <span class='ocrx_word' id='word_1_410' title='bbox 1432 3046 1596 3096; x_wconf 82' lang='lat' dir='ltr'><strong>afferre</strong></span> <span class='ocrx_word' id='word_1_411' title='bbox 1621 3048 1803 3114; x_wconf 86' lang='lat' dir='ltr'><strong>lapsum</strong></span> <span class='ocrx_word' id='word_1_412' title='bbox 1819 3048 1868 3099; x_wconf 90' lang='lat' dir='ltr'><strong>S.</strong></span> <span class='ocrx_word' id='word_1_413' title='bbox 1888 3050 2009 3099; x_wconf 90' lang='lat' dir='ltr'><strong>Petri</strong></span> <span class='ocrx_word' id='word_1_414' title='bbox 2023 3053 2248 3118; x_wconf 74' lang='lat' dir='ltr'><strong>,perinde</strong></span> 
     </span>
     <span class='ocr_line' id='line_1_58' title="bbox 1235 3127 2247 3183; baseline 0.007 -6"><span class='ocrx_word' id='word_1_415' title='bbox 1235 3146 1289 3177; x_wconf 83' lang='lat' dir='ltr'><strong>ac</strong></span> <span class='ocrx_word' id='word_1_416' title='bbox 1309 3130 1345 3176; x_wconf 86' lang='lat' dir='ltr'><strong>si</strong></span> <span class='ocrx_word' id='word_1_417' title='bbox 1363 3127 1521 3177; x_wconf 89' lang='lat' dir='ltr'><strong>Petrus</strong></span> <span class='ocrx_word' id='word_1_418' title='bbox 1544 3146 1652 3178; x_wconf 91' lang='lat' dir='ltr'><strong>cum</strong></span> <span class='ocrx_word' id='word_1_419' title='bbox 1682 3131 1796 3179; x_wconf 83' lang='lat' dir='ltr'><strong>dixit</strong></span> <span class='ocrx_word' id='word_1_420' title='bbox 1819 3133 2000 3181; x_wconf 78' lang='lat' dir='ltr'><strong>ancillae</strong></span> <span class='ocrx_word' id='word_1_421' title='bbox 2022 3137 2212 3183; x_wconf 82' lang='lat' dir='ltr'><strong>ostiariae</strong></span> <span class='ocrx_word' id='word_1_422' title='bbox 2230 3150 2247 3183; x_wconf 75' lang='grc' dir='ltr'><strong><em>ε</em></strong></span> 
     </span>
     <span class='ocr_line' id='line_1_59' title="bbox 1233 3206 2248 3275; baseline 0.008 -17"><span class='ocrx_word' id='word_1_423' title='bbox 1233 3227 1332 3259; x_wconf 78' lang='lat' dir='ltr'><strong>non</strong></span> <span class='ocrx_word' id='word_1_424' title='bbox 1352 3213 1469 3260; x_wconf 77' lang='lat' dir='ltr'><strong>novi</strong></span> <span class='ocrx_word' id='word_1_425' title='bbox 1491 3211 1731 3261; x_wconf 75' lang='lat' dir='ltr'><strong>hominem</strong></span> <span class='ocrx_word' id='word_1_426' title='bbox 1758 3215 1904 3262; x_wconf 76' lang='lat' dir='ltr'><strong>istum</strong></span> <span class='ocrx_word' id='word_1_427' title='bbox 1918 3253 1931 3275; x_wconf 88' lang='lat'><em>‚</em></span> <span class='ocrx_word' id='word_1_428' title='bbox 1950 3206 2148 3266; x_wconf 83' lang='lat' dir='ltr'><strong>dedisset</strong></span> <span class='ocrx_word' id='word_1_429' title='bbox 2164 3218 2248 3266; x_wconf 88' lang='lat' dir='ltr'><strong>de—</strong></span> 
     </span>
     <span class='ocr_line' id='line_1_60' title="bbox 1233 3294 2275 3361; baseline 0.006 -20"><span class='ocrx_word' id='word_1_430' title='bbox 1233 3294 1493 3343; x_wconf 83' lang='lat' dir='ltr'><strong>finitionem</strong></span> <span class='ocrx_word' id='word_1_431' title='bbox 1531 3294 1842 3361; x_wconf 81' lang='lat' dir='ltr'><strong>dogmaticam</strong></span> <span class='ocrx_word' id='word_1_432' title='bbox 1884 3314 1944 3346; x_wconf 69' lang='lat' dir='ltr'><strong>em</strong></span> <span class='ocrx_word' id='word_1_433' title='bbox 1998 3298 2240 3361; x_wconf 77' lang='lat' dir='ltr'><strong>cathedra,</strong></span> <span class='ocrx_word' id='word_1_434' title='bbox 2271 3331 2275 3339; x_wconf 45' lang='lat' dir='ltr'><em>f</em></span> 
     </span>
     <span class='ocr_line' id='line_1_61' title="bbox 1232 3364 1872 3441; baseline 0.009 -18"><span class='ocrx_word' id='word_1_435' title='bbox 1232 3393 1375 3441; x_wconf 78' lang='lat' dir='ltr'><strong>quam</strong></span> <span class='ocrx_word' id='word_1_436' title='bbox 1407 3377 1620 3425; x_wconf 79' lang='lat' dir='ltr'><strong>nondum</strong></span> <span class='ocrx_word' id='word_1_437' title='bbox 1652 3364 1872 3430; x_wconf 76' lang='lat' dir='ltr'><strong>habebat.</strong></span> 
     </span>
    </p>

    <p class='ocr_par' dir='ltr' id='par_1_9' title="bbox 1231 3458 2248 3778">
     <span class='ocr_line' id='line_1_62' title="bbox 1302 3458 2245 3527; baseline 0.008 -22"><span class='ocrx_word' id='word_1_438' title='bbox 1302 3458 1366 3520; x_wconf 75' lang='lat'><strong>(2)</strong></span> <span class='ocrx_word' id='word_1_439' title='bbox 1404 3458 1504 3507; x_wconf 82' lang='lat' dir='ltr'><strong>Cfr.</strong></span> <span class='ocrx_word' id='word_1_440' title='bbox 1543 3458 1816 3527; x_wconf 86' lang='lat' dir='ltr'><strong>Stiltingus‚</strong></span> <span class='ocrx_word' id='word_1_441' title='bbox 1858 3461 1983 3510; x_wconf 82' lang='lat' dir='ltr'><strong>Acta</strong></span> <span class='ocrx_word' id='word_1_442' title='bbox 2018 3460 2245 3514; x_wconf 81' lang='lat' dir='ltr'><strong>Sanctor.</strong></span> 
     </span>
     <span class='ocr_line' id='line_1_63' title="bbox 1233 3542 2248 3609; baseline 0.007 -22"><span class='ocrx_word' id='word_1_443' title='bbox 1233 3548 1350 3588; x_wconf 88' lang='lat' dir='ltr'><strong>tom.</strong></span> <span class='ocrx_word' id='word_1_444' title='bbox 1379 3558 1424 3589; x_wconf 78' lang='lat' dir='ltr'><strong>v¹</strong></span> <span class='ocrx_word' id='word_1_445' title='bbox 1445 3579 1457 3600; x_wconf 92' lang='lat'><strong>,</strong></span> <span class='ocrx_word' id='word_1_446' title='bbox 1489 3559 1637 3592; x_wconf 81' lang='lat' dir='ltr'><strong>mens.</strong></span> <span class='ocrx_word' id='word_1_447' title='bbox 1663 3542 1921 3609; x_wconf 87' lang='lat' dir='ltr'><strong>Septembr.</strong></span> <span class='ocrx_word' id='word_1_448' title='bbox 1951 3543 2025 3592; x_wconf 91' lang='lat' dir='ltr'><strong>die</strong></span> <span class='ocrx_word' id='word_1_449' title='bbox 2044 3545 2135 3605; x_wconf 78' lang='lat'><strong>23,</strong></span> <span class='ocrx_word' id='word_1_450' title='bbox 2166 3544 2248 3594; x_wconf 88' lang='lat' dir='ltr'><strong>De</strong></span> 
     </span>
     <span class='ocr_line' id='line_1_64' title="bbox 1234 3619 2248 3690; baseline 0.004 -19"><span class='ocrx_word' id='word_1_451' title='bbox 1234 3619 1290 3671; x_wconf 88' lang='lat' dir='ltr'><strong>S.</strong></span> <span class='ocrx_word' id='word_1_452' title='bbox 1308 3620 1500 3671; x_wconf 83' lang='lat' dir='ltr'><strong>Liberio</strong></span> <span class='ocrx_word' id='word_1_453' title='bbox 1518 3619 1657 3690; x_wconf 81' lang='lat' dir='ltr'><strong>Papa</strong></span> <span class='ocrx_word' id='word_1_454' title='bbox 1674 3662 1686 3685; x_wconf 93' lang='lat'><strong>,</strong></span> <span class='ocrx_word' id='word_1_455' title='bbox 1717 3624 1861 3690; x_wconf 79' lang='lat' dir='ltr'><strong>Conf.</strong></span> <span class='ocrx_word' id='word_1_456' title='bbox 1891 3623 2055 3674; x_wconf 82' lang='lat' dir='ltr'><strong>Romae</strong></span> <span class='ocrx_word' id='word_1_457' title='bbox 2070 3662 2087 3688; x_wconf 87' lang='lat'>‚</span> <span class='ocrx_word' id='word_1_458' title='bbox 2122 3643 2248 3675; x_wconf 88' lang='lat' dir='ltr'><strong>com-</strong></span> 
     </span>
     <span class='ocr_line' id='line_1_65' title="bbox 1231 3706 2240 3778; baseline 0.009 -27"><span class='ocrx_word' id='word_1_459' title='bbox 1231 3706 1500 3754; x_wconf 74' lang='lat' dir='ltr'><strong>mentarius</strong></span> <span class='ocrx_word' id='word_1_460' title='bbox 1516 3707 1974 3770; x_wconf 71' lang='lat' dir='ltr'><strong>critico-historicus,</strong></span> <span class='ocrx_word' id='word_1_461' title='bbox 1991 3727 2016 3759; x_wconf 83' lang='lat' dir='ltr'><strong>a</strong></span> <span class='ocrx_word' id='word_1_462' title='bbox 2033 3707 2240 3778; x_wconf 80' lang='lat' dir='ltr'><strong>pag.572</strong></span> 
     </span>
    </p>
   </div>
  </div>
 </body>
</html>
