2514 4218
502 198 660 235 mar.
705 194 746 232 1.
797 192 920 232 cn.
967 191 1046 230 ιν.
1091 191 1159 228 nn
1201 188 1477 230 ucetnsm:
1517 188 1775 229 nonem.
2081 164 2203 227 269

174 341 313 402 409.
363 341 506 401 Inst.
553 337 771 398 Saltem
808 335 1080 398 Zosimus
1114 336 1282 395 Rom.
1315 334 1581 393 Pontifex
1623 331 1898 414 probavit
1932 329 2203 394 libellum

93 438 201 497 sibi
223 460 254 496 a
281 434 549 498 Coelestio
576 433 838 492 oblatum
857 478 873 507 .
901 443 1182 512 tanquam
1206 430 1554 490 catholicum
1572 474 1589 506 ,
1627 449 1761 488 cum
1799 439 1999 489 tamen
2022 429 2206 510 pluri·

92 533 201 592 bus
236 529 526 593 erroribus
556 529 803 589 refertus
827 538 994 588 esset.
1029 527 1195 604 ErgO.

171 627 312 685 410.
361 628 534 706 Resp.
573 627 725 684 Dz'st.
761 645 892 683 cum
916 624 972 682 S.
999 621 1318 700 Augustino
1341 665 1358 694 ‚
1376 663 1379 667 ν
1397 619 1640 702 probata
1676 630 1764 678 est
1789 641 1821 678 a
1851 619 2080 679 Zosimo
2101 642 2204 681 vo‘·

90 723 284 784 luntas
321 720 747 781 emendationis
769 764 787 794 .,
821 737 1023 786 conc.,·
1054 715 1274 774 falsitas
1305 715 1626 794 dogmatis,
1664 738 1795 797 neq.
1826 718 1974 776 Cum
2009 715 2202 789 enim,

90 817 297 877 eodem
333 817 624 876 referente
652 814 968 894 Augustino
984 809 1334 885 ,.·Caelestius
1368 810 1660 892 ,professus
1692 822 1973 886 esset‚‘-se
2004 811 2067 869 in
2094 809 2206 871 hoe

87 912 286 975 libello
315 933 380 971 ea
403 912 680 993 posuisse,
705 906 1016 990 dequibus
1036 904 1227 965 adhuc
1255 903 1588 982 dubitaret,
1606 916 1665 965 et
1696 904 1768 966 de
1793 905 2003 989 quibus
2027 904 2208 967 vellet

90 1028 123 1066 a
157 1008 438 1067 Pontifice
480 1006 725 1077 instruit,
751 1025 897 1085 scum
942 1012 1219 1082 praeterea
1268 1000 1402 1059 viva
1438 1022 1577 1060 voce
1613 999 1918 1078 adjecisset
1949 1006 2020 1061 :sse
2061 1022 2207 1061 con—

89 1102 306 1161 sentire
344 1102 450 1175 iis,
492 1121 624 1181 quae
663 1097 736 1157 ab
781 1096 1125 1158 Innocentio
1167 1097 1229 1154 in
1281 1097 1600 1178 quaestione
1638 1095 1940 1178 pelagiana
1990 1095 2205 1178 scripta

91 1196 324 1255 fuerant
343 1241 359 1270 ‚
393 1196 522 1255 ideo
548 1197 714 1253 Rom.
741 1191 1010 1251 Pontifex
1045 1190 1313 1251 libellum
1344 1191 1590 1251 Caelestii
1624 1191 1979 1252 catholicum
2018 1191 2203 1267 dixit,

90 1291 223 1371 quia
246 1302 301 1348 et
323 1292 428 1350 hoc
454 1289 754 1348 catholicoe
781 1290 1000 1346 mentis
1021 1297 1131 1359 est,
1177 1297 1244 1344 ut
1268 1285 1425 1346 idem
1450 1287 1710 1368 loquitur
1735 1289 1794 1346 S.
1818 1287 2169 1368 Augustinus
2184 1331 2204 1363 ,

89 1390 148 1445 si
176 1407 296 1464 qua
319 1388 474 1464 forte
504 1383 683 1441 aliter
717 1386 926 1461 sapit,⁴
955 1403 1143 1462 quam
1178 1385 1401 1441 veritas
1437 1386 1688 1462 exiqit...
1739 1383 1958 1441 detecta
1993 1402 2067 1442 ao
2101 1382 2205 1441 de-

90 1490 419 1543 monstrata
449 1499 723 1557 respuere
746 1479 858 1557 (l).

903 1672 1288 1727 ARTICULUS
1328 1674 1425 1726 III.

740 1864 826 1919 De
860 1860 1215 1918 auctoritate
1248 1857 1550 1917 Ecclesiae.

170 2075 315 2135 411.
354 2075 469 2135 'Hic
494 2081 1107 2137 >auctoritatis-vocem
1134 2095 1483 2156 usurpamus
1504 2073 1571 2133 in
1604 2072 1807 2135 ordine
1838 2073 1914 2134 ad
1947 2075 2207 2156 regimen

91 2167 574 2246 ecclesiasticum,
624 2175 791 2248 juxta
843 2191 908 2230 ea
946 2191 1076 2251 quae
1125 2169 1295 2248 hujus
1320 2157 1534 2252 'capitis
1572 2170 1741 2229 initio
1792 2171 2198 2252 praemisimus·

90 2264 415 2323 Auctoritas
455 2265 704 2346 proinde
733 2265 812 2324 sic
846 2276 1079 2344 accepta
1114 2286 1223 2345 pro
1258 2263 1485 2341 obJecto
1517 2263 1696 2323 habet
1730 2277 2082 2345 potestatem
2109 2269 2209 2327 Ec-

89 2356 270 2417 clesiae
308 2361 700 2439 leyislativam
737 2369 796 2418 et
820 2364 1168 2417 coactivam.
1204 2359 1463 2417 Potestas
1493 2356 1812 2437 legislativa
1835 2370 1923 2418 est
1949 2371 2207 2441 potestas

89 2452 316 2511 ferendi
340 2453 494 2533 leges
523 2453 672 2530 illas,
691 2474 818 2536 quae
840 2453 947 2513 Dei
969 2452 1257 2535 populum
1280 2473 1380 2512 seu
1397 2451 1597 2511 fideles
1619 2464 1829 2533 regunt
1855 2459 1922 2514 ac
1948 2454 2208 2535 dirigunt

88 2546 264 2606 iniis
319 2546 630 2623 omnibus,
680 2569 806 2631 quae
860 2547 935 2607 ad
980 2548 1325 2608 exteriorem
1369 2546 1738 2630 disciplinam
1799 2571 1899 2609 seu
1943 2548 2206 2632 politiam

86 2768 359 2834 opponendo
397 2769 467 2834 912·
495 2769 798 2829 eutichiani,
841 2786 866 2818 e
889 2768 960 2834 911·
986 2767 1103 2816 altri
1183 2784 1215 2817 a
1250 2764 1488 2817 Costanzo
1520 2783 1710 2816 vescovo
1735 2768 1790 2815 di
1826 2768 2022 2817 ,Milone
2042 2803 2058 2829 ,
2093 2770 2208 2818 dove

87 2850 386 2899 condemnati
415 2851 497 2899 nel
543 2851 854 2900 Calcedonese
876 2888 890 2910 ‚
935 2850 1019 2898 che
1054 2850 1102 2899 la
1187 2854 1374 2898 asserva
1393 2848 1504 2915 (cio
1528 2849 1613 2897 che
1634 2850 1891 2915 dicemmo)
1909 2850 1956 2899 Ia
1979 2851 2208 2903 diversit&

89 2930 245 2984 chiesa
261 2949 464 2980 romana
491 2935 623 2982 erasi
645 2935 838 2981 ritirata
855 2932 918 2980 da
945 2940 1103 2997 questo
1184 2930 1435 2980 consistere
1462 2948 1562 2980 non
1587 2933 1774 2980 intorno
1813 2932 1860 2979 a'
1895 2932 2058 2998 doymi
2072 2969 2089 2995 ‚
2124 2951 2208 2983 ma

89 3017 177 3060 con
210 3030 474 3080 approvare
506 3014 548 3063 il
575 3012 1105 3079 Constantinopolitano
1186 3015 1380 3061 intorno
1395 3012 1488 3063 alle
1501 3029 1699 3079 persone
1724 3051 1736 3073 ‚
1769 3012 1887 3063 delle
1912 3014 2046 3079 quali
2068 3016 2106 3063 s’
2122 3033 2207 3065 era

89 3095 285 3145 secondo
301 3099 324 3159 ,ξ
339 3097 386 3145 id
406 3107 473 3146 est
489 3099 700 3163 quintam
729 3096 1008 3163 synodum).
1030 3095 1108 3143 Or
1185 3102 1376 3144 trattato
1400 3095 1479 3144 nel
1508 3094 1724 3145 Concilio
1747 3094 2057 3146 Calcedonese
2086 3098 2207 3165 dopo

92 3172 149 3221 S.
179 3173 408 3240 Greqorio
452 3184 511 3227 in
545 3179 643 3245 piz'c
671 3179 838 3244 luoqhi
867 3194 928 3226 va
953 3177 1103 3227 dissi·
1186 3194 1324 3225 avere
1367 3180 1683 3227 interamente
1735 3176 1950 3226 stabilita
2004 3179 2052 3228 Ia
2098 3181 2203 3229 dot-

89 3254 250 3318 pondo
274 3270 437 3321 questa
463 3270 724 3327 apparente
750 3264 1060 3328 ripuqnanza
1082 3296 1097 3318 ‚
1185 3261 1320 3308 trina
1333 3276 1355 3321 ,·
1375 3261 1495 3308 ende
1517 3276 1615 3308 non
1641 3276 1723 3307 era
1739 3259 1888 3324 quello
1912 3278 1983 3309 un
2010 3264 2205 3312 arcioolo

98 3351 122 3382 e
148 3334 468 3390 dimostrando
481 3342 564 3391 che
577 3353 758 3408 quanto
773 3342 869 3391 alla
890 3342 1123 3390 doctrina·
1185 3340 1241 3389 di
1259 3341 1398 3404 sede,
1427 3359 1452 3390 e
1477 3341 1560 3389 che
1583 3350 1912 3406 appartenesse
1931 3343 2030 3394 alla
2050 3345 2202 3409 infal-

96 3418 439 3469 occordaoansi
457 3425 559 3487 μα’
590 3426 684 3474 due
711 3424 924 3474 concilii
948 3426 1005 3473 in
1034 3426 1105 3472 ri·
1186 3422 1362 3472 libila&
1387 3422 1512 3471 della
1535 3422 1713 3471 chiesa.
1742 3423 1919 3474 Videsis
1946 3426 2084 3491 hujus
2114 3426 2203 3479 loci

89 3500 245 3562 fintar
260 3498 440 3551 l'eresie
466 3504 537 3552 ἅθ’
553 3513 621 3554 tre
650 3508 892 3557 nominati
917 3507 1103 3572 (Theo-
1187 3508 1439 3554 versionem
1462 3507 1648 3553 latinam
1667 3504 1724 3552 ad
1748 3506 1918 3555 calcem
1935 3508 2201 3557 volumini&

4 3619 8 3621 ,
96 3580 198 3628 dori
223 3619 236 3639 ,
262 3581 545 3633 Theodoreti
575 3596 622 3634 et
649 3587 748 3637 11>ae
762 3590 798 3653 )
833 3588 878 3637 E
905 3591 984 3638 cio
1007 3605 1105 3636 me·
1251 3589 1319 3658 (1)
1355 3588 1493 3637 Cone.
1535 3588 1659 3636 duas
1689 3587 1876 3654 epistol.
1911 3587 2204 3654 Pelagiano-

90 3661 186 3726 ylio
201 3662 284 3712 che
299 3663 475 3714 altrove
498 3664 719 3715 dichiara
743 3669 837 3732 eqli
853 3669 1100 3719 scrivendo
1182 3685 1310 3732 runs,
1338 3670 1424 3719 lib.
1464 3682 1530 3731 ιι,
1567 3686 1672 3735 cap.
1711 3667 1745 3734 4
1760 3705 1776 3732 ,
1797 3687 1849 3719 n.
1881 3664 1932 3718 5.
