2514 4218
308 219 466 259 mar.
514 221 555 256 1.
605 219 754 258 snc‘r.
804 221 872 258 11.
917 220 1037 258 cn.
1081 219 1168 258 111.
1199 220 1266 256 mi
1316 220 1445 256 NAT.
1494 218 1561 258 Εἰ·
1604 219 1729 257 sun.
1766 221 1923 260 ram.
2053 199 2168 258 441

157 362 292 421 634.
323 362 411 421 Ad
433 361 539 432 3¹²¹.
566 363 720 421 Dist.
753 362 860 421 Ubi
890 362 1007 421 duo
1031 362 1127 424 vel
1151 373 1268 421 tres
1293 363 1510 420 fuerint
1529 364 1856 442 congregati
1883 366 2138 444 leqitime
2154 408 2170 438 ,

73 457 135 515 id
155 469 275 531 est,
303 477 433 514 cum
464 478 568 515 suo
597 459 783 538 capite
802 502 817 530 s
847 478 1044 524 conc.,·
1078 456 1375 537 illegitime
1411 468 1470 515 et
1494 457 1770 518 adversus
1800 469 1974 539 caput
1997 504 2013 532 .,
2049 480 2175 538 neq.

73 551 343 630 Alioquin
378 550 637 609 Christus
670 552 733 609 in
774 552 967 611 medio
1001 552 1200 610 fuisset
1234 550 1599 610 conciliabuli
1630 551 1902 632 Ephesini
1933 554 2017 626 ΙΙ,
2049 553 2178 612 Ari·

76 646 355 704 minensis
384 689 400 717 ,
444 645 1068 728 Constantinopolitani
1107 667 1138 702 a
1179 645 1385 704 Photio
1427 645 1704 721 adunati,
1746 657 1854 705 etc.
1900 645 2135 706 Accedit
2160 691 2176 720 2

73 740 136 796 in
183 739 645 798 adversariorum
681 740 1162 821 interpretatione
1193 761 1312 797 non
1349 739 1538 798 solum
1567 740 1819 800 Concilia
1853 739 2140 820 generalia
2160 785 2176 814 ,

76 855 282 892 verum
323 836 494 893 etiam
540 835 917 915 provincialia
948 834 1381 915 supereminere
1411 836 1668 894 Pontifici
1688 857 1950 895 romano,
2037 840 2049 852 ‘

160 929 296 988 635.
342 929 431 989 Ad
458 929 563 1001 31⁰,
599 932 760 989 Dist.
793 932 1080 989 Praesente
1114 931 1286 988 Petro
1313 973 1330 1004 ‚
1369 930 1631 1011 adeoque
1669 952 1815 990 rom.
1870 931 2178 1004 pontifice,

78 1045 274 1091 conc.‚·
300 1027 477 1088 ⁴Petro
517 1024 785 1098 absente,
821 1024 939 1082 imo
968 1044 1106 1084 vero
1135 1022 1487 1100 obsistente,
1514 1046 1643 1104 neq.
1676 1026 1993 1107 Responsio
2022 1033 2185 1107 patet

78 1141 150 1177 ex
186 1117 370 1177 dictis.

164 1213 297 1272 636.
346 1213 476 1293 Obj.
527 1213 810 1274 secunda-
834 1213 1046 1295 Opinio
1080 1214 1153 1274 de
1191 1214 1631 1296 praeeminentia
1678 1215 1971 1274 Pontificis
2013 1235 2187 1296 supra

83 1308 404 1367 Concilium
444 1308 783 1367 adversatur
818 1309 925 1366 toti
963 1308 1313 1389 antiquitati.
1351 1310 1414 1366 10
1450 1312 1831 1389 Compertum
1867 1312 2030 1371 enim
2063 1321 2183 1381 est,

80 1403 322 1461 Asianos
362 1402 898 1484 quartodecimanos
962 1403 1240 1462 restitisse
1294 1403 1544 1462 Victoris
1585 1404 1852 1477 decret03
1911 1404 2189 1464 restitisse

82 1497 223 1555 item
263 1499 318 1556 S.
363 1498 715 1580 Cyprianum
750 1519 884 1557 cum
914 1496 1205 1579 Episcopis
1246 1499 1467 1557 Asianis
1505 1510 1564 1557 et
1589 1498 1864 1557 Africanis
1885 1544 1900 1573 ,
1929 1500 2029 1580 qui
2052 1497 2191 1556 alio-

83 1593 226 1672 quin
263 1593 573 1651 cessissent·
597 1594 935 1652 oecumenici
963 1593 1201 1652 Concilii
1223 1592 1473 1652 decreto,
1511 1593 1674 1652 Idem
1700 1592 1925 1652 dicatur
1963 1603 2193 1674 oportet

83 1687 156 1745 de
195 1687 366 1766 gestis
393 1687 452 1744 in
495 1709 662 1746 causa
693 1687 1128 1746 Donatistarum
1152 1732 1168 1760 ‚
1205 1688 1304 1768 qui
1350 1687 1577 1747 defectu
1607 1686 1855 1769 plenarii
1899 1686 2142 1746 Concilii
2174 1731 2191 1761 ,

83 1791 150 1838 ut
180 1783 389 1861 passim
434 1792 679 1842 testatur
715 1785 768 1841 S.
813 1783 1162 1862 Augustinus
1193 1783 1325 1863 (l),
1367 1782 1443 1842 ad
1468 1782 1755 1841 unitatem
1792 1782 2050 1843 revocari
2074 1804 2195 1841 non

83 1886 402 1954 potuerunt
431 1921 446 1949 ,
497 1878 761 1958 quamvis
799 1877 966 1958 plura
1016 1877 1135 1936 lata
1174 1889 1367 1937 essent
1417 1899 1450 1935 a
1488 1899 1639 1937 rom.
1678 1876 2048 1936 Pontificibus
2091 1866 2196 1936 de-

86 1981 274 2044 creta3
313 1993 420 2030 nec
449 1993 570 2030 non
599 1972 672 2031 de
702 1973 873 2051 gestis
895 1973 957 2030 in
979 1993 1145 2032 causa
1183 1973 1399 2053 Apiarii
1434 1975 1680 2031 Romam
1716 1994 1744 2030 a
1783 1973 2073 2031 sententia
2101 1993 2198 2051 sy-

85 2065 226 2123 nodi
266 2067 632 2147 provincialis
677 2067 1024 2148 appellantis
1057 2111 1073 2140 ,
1125 2062 1332 2127 eodeni
1397 2068 1455 2125 S.
1516 2067 1839 2146 Augustino
1890 2077 2034 2125 teste
2083 2065 2192 2147 (2).

82 2161 150 2218 20
183 2160 440 2240 ldipsum
479 2162 694 2221 evincit
733 2161 1040 2220 celebratio
1087 2162 1475 2221 Conciliorum
1512 2161 1872 2241 generalium
1907 2161 1983 2220 ad
2021 2160 2199 2221 haere-

84 2257 193 2313 sim
236 2256 712 2336 compescendam
761 2257 1044 2331 Nestorii,
1078 2257 1407 2336 Eutychetis
1436 2302 1452 2331 ‚
1501 2257 2053 2331 Monothelitarum7
2101 2258 2201 2337 qui

83 2351 219 2410 licet
257 2351 519 2410 damnati
542 2356 663 2428 jam
693 2351 935 2411 fuissent
967 2373 998 2409 a
1029 2373 1177 2410 rom.
1206 2350 1615 2424 Pontificibus,
1650 2353 1865 2411 iterum
1887 2373 1919 2409 a
1946 2350 2202 2409 Concilio

84 2447 440 2506 oecumenico
496 2446 677 2505 veluti
729 2467 1002 2526 supremo
1062 2445 1341 2504 tribunali
1400 2445 1729 2505 debuerunt
1783 2445 2052 2504 damnari
2078 2489 2094 2518 .‚
2139 2453 2204 2502 ut

85 2563 252 2599 causa
294 2543 459 2601 finita
492 2542 602 2609 dici
651 2554 870 2622 posset..
906 2540 972 2599 30
1005 2543 1193 2614 Quare
1225 2542 1282 2600 S.
1319 2542 1625 2619 Gregorius
1663 2543 1742 2600 M.
1783 2541 1931 2599 mire
1976 2537 2205 2599 extollit
2241 2538 2242 2541 ’

88 2637 475 2695 Conciliorum
499 2638 988 2696 oecumenicorum
1019 2637 1419 2696 auctoritatem
1449 2635 1561 2715 (3).
1589 2636 1656 2696 40
1674 2634 2043 2695 Innocentius
2064 2654 2204 2693 vero

91 2734 167 2790 Ill
201 2743 401 2813 aperte
428 2732 711 2813 professus
737 2744 823 2791 est
840 2776 857 2806 ,
890 2732 1216 2791 Concilium
1237 2731 1502 2810 generale
1536 2730 1645 2789 sibi
1671 2731 2048 2813 praeeminere
2065 2772 2082 2801 ,
2110 2749 2206 2788 se-

89 2847 202 2907 que
251 2825 322 2883 ab
371 2847 438 2884 eo
478 2826 723 2885 coerceri
758 2816 931 2886 etiarn
969 2848 1171 2907 posse3
1218 2828 1296 2885 sic
1332 2828 1489 2886 enim
1549 2827 1704 2886 inter
1740 2824 1850 2884 alia
1895 2821 2096 2882 scribit
2133 2820 2207 2880 ad

92 2922 428 3004 Philippum
469 2927 789 3001 Augustum
839 2923 1159 2982 Galliarum
1186 2944 1384 3003 regem
1426 2945 1439 2980 z
1496 2926 1722 2982 Verum
1768 2925 1827 2980 si
1857 2941 2041 2999 super
2064 2919 2206 2991 hoc,

94 3097 273 3146 axioma
304 3115 316 3146 :
347 3095 518 3147 Prima
547 3097 690 3148 Sedes
708 3116 738 3147 a
765 3101 954 3147 nemine
966 3099 1111 3165 Judi-
1192 3100 1257 3150 al.
1276 3117 1411 3149 ctxu.
1428 3098 1493 3148 ad
1512 3097 1767 3159 Gloriam,
1794 3083 2053 3146 Eleuoium
2071 3129 2088 3156 ‚
2117 3105 2207 3145 etc.

95 3188 254 3238 catur,
285 3182 342 3230 de
371 3201 463 3249 quo
494 3184 701 3249 loquitur
726 3184 798 3231 vel
827 3186 923 3247 ipse
946 3183 1111 3231 Maim-
1192 3202 1290 3249 cap.
1324 3173 1349 3248 7
1377 3221 1389 3243 ,
1423 3202 1475 3233 n.
1522 3199 1597 3248 ¹9·

97 3262 266 3325 bowg,
286 3265 649 3327 inop.Histoire
662 3265 726 3312 du
739 3263 1110 3329 qrandscltisme
1261 3264 1326 3328 (2)
1342 3258 1349 3265 ’
1367 3265 1418 3311 ln
1469 3263 1633 3328 Epist.
1658 3261 1868 3310 Concilii
1891 3261 2123 3326 Africam
2148 3256 2213 3305 ad

97 3341 383 3396 d'Occidenc
399 3379 412 3401 ‚
430 3343 555 3392 Paris
575 3343 699 3394 1680
716 3383 728 3405 .,
746 3355 862 3394 tom.
880 3361 913 3392 ιι
927 3383 939 3405 ,
955 3345 1039 3393 liv.
1055 3343 1106 3404 5,
1191 3346 1387 3411 Papam
1427 3344 1737 3393 Coelestinum
1756 3379 1771 3403 ,
1813 3344 1937 3408 apud
1971 3340 2208 3392 Harduin.

99 3441 203 3487 pag.
225 3423 446 3472 305.Csr.
469 3442 570 3491 quae
590 3428 727 3491 paulo
750 3439 853 3476 ante
869 3428 1108 3476 retulimus
1193 3426 1317 3475 Acta
1353 3427 1499 3475 Cone.
1531 3437 1642 3474 tom.
1674 3444 1689 3472 1
1709 3463 1721 3486 ‚
1759 3426 1849 3475 col.
1879 3423 1977 3492 947
2008 3433 2053 3472 et
2080 3437 2210 3485 seqq.

100 3523 151 3553 ex
185 3505 333 3553 Cone.
362 3508 561 3568 generali
594 3525 689 3557 vm.
1266 3507 1334 3572 (3)
1368 3508 1473 3556 Lib.
1506 3526 1546 3566 1,
1570 3505 1729 3574 Epist.
1763 3524 1882 3568 xxv,
1919 3506 2031 3554 edit.
2058 3502 2209 3551 Maur.

170 3587 235 3649 (1)
275 3584 606 3653 DeBapticmo
620 3599 772 3647 coner.
786 3587 963 3642 Donat.
978 3593 1110 3648 lib.1,
1197 3591 1306 3639 alias
1337 3605 1478 3651 xxiv,
1510 3590 1598 3638 col.
1634 3586 1750 3638 515.

100 3684 192 3736 cap.
215 3685 263 3733 7,
287 3678 331 3716 et
349 3669 433 3717 lib.
452 3685 502 3726 n,
521 3687 621 3735 cap.
637 3686 688 3735 9,
711 3683 798 3721 etc.
817 3672 980 3738 Epist.
997 3691 1114 3722 xtm.
