2514 4218
271 165 396 225 242

870 177 1065 216 macr.
1113 162 1180 212 ns
1226 176 1378 213 roms
1421 176 1802 215 THEOLOGICIS.

358 326 495 387 365.
542 322 631 384 Ad
673 322 793 397 lim,
840 321 991 399 Neq.
1031 319 1184 376 Nam
1230 315 1586 398 principium
1626 317 2059 379 infallibilitatis
2094 337 2203 377 nec
2235 318 2403 378 fana-

277 426 518 484 tismum
565 420 767 492 fovet,
814 435 1007 495 neque
1059 411 1537 484 intolerantiam,
1580 424 1756 493 prout
1800 414 1895 474 hic
1937 412 2009 473 ab
2058 412 2402 474 adversariis

275 518 574 602 accipitur.
614 517 691 575 Ac
731 513 925 595 primo
956 521 1079 567 non
1117 508 1277 569 fovet
1316 506 1731 585 fanatismum3
1775 506 2033 592 alioquin
2069 509 2399 591 Scriptura,

274 635 402 697 quae
424 619 594 693 juxta
619 606 979 669 adversarios
1010 606 1168 686 ipsos
1198 616 1287 665 est
1322 600 1645 662 infallibilis
1669 647 1687 678 ,
1724 602 1949 664 foveret
1985 605 2402 677 fanatismumt,

271 712 555 772 fovissent
599 702 806 762 itidem
855 699 1235 761 fanatismum
1278 699 1549 760 Christus
1597 709 1657 757 et
1703 696 2004 781 Apostoli,
2052 710 2258 783 utpote
2304 700 2406 758 in-

274 803 624 867 fallibilitate
676 798 947 881 praediti,
1018 797 1080 856 in
1124 795 1391 857 doctrina
1441 793 1774 875 evangelica
1830 791 2137 855 tradenda.
2203 798 2406 879 Itaque

270 1036 447 1088 cabiles
478 1036 827 1086 transactiones
853 1031 1146 1081 dirimendis
1167 1066 1182 1094 ,
1218 1030 1306 1079 ad-

272 1137 438 1170 versus
487 1118 812 1167 Boehmerum
833 1154 846 1177 ,
880 1118 1002 1164 inter
1054 1112 1304 1180 opuscula

272 1203 338 1252 ad
358 1201 714 1251 hierarchicam
734 1198 786 1247 E
786 1197 971 1247 cclesioe
996 1198 1301 1246 constitutio-

272 1302 385 1333 nem
429 1285 733 1351 spectantia,
772 1281 951 1330 Parmae
997 1277 1127 1348 1789
1152 1317 1166 1340 ,
1208 1279 1301 1329 vol.

273 1370 406 1417 unic.
433 1369 484 1415 in
504 1364 555 1430 4.
589 1364 845 1414 Contendit
864 1366 991 1414 enim
1014 1363 1299 1412 Boehmerus

273 1451 363 1500 loc.
386 1453 463 1499 cit.
484 1448 662 1497 Fidem
677 1484 690 1508 ,
710 1458 761 1496 ut
779 1457 935 1506 vocat,
952 1445 1297 1511 forn-talariam

274 1552 427 1600 neque
455 1532 516 1582 ab
547 1531 777 1599 Apostolis
805 1531 1024 1579 adscitam
1054 1546 1152 1578 esse
1174 1565 1186 1588 ,
1216 1515 1300 1576 ne·

273 1635 366 1684 que
400 1617 548 1665 tribus
594 1616 826 1682 prioribus
855 1615 1070 1663 Ecclesiae
1101 1612 1299 1672 seculis,

274 1700 353 1748 sed
384 1702 590 1765 primum
626 1701 677 1747 in
702 1697 851 1746 Conc.
881 1696 1087 1745 Nicaeno.
1126 1695 1304 1744 Verum

274 1792 437 1847 praeter
471 1781 737 1846 symbolum
766 1781 1067 1845 apostolicum
1119 1794 1302 1826 nuncu-

273 1873 471 1928 patum,
522 1863 649 1929 quod
697 1873 818 1911 certe
861 1862 938 1910 vel
972 1861 1031 1909 ab
1074 1860 1302 1924 Apostolis

274 1955 344 1994 est
375 1946 448 1994 vel
481 1945 539 1994 ab
567 1945 785 1994 Ecclesiis
819 1945 1079 2009 apostolicis
1097 1980 1112 2002 ‚
1133 1947 1183 1991 in
1207 1959 1301 2009 quo

274 2030 385 2078 fidei
424 2030 625 2077 formula
657 2031 922 2077 continetur
948 2064 962 2087 ,
1008 2028 1301 2092 exploratum

274 2123 342 2162 est
365 2113 524 2178 plures
553 2113 664 2161 fidei
693 2113 995 2178 professiones
1037 2112 1172 2175 longe
1195 2119 1303 2159 ante

274 2194 539 2244 Concilium
567 2194 807 2243 Nicaenum
840 2197 892 2243 in
930 2193 1134 2242 Ecclesia
1177 2192 1303 2241 obti-

275 2279 450 2326 nuisse.
486 2277 616 2326 Fidei
646 2277 899 2324 formulam
932 2276 1152 2325 exhibent
1177 2273 1303 2322 Con-

272 2362 532 2408 stitutiones
574 2359 709 2407 dictae
759 2357 1074 2424 apostolicoe3
1116 2357 1306 2406 exhibet

275 2440 324 2490 S.
351 2439 603 2505 Gregorius
638 2440 1011 2507 Thaumaturgus
1033 2478 1046 2501 ,
1077 2450 1129 2487 ut
1152 2440 1305 2505 plures

276 2526 388 2573 alias
415 2528 666 2588 omittam3
699 2525 758 2572 de
789 2542 886 2590 quo
926 2533 1200 2589 argumento
1216 2523 1305 2587 legi

276 2609 470 2656 omnino
503 2607 641 2655 debet
668 2608 806 2655 docta
825 2607 947 2655 Petri
973 2606 1134 2655 Lazeri
1159 2644 1171 2666 ,
1193 2605 1302 2654 Soc.

275 2689 385 2738 Jesu
404 2727 417 2751 ‚
471 2689 546 2737 De
579 2690 796 2753 antiquis
819 2686 1049 2752 sbrnmlis
1069 2682 1192 2751 fidei
1226 2704 1307 2734 ea-

279 2789 481 2837 rumque
499 2787 592 2819 usu
614 2771 907 2819 exercitatio.
927 2770 1061 2819 Certe
1092 2770 1148 2817 ad
1169 2785 1304 2835 sym-

276 2858 439 2905 bolum
471 2857 579 2905 fidei
610 2865 846 2920 receptum
883 2856 934 2901 in
979 2857 1188 2902 universa
1217 2853 1305 2901 Ec-

281 2938 421 2987 clesia
436 2942 534 3005 jam
552 2936 1168 3004 provocabatTertullianus,
1187 2937 1305 2985 illud

280 3021 525 3084 Reqalam
550 3021 786 3087 appellans
809 3057 822 3080 ,
843 3030 893 3068 ut
917 3037 1000 3068 suo
1026 3019 1126 3067 loco
1152 3031 1305 3068 osten-

278 3103 453 3156 dimus,
485 3105 659 3154 Verum
690 3104 817 3171 quod
838 3106 980 3169 magis
1002 3106 1224 3167 interest,
1247 3104 1306 3152 il-

281 3185 364 3234 lud
393 3197 457 3235 est
482 3223 497 3248 ‚
519 3189 645 3253 quod
667 3188 970 3247 Boehmerus,
1004 3186 1119 3234 dum
1147 3191 1305 3253 etipse

280 3270 485 3331 fatetur,
521 3270 790 3320 amicabiles
832 3272 1160 3339 transactiones
1200 3271 1306 3318 nul-

280 3350 382 3399 lum
415 3369 627 3416 unquam
646 3353 827 3402 felicem
855 3354 1036 3401 exitum
1064 3351 1299 3413 habuisse,

284 3451 454 3500 easque
489 3444 540 3481 ut
588 3436 768 3499 ineptas
826 3452 1013 3500 prorsus
1055 3435 1256 3483 traducit
1290 3473 1303 3496 ‚

279 3517 524 3567 transferat
554 3519 606 3565 in
646 3516 954 3583 Imperatores
982 3535 1038 3567 ac
1077 3521 1308 3585 principes

275 3605 351 3667 jus
367 3599 735 3666 approbationis
748 3600 979 3665 publices,
1009 3617 1113 3668 quae
1134 3601 1215 3649 fiat
1231 3620 1311 3666 per

279 3683 599 3748 consessiones
618 3681 741 3748 fidei
763 3692 808 3731 et
831 3684 1075 3747 symbola,
1098 3686 1180 3732 etsi
1203 3701 1312 3731 con-

1388 1031 1537 1090 cedat,
1555 1033 1820 1096 contingere
1831 1049 1980 1097 posse,
1999 1041 2051 1079 ut
2069 1031 2144 1079 hae
2156 1029 2279 1094 fidei
2294 1046 2410 1078 con-

1378 1112 1613 1177 sessiones
1628 1122 1674 1162 et
1698 1111 1799 1161 hoec
1828 1111 2063 1178 symbola,
2094 1111 2155 1162 ab
2184 1110 2412 1178 Impera-

1385 1194 1565 1243 toribus
1596 1195 1833 1261 probata,
1883 1213 1909 1243 a
1945 1211 2053 1244 vera
2079 1195 2172 1244 fide
2213 1204 2258 1243 et
2288 1205 2409 1243 recto

1384 1277 1631 1345 Scripturae
1646 1295 1784 1328 sacrae
1800 1281 1983 1328 tramite
1998 1281 2090 1327 sint
2118 1278 2286 1328 aliena.
2309 1279 2408 1328 Cfr.

1386 1359 1479 1410 Tit.
1511 1363 1588 1411 cit.
1623 1360 1650 1428 §
1683 1364 1740 1412 31
1783 1373 1827 1411 et
1864 1378 1993 1428 seqq.
2032 1361 2103 1410 Ex
2147 1362 2219 1409 his
2252 1353 2409 1426 patet,

1382 1444 1527 1511 quod,
1544 1443 1720 1510 abjecto
1738 1443 1977 1493 infallibili
2005 1443 2223 1493 Ecclesiae
2245 1445 2412 1508 magis-

1384 1529 1496 1576 terio
1522 1564 1536 1588 ‚
1570 1529 1645 1576 via
1684 1529 1836 1577 omnis
1877 1527 2094 1593 adempta
2127 1528 2267 1576 fuerit
2299 1525 2412 1574 Pro-

1384 1610 1662 1665 testantibus
1689 1613 2020 1660 controversias
2053 1615 2174 1660 circa
2199 1611 2308 1659 fidei
2325 1610 2412 1658 do-

1385 1705 1544 1760 gmata
1584 1703 1768 1743 exortas
1801 1694 2065 1743 dirimendi.
2097 1693 2255 1759 Quum
2300 1709 2412 1741 vero

1388 1794 1514 1825 acres
1558 1776 1882 1843 diuturnaeque
1928 1778 2244 1824 contentiones
2290 1778 2414 1822 inter

1389 1859 1669 1925 pullulantes
1707 1859 1907 1907 diversas
1937 1869 2078 1907 sectas
2107 1858 2165 1906 de
2194 1858 2303 1906 fidei
2330 1875 2406 1906 re-

1389 1942 1669 2008 ligionisque
1712 1941 2047 1990 constituendae
2084 1944 2262 1990 ratione
2302 1959 2413 1989 con-

1389 2028 1521 2075 tinuo
1544 2028 1797 2075 exarserint
1813 2062 1827 2090 ‚
1858 2027 2095 2091 defatigati
2123 2025 2290 2073 frustra
2305 2035 2414 2074 sunt

1390 2128 1552 2159 corum
1583 2109 1726 2159 duces
1758 2126 1815 2158 ac
1857 2109 2096 2174 magistri,
2123 2125 2178 2156 eo
2206 2107 2334 2174 quod
2360 2108 2411 2156 fi-

1390 2215 1501 2246 nem
1545 2196 1734 2245 nullum
1772 2195 2015 2245 habituras
2054 2212 2129 2244 eas
2170 2193 2409 2256 viderent,

1392 2279 1557 2340 donec,
1583 2281 1712 2327 omni
1729 2296 1808 2344 spe
1831 2282 1925 2328 veri
1938 2279 2209 2327 inveniendi
2224 2280 2410 2339 amissa,

1393 2363 1539 2410 coacti
1578 2363 1787 2426 primum
1831 2372 1939 2410 sunt
1966 2361 2023 2410 de
2057 2361 2271 2410 simulata
2296 2378 2413 2426 qua-

1394 2444 1503 2493 dam
1527 2443 1760 2510 religionis
1781 2445 2031 2493 concordia
2050 2446 2413 2492 transactionum

1394 2544 1481 2592 ope
1507 2527 1797 2576 concilianda
1819 2530 2016 2592 cogitare
2039 2544 2054 2589 3
2084 2528 2217 2592 quasi
2244 2541 2416 2590 nempe

1394 2609 1550 2657 divina
1575 2611 1739 2658 veritas
1765 2627 1790 2658 a
1812 2609 1994 2657 Christo
2010 2608 2226 2657 Ecclesiae
2249 2608 2417 2656 tradita

1393 2708 1464 2739 res
1489 2690 1719 2757 ejusmodi
1742 2693 1832 2751 sit,
1854 2707 1960 2757 quae
1987 2690 2133 2739 dividi
2153 2725 2169 2748 ‚
2202 2689 2413 2748 distrahi,

1394 2783 1473 2820 aut
1514 2775 1565 2820 in
1610 2790 1959 2839 quamcumque
2002 2772 2194 2820 libuerit
2239 2781 2449 2837 partem,

1394 2856 1551 2916 flecti,
1596 2865 1674 2903 aut
1703 2858 1906 2921 torqueri
1939 2857 2100 2919 possit.
2146 2853 2268 2902 Cum
2307 2870 2415 2903 vero

1395 2954 1553 3004 neque
1579 2937 1807 3003 ejusmodi
1829 2939 2071 2985 transactio
2090 2936 2207 2984 ullos
2238 2935 2416 2984 fructus

1393 3019 1670 3085 protulerit,
1699 3018 1891 3067 demum
1911 3028 1961 3066 ut
1987 3018 2093 3064 finis
2121 3016 2287 3082 aliquis
2304 3034 2416 3065 con-

1394 3105 1626 3151 troversiis
1645 3111 1901 3166 utcumque
1924 3102 2272 3164 imponeretur,
2303 3117 2418 3148 con·

1394 3186 1615 3253 fugerunt
1645 3185 1704 3234 ad
1730 3185 2007 3233 sententiam
2029 3182 2303 3249 judicialem
2323 3182 2416 3231 Im-

1394 3274 1655 3336 perantium
1680 3308 1694 3331 ,
1735 3278 1785 3318 ut
1827 3268 1953 3316 civili
2005 3270 2276 3316 auctoritate
2311 3267 2416 3317 lites

1393 3354 1554 3403 saltem
1583 3355 1877 3419 sopirentur,
1911 3368 1965 3398 ac
1996 3350 2303 3417 tranquillitas
2333 3367 2417 3414 pu-

1395 3435 1517 3484 blica
1555 3453 1654 3484 non
1689 3433 1954 3482 turbaretur
1985 3471 1998 3493 ‚
2038 3433 2193 3481 relicta
2228 3434 2414 3481 interim

1395 3521 1650 3584 unicuique
1667 3517 1724 3566 de
1745 3517 1937 3583 singulis
1954 3516 2160 3565 articulis
2187 3515 2414 3565 sentiendi

1395 3600 1627 3650 libertate.
1651 3599 1779 3648 Nihil
1795 3611 1951 3649 tamen
1966 3599 2075 3648 inde
2090 3599 2412 3665 profecerunt,

1399 3686 1467 3732 uti
1484 3702 1538 3734 ex
1554 3683 1778 3732 hodierno
1793 3702 2029 3751 progressu
2045 3685 2232 3734 abunde
2247 3682 2413 3749 liquet.
