2514 4218
2089 228 2210 291 249

188 394 326 455 374.
373 395 543 474 Resp.
597 392 747 473 Neq.
799 405 926 452 ant.
966 392 1055 453 Ad
1095 394 1174 452 1m
1216 392 1388 475 prob.
1427 391 1575 474 Ney.
1623 389 1803 452 verba
1852 390 2068 452 Christi
2116 392 2212 454 hic

108 489 179 550 de
219 499 407 548 morte
440 489 710 569 usurpari
747 488 809 545 in
845 509 1018 547 sensu
1056 486 1556 561 adversariorum,
1597 507 1729 545 cum
1757 484 1892 545 huic
1921 487 2212 571 interpre-

107 583 315 642 tationi
336 603 536 641 sensus
558 581 943 641 traditionalis
963 581 1139 639 totius
1168 582 1528 662 antiquitatis
1557 591 1906 663 opponatur.
1937 583 2214 655 Quamvis

106 678 265 739 enim
296 678 501 737 demus
521 722 537 751 7
573 678 633 735 in
669 676 905 755 objectis
934 675 1072 734 locis
1111 696 1314 734 vocem
1341 676 1662 735 inferorum
1686 687 1787 734 aut
1821 666 2074 735 mortem
2103 668 2214 736 ‘aut‘

108 771 439 854 sepulcrum
465 773 780 852 significare
798 816 814 846 ‚
850 767 1005 852 quod
1030 790 1151 827 non
1181 767 1523 843 abnuimuS‚
1562 792 1868 852 perperam
1893 770 2102 831 exinde
2124 771 2218 830 in·

104 868 320 943 fertur,
349 868 412 925 in
435 866 637 926 eadem
662 865 1073 947 significatione
1102 863 1399 922 Christum
1417 910 1433 938 ‚
1461 865 1672 924 Matth.
1699 867 1832 926 XVI
1849 911 1865 940 ,
1897 887 2027 926 eam
2056 888 2217 927 usur-

105 983 272 1043 passe
293 1007 309 1037 .‚
339 972 406 1020 ut
429 972 627 1044 aperte
645 960 828 1043 liquet
850 980 919 1018 ex
944 956 1158 1017 Christi
1188 979 1361 1040 scopo
1393 970 1454 1018 et
1475 960 1628 1019 serie
1657 962 1953 1020 orationis·
1986 962 2217 1021 Etenim

109 1055 370 1115 Christus
405 1055 499 1114 hic
542 1055 670 1117 vult
715 1055 1001 1114 rationem
1036 1052 1281 1112 reddere
1328 1076 1506 1136 quare
1542 1056 1710 1115 firma
1754 1056 1945 1116 futura
1990 1057 2067 1116 sit
2104 1058 2220 1117 Ec-

107 1150 279 1210 clesia
308 1172 441 1227 sua,
477 1162 537 1209 et
559 1169 874 1231 exponere,
905 1147 1229 1225 cujusmodi
1266 1149 1340 1206 sit
1366 1150 1633 1225 firmitas,
1666 1171 1842 1231 quam
1866 1150 2059 1211 eidem
2083 1151 2222 1233 pol·-

106 1243 342 1319 licetur3
365 1267 539 1327 porro
562 1244 846 1304 rationem
874 1243 1165 1301 firmitatis
1195 1242 1355 1301 ducit
1384 1265 1414 1302 a
1445 1255 1645 1325 petra,
1673 1267 1847 1327 supra
1883 1267 2059 1328 quam
2088 1266 2220 1307 eam

110 1338 491 1399 aedificaturus
521 1340 624 1413 sitz,
650 1338 941 1396 firmitatis
972 1349 1170 1397 autem
1193 1349 1469 1396 naturam
1496 1340 1739 1418 exponit
1766 1340 1945 1400 talem
1967 1341 2109 1418 fore,
2126 1352 2219 1418 ut,

109 1435 333 1493 etiamsi
371 1432 610 1492 infernae
645 1454 847 1492 omnes
881 1442 1198 1515 potestates
1248 1433 1311 1491 in
1349 1455 1480 1493 eam
1511 1434 1885 1515 conspirent,
1914 1457 2222 1518 nunquam

108 1529 226 1588 sint
251 1528 521 1590 adversus
544 1528 809 1588 eamdem
838 1527 1251 1610 praevaliturae.
1286 1530 1655 1610 Quapropter
1683 1529 1778 1590 vel
1815 1530 1926 1612 ipsi
1959 1531 2223 1591 acerrimi

109 1623 366 1682 Ecclesiae
390 1622 682 1682 catholicae
712 1623 908 1682 hostes
933 1624 1084 1683 hane
1115 1623 1372 1706 probant
1397 1624 1970 1706 interpretationem.
2001 1627 2224 1684 Rosen-

110 1718 323 1779 miiller
359 1720 438 1778 sic
484 1730 718 1778 enarrat
763 1719 976 1778 Christi
1015 1719 1195 1781 verba
1243 1741 1259 1779 ε
1317 1721 1515 1803 Quam
1564 1721 1588 1798 (
1620 1741 1811 1780 meam
1853 1719 2161 1779 Ecclesiam
2197 1721 2225 1799 )

109 1816 311 1886 nulla,
345 1836 418 1873 ne
440 1817 988 1893 potentissimorum
1015 1817 1256 1894 quidem
1295 1810 1553 1874 hostium
1590 1821 1679 1875 vis
1715 1817 2227 1874 destruet'...Hz'›)toce

108 1908 254 1984 0⁹?in
297 1919 576 1969 tartareae
607 1920 915 1989 potestates
936 1954 955 1985 ‚
1012 1912 1471 1970 consultationes
1512 1922 1567 1968 et
1603 1912 1922 1969 molimina
1961 1912 2229 1970 diaholo-

108 2025 252 2063 rum
266 2047 286 2077 ,
314 2016 721 2084 tyrannorum
743 2015 800 2063 et
821 2006 1080 2065 hostium
1101 2005 1401 2066 Ecclesiae.
1435 2005 1606 2066 Nam
1631 2001 1780 2093 *tyty
1801 2051 1814 2075 ‚
1843 2011 1946 2065 cui
1961 2009 2086 2074 πύλη
2105 2027 2230 2065 res-

545 249 700 290 PAR‘r.
743 249 782 288 l·
825 250 944 288 GAP.
990 250 1069 289 IV·
1115 251 1182 288 DE
1224 249 1494 290 ECCLESIAE
1534 247 1785 290 nonnus.

100 2127 355 2204 pandet,
408 2138 575 2186 notat
616 2129 914 2205 ejusmodi
947 2139 1224 2206 portam,
1275 2130 1391 2187 uhi
1439 2129 1698 2187 hahetur
1727 2128 2048 2206 judicium
2067 2172 2089 2201 ,
2140 2129 2233 2187 vel

113 2224 476 2296 imperium,
537 2224 746 2280 aulam
796 2224 1151 2302 Principis,
1210 2224 1578 2282 dominandi
1629 2233 2010 2303 potestatem,
2074 2223 2231 2281 unde

116 2319 283 2393 regia
322 2315 715 2394 Imperatoris
757 2317 814 2376 T
812 2338 1106 2376 arcarum
1151 2319 1340 2377 Porta
1381 2328 1806 2396 nuncupatum
1847 2318 1969 2385 ἄδης
1993 2328 2231 2387 autem,

118 2397 323 2499 ’ῚἿΝΨᾈ
349 2414 542 2490 inferi
570 2422 652 2495 est
677 2434 886 2485 orcus,
910 2424 1187 2484 tartara,
1214 2424 1331 2472 tota
1363 2414 1728 2472 umbrarum
1758 2414 2096 2492 respublica
2118 2413 2228 2494 (l).

118 2657 296 2706 na'verit
318 2694 331 2717 ‚
361 2662 543 2707 tractari
569 2659 766 2719 debeat,
798 2661 988 2724 perinde
1018 2677 1072 2710 ac
1091 2663 1127 2708 si

118 2740 313 2803 ipsamet
329 2749 443 2788 esset
457 2739 677 2788 diabolus
692 2740 774 2788 ille
787 2779 799 2800 ‚
817 2743 904 2805 qui
928 2758 1033 2790 eam
1051 2759 1125 2789 re-

118 2822 206 2885 qit.
223 2820 369 2885 Pergit
393 2822 560 2871 deinde
583 2840 637 2871 ac
662 2825 900 2888 profitetur
916 2862 930 2885 ‚
962 2842 1008 2872 se
1034 2842 1130 2872 non

122 2912 353 2968 propterea
372 2903 625 2952 inficiariin
644 2903 934 2954 romanismo
956 2923 1026 2956 res
1048 2906 1133 2954 bo-

122 3001 204 3032 nas
229 2986 457 3046 inveniri,
486 2986 789 3053 hominesque
813 2988 960 3036 bonos
981 3025 994 3045 .,
1022 2991 1132 3054 quia

124 3064 329 3113 Satanas
351 3084 529 3131 semper
553 3070 789 3117 consuevit
821 3068 1000 3117 bonum
1026 3086 1134 3117 cum

129 3146 250 3194 malo
297 3150 554 3198 immiscere
586 3150 726 3215 (pag.
781 3165 871 3198 102
892 3153 926 3213 ).
962 3150 1135 3216 Opinio

129 3227 388 3292 principalis
417 3230 556 3297 hujus
587 3231 816 3280 diabolici
843 3234 1099 3298 systematis
1121 3268 1134 3291 ‚

129 3307 263 3371 juxta
290 3310 439 3373 ipsum
459 3349 473 3371 ‚
501 3323 567 3361 est
583 3314 887 3362 infallibilitas
907 3314 1135 3364 Ecclesiae.

132 3386 310 3452 Quibus
338 3394 603 3454 praemissis,
636 3395 726 3444 sibi
749 3397 986 3444 ostendere
1012 3413 1139 3444 assu-

134 3472 216 3517 mit
237 3486 251 3516 :
285 3477 331 3516 ιο
356 3473 480 3537 quod
505 3479 825 3525 romanismus
850 3483 1024 3543 spectet
1043 3495 1141 3526 cer-

135 3551 380 3601 titudinem
420 3554 713 3606 clarissimam
750 3561 890 3610 veluti
932 3548 1140 3609 necessa-

134 3635 247 3680 riam
283 3634 341 3681 ad
385 3634 525 3683 fidem
564 3647 608 3685 et
643 3656 770 3702 spem
812 3642 1140 3704 christianam3

136 3722 189 3763 2⁰
219 3726 390 3781 spectet
418 3718 612 3767 dubium
638 3720 775 3770 veluti
806 3740 1015 3789 pugnans
1035 3740 1141 3772 cum

1210 2676 1397 2709 assensu
1441 2661 1675 2716 veritatis;
1716 2658 1770 2706 3⁰
1807 2657 1964 2707 tendat
1992 2657 2051 2706 ad
2093 2656 2233 2706 effor-
2285 2681 2291 2685 ·

1212 2743 1434 2790 mandam
1488 2734 1762 2806 completam
1806 2746 1855 2789 et
1903 2742 2231 2789 consistentem

1210 2826 1488 2890 theologiam
1532 2823 1665 2889 (haec
1701 2842 1944 2890 possumus
1975 2824 2043 2871 illi
2095 2820 2233 2872 facile

1212 2908 1498 2971 concedere)
1524 2923 1538 2970 3
1573 2905 1627 2971 4⁰
1655 2909 1706 2954 in
1732 2906 1822 2955 hoc
1850 2922 1953 2955 vero
1987 2903 2234 2954 efficiendo

1213 2990 1415 3054 negligat
1453 2992 1767 3038 auctoritatem
1801 2997 1847 3036 ct
1892 2989 2120 3035 innitatur
2161 3003 2236 3034 ar-

1215 3074 1443 3138 gumentis
1469 3071 1745 3132 abstractis;
1781 3067 1834 3117 5⁰
1858 3070 2034 3136 judicet
2060 3085 2113 3116 ac
2145 3067 2240 3116 dis·
2270 3126 2275 3130 ⁴

1215 3164 1357 3219 ponat
1390 3154 1448 3202 de
1482 3163 1724 3219 systemate
1753 3152 2004 3199 christiano
2041 3166 2097 3199 ex
2130 3164 2238 3214 prae·

1218 3219 1846 3300 conceptis'fundamentis3
1889 3230 1944 3281 6ο
1991 3231 2239 3280 substituat

1218 3319 1397 3381 spiritui
1434 3319 1601 3365 amoris
1629 3315 1892 3363 technicam
1928 3324 1972 3363 et
1999 3313 2238 3361 formalem

1219 3397 1550 3446 obedientiam.
1581 3397 1687 3445 Tria
1708 3413 1841 3462 porro
1860 3396 1963 3444 haec
1992 3393 2238 3460 posteriora

1219 3482 1366 3544 capita
1395 3481 1585 3528 totidem
1611 3479 1852 3527 calumniae
1885 3489 2007 3528 sunt.

1336 3562 1400 3625 (1)
1453 3558 1612 3611 Schol.
1677 3562 1735 3608 in
1791 3561 1915 3610 Nov.
1983 3558 2113 3608 Test.
2182 3554 2243 3603 ad

1220 3644 1348 3693 hunc
1382 3643 1471 3692 loc.
