2514 4172
200 212 272 249 Vlv

189 358 322 432 jure
362 353 472 414 sibi
496 355 770 417 vindicat.
803 359 1056 435 Etenim,
1082 379 1208 442 quae
1234 358 1476 441 reliquae
1505 373 1644 421 sunt
1667 362 2124 446 theologicarum
2146 371 2318 430 insti-

197 477 495 538 tutionum
518 491 715 562 partes
732 527 751 560 ,
776 503 848 542 ex
863 481 1160 565 principiis
1178 481 1362 542 veluti
1380 481 1616 544 aliunde
1634 477 1789 546 notis
1805 499 1979 572 atque
2003 491 2318 574 exploratis

195 601 259 660 in
292 602 674 685 peculiarium
705 606 1045 687 dogmatum
1081 606 1406 667 evincenda
1433 608 1679 669 veritate
1715 623 2046 676 versantur.
2084 618 2159 675 At
2181 638 2321 679 vero

195 723 337 799 haec,
371 748 550 809 quam
586 730 953 811 auspicamur
979 774 996 802 ,
1033 740 1449 813 posteaquam,
1480 732 1641 814 quod
1676 754 1785 815 par
1810 747 1930 811 est,
1959 737 2314 801 fundamen-

196 860 327 909 tum
369 852 431 910 in
481 863 735 913 tractatu
785 851 858 913 de
886 862 1035 913 'vera
1071 852 1350 935 religione
1390 860 1734 938 praejactum
1780 857 1984 930 fuerit,
2023 862 2314 945 principia

194 973 320 1055 ipsa
358 985 533 1057 atque
559 975 782 1053 fonteS‚
813 975 972 1037 unde
1006 978 1197 1038 omnis
1226 979 1290 1037 in
1324 978 1650 1060 theologica
1672 981 1978 1065 disciplina
2003 986 2319 1046 veritatum

195 1098 371 1157 series
386 1096 673 1174 dimanat,
701 1100 982 1182 proponit
994 1111 1169 1183 atque
1183 1101 1456 1185 explicat,
1481 1105 1825 1165 eorumdem
1845 1106 2001 1166 inter
2024 1128 2084 1168 se
2100 1130 2318 1170 nexum

195 1242 260 1281 ac
285 1233 556 1282 mutuam
577 1269 593 1299 ,
617 1245 796 1306 quam
813 1236 1049 1299 vocant,
1075 1224 1537 1308 dependentiam
1553 1227 1857 1310 patefacit,
1880 1240 1939 1289 et
1962 1229 2121 1312 quod
2145 1245 2321 1315 caput

195 1356 304 1424 est,
324 1344 686 1427 singulorum
712 1348 1023 1410 veritatem
1045 1361 1311 1410 accurate
1335 1349 1723 1411 demonstrat.
1755 1353 1893 1425 Quae
1912 1373 2046 1412 cum
2069 1354 2151 1412 ita
2175 1355 2317 1432 sint,

195 1469 418 1550 optimo
432 1473 564 1548 jure
583 1470 801 1530 factum
825 1482 914 1531 est
930 1516 947 1547 ,
971 1483 1036 1531 ut
1060 1472 1394 1533 tractationi
1415 1473 1551 1534 huic
1567 1475 1853 1536 Locorum
1868 1476 2325 1560 theologicorum

195 1592 512 1675 appellatio
530 1593 833 1655 inderetur
851 1621 868 1670 ς
886 1595 1272 1679 eamdemque
1299 1597 1375 1657 ob
1395 1620 1524 1659 rem
1539 1598 1701 1659 haud
1726 1600 1840 1660 alio
1860 1622 2037 1683 quam
2050 1603 2325 1685 receptis-

196 1717 342 1776 simo
360 1717 459 1777 illo
486 1718 656 1778 titulo
666 1718 820 1780 hanc
846 1720 1035 1802 operis
1049 1721 1236 1781 nostri
1249 1733 1481 1804 partem
1495 1724 1944 1805 praenotandam
1968 1726 2320 1786 censuimus,

283 1911 415 1970 Jam
445 1933 550 1970 nos
580 1911 690 1994 ipsi
717 1912 1063 1994 profitemur
1094 1959 1109 1988 ,
1144 1935 1251 1972 nos
1283 1912 1454 1995 plura
1492 1914 1555 1973 in
1582 1913 1738 1975 hisce
1775 1917 1932 1976 Locis
1968 1916 2326 1978 illustrandis

195 2035 368 2094 fuisse
380 2033 715 2116 complexos
738 2081 754 2111 ,
778 2057 908 2118 quae
923 2036 1306 2096 arctissimam
1321 2058 1453 2097 cum
1467 2037 1537 2097 iis
1552 2039 2045 2129 necessitudinem
2061 2039 2283 2101 habent
2297 2087 2316 2117 ,

156 2195 160 2198 -
197 2179 333 2240 quae
364 2158 428 2216 in
459 2157 637 2220 altera
667 2170 834 2241 parte
885 2170 1163 2219 tractatus
1192 2159 1266 2220 de
1297 2181 1434 2221 vera
1469 2160 1749 2244 religione
1778 2162 1937 2222 haud
1966 2165 2047 2223 ita
2077 2164 2324 2224 summis

195 2279 362 2340 labiis
379 2279 632 2342 delibata
656 2294 812 2342 sunt.
834 2284 1051 2343 Verum
1076 2295 1324 2365 utraque
1351 2283 1611 2347 invicem
1642 2284 1964 2367 disputatio
1990 2286 2321 2368 plurimum

197 2404 394 2465 distat.
430 2407 659 2466 Etenim
681 2406 745 2466 id
758 2429 945 2466 unum
959 2407 1077 2467 illic
1092 2406 1457 2467 intendimus
1474 2453 1491 2482 ,
1520 2419 1586 2467 ut
1615 2408 1950 2469 continenti
1974 2409 2329 2491 propositio-

195 2526 343 2589 num
376 2530 550 2606 serie‚
595 2530 810 2589 efficaci
857 2529 956 2589 illa
992 2531 1234 2612 quidem
1256 2577 1272 2606 ,
1313 2530 1418 2590 sed
1455 2531 1688 2590 arctiori
1720 2541 1781 2590 et
1822 2551 2054 2611 pressa,
2100 2528 2328 2587 homini

199 2652 412 2714 divinae
457 2650 829 2715 revelationis
879 2653 1289 2713 necessitatem
1331 2664 1526 2734 atque‘
1558 2653 1938 2714 existentiam
1987 2653 2327 2736 nuperrime

200 2775 437 2855 edocto,
466 2798 576 2838 nec
595 2777 658 2837 in
670 2799 925 2860 quanam
940 2778 1209 2838 societate
1222 2777 1580 2860 exquirenda
1605 2799 1672 2838 ea
1691 2778 1766 2836 sit
1785 2779 1921 2837 satis
1942 2800 2049 2862 per
2074 2779 2330 2860 seipsum

203 2901 595 2963 internoscere
632 2901 890 2978 valenti,
927 2923 1081 2964 verae
1116 2901 1333 2966 Christi
1375 2901 1641 2962 Ecclesiae
1674 2901 1887 2962 faeiem
1926 2924 1992 2962 ac
2031 2903 2326 2985 praecipua

206 3024 566 3085 lineamenta
593 3025 755 3087 velut
792 3026 856 3085 in
892 3023 1100 3085 tubula
1139 3025 1399 3114 quadam
1434 3047 1704 3109 expressa
1750 3025 2179 3087 exhiberemus,
2223 3026 2331 3084 Hic

201 3169 343 3209 vero
364 3193 382 3223 7
419 3148 695 3230 quoniam
722 3147 932 3230 regulae
960 3150 1239 3231 proximae
1276 3148 1415 3211 fidei
1452 3161 1669 3211 nostrae
1706 3151 2053 3232 dignitatem
2074 3149 2330 3209 nancisci

202 3270 455 3331 Ecclesia
502 3270 714 3348 debet,
760 3272 1023 3333 funditus
1055 3271 1417 3335 enucleanda
1469 3296 1568 3336 res
1613 3286 1736 3352 est3
1769 3285 1980 3335 natura
2005 3274 2131 3356 ipsa
2160 3283 2333 3354 atque

203 3396 411 3455 intima
429 3395 692 3457 Ecclesiae
714 3397 1046 3459 constitutio
1064 3397 1459 3480 exploranda,
1490 3410 1797 3482 ceteraque
1822 3398 1895 3458 de
1924 3397 2237 3480 Scripturis
2266 3407 2324 3454 et

205 3518 618 3580 traditionibus
646 3521 708 3580 in
727 3522 1038 3605 propatulo
1072 3522 1382 3606 ponenda3
1411 3543 1540 3606 quae
1562 3523 1675 3583 nisi
1707 3521 1888 3582 solide
1907 3522 1969 3581 in
1990 3522 2116 3604 ipso
2144 3520 2325 3580 Theo-

204 3626 375 3710 logiae
416 3628 704 3690 vestibulo
744 3633 1059 3692 constituta
1106 3632 1327 3693 fuerint
1354 3679 1369 3709 7
1414 3634 1603 3693 omnis
1645 3631 1917 3715 deinceps
1970 3629 2320 3713 disputatio,

208 3738 323 3798 suis
351 3742 514 3821 quasi
541 3742 737 3807 nervis
766 3741 1040 3804 destituta
1062 3790 1077 3821 a
1110 3754 1278 3805 nutet
1312 3754 1562 3826 oportet.
