2514 4218
259 115 384 179 272

854 134 1052 177 TRACT.
1100 136 1170 173 DE
1211 136 1365 175 touls
1406 138 1789 181 russonofflcls.

262 292 594 373 intelligant
622 310 720 352 eos
739 335 757 368 ‚
793 291 894 374 qui
932 311 1135 352 veram
1164 289 1426 351 Ecclesiae
1466 291 1798 359 doctrinam
1838 309 2168 382 sequuntur
2189 345 2205 376 ,
2243 301 2397 363 nihil

263 389 444 470 magis
485 410 517 448 a
557 388 803 451 veritate
833 386 1115 447 abhorret
1148 409 1328 469 quam
1358 389 1468 448 ista
1506 390 1960 470 Anglicanorum
1993 384 2234 458 assertio
2254 444 2270 474 ,
2309 398 2397 459 uti

263 508 402 546 mox
433 485 845 557 ostendemus3
889 482 982 542 sin
1011 504 1150 546 vero
1185 484 1528 566 intelligunt
1557 485 1775 548 aulicos
1805 493 2102 571 regalistas
2122 539 2139 569 .,
2182 494 2282 577 qui
2311 495 2398 554 uti

261 720 359 770 set,
394 709 473 758 sed
501 707 557 757 ad
582 703 954 772 jurisdictionem
990 706 1141 773 ipsam
1173 704 1286 771 Epi-

263 793 411 857 scopis
434 793 483 838 in
504 802 616 836 cura
635 788 901 835 animarum
924 787 1283 848 conferendam,

260 876 323 922 ita
356 883 407 920 ut
451 871 499 918 hi
537 868 689 918 effecti
736 869 911 918 fuerint
944 873 1042 937 ejus
1081 872 1290 935 vicesge-

260 966 408 1005 rentes
431 992 444 1014 ‚
480 963 529 1002 *et
558 953 617 1001 ad
643 953 790 1002 fidem
824 956 972 1020 ipsam
1000 991 1014 1015 ,
1053 973 1155 1021 quae
1191 972 1289 1003 non

259 1037 505 1104 obligabat,
516 1037 639 1102 quin
659 1039 788 1102 prius
804 1037 976 1102 singuli
992 1024 1294 1103 articulipro-

261 1122 358 1170 bati
391 1137 446 1169 ac
476 1120 754 1184 confirmati
792 1129 943 1168 essent
974 1136 1000 1167 a
1039 1119 1198 1185 Rege3
1236 1117 1291 1169 5⁰

263 1216 446 1255 tantum
494 1204 666 1252 distare
700 1203 958 1252 Ecclesiam
997 1202 1294 1269 anglicanam

262 1288 323 1337 ab
373 1287 579 1336 Ecclesia
625 1287 891 1346 catholica,
937 1302 1044 1351 quae
1074 1289 1202 1352 prius
1243 1288 1292 1334 in

261 1371 429 1436 Anglia
464 1370 710 1430 obtinuit,
762 1378 998 1435 quantum
1036 1372 1295 1418 etiamnum

260 1454 463 1503 Ecclesia
491 1461 747 1518 protestans
773 1452 1019 1517 anglicana
1053 1451 1212 1500 differt
1236 1451 1296 1500 ab

259 1537 447 1586 ecclesia
485 1535 959 1584 catholico-romana.
1003 1533 1112 1583 Dixi
1138 1534 1299 1584 Eccle-

264 1622 381 1668 siam
415 1625 793 1685 protestantem3
834 1634 944 1666 cum
991 1627 1161 1665 statuto
1189 1616 1298 1683 legis

264 1702 504 1751 decretum
534 1703 609 1760 sit,
642 1718 737 1748 uon
764 1700 911 1748 alium
932 1715 1065 1765 posse
1083 1717 1182 1749 esse
1205 1696 1299 1748 lie-4

264 1800 371 1850 gem
413 1783 588 1849 Angliae
605 1818 622 1845 ‚
654 1784 863 1849 adeoque
904 1781 1120 1832 Ecclesiae
1154 1782 1304 1848 angli-

263 1885 388 1917 canae
437 1877 615 1933 caput,
660 1884 805 1934 quam
841 1874 1208 1932 protestantem.
1252 1863 1302 1914 Si

262 1960 403 2016 caput
434 1968 571 2016 porro
596 1959 663 1999 est
691 1959 949 2014 protestans
971 1987 985 2009 ‚
1023 1966 1189 2014 corpus
1215 1966 1301 2013 po·

266 2036 434 2082 teritne
463 2050 562 2081 esse
594 2031 883 2080 catholicum
902 2035 927 2080 ¹?
961 2030 1063 2081 Cfr.
1102 2049 1302 2096 opuscu-

265 2116 366 2164 lum
387 2153 399 2176 ,
417 2118 492 2163 cui
517 2117 593 2166 tit.
617 2113 845 2162 Ecclesia
874 2113 1138 2179 anqlicana
1153 2114 1305 2179 refor-

268 2199 486 2247 mavitne
512 2214 561 2245 se
595 2198 751 2263 ipsam
776 2197 808 2245 Ρ
841 2198 979 2263 Quod
1020 2208 1086 2246 est
1112 2198 1306 2247 celebris

266 2281 330 2331 D.
354 2281 571 2346 Lingardi
588 2291 631 2328 et
659 2282 886 2328 insertum
919 2282 970 2327 in
987 2277 1304 2329 Dublin'Re-

268 2364 408 2423 view,
434 2380 514 2411 seu
534 2362 791 2410 Revisione
809 2361 1135 2422 dubliniensi,
1155 2380 1307 2412 mens.

271 2447 387 2512 Maij
425 2443 583 2509 1840,
618 2445 701 2493 ubi
726 2447 884 2493 omnia
917 2444 1203 2495 documenta
1231 2445 1310 2494 in-

270 2531 455 2588 venies,
503 2545 611 2595 quae
651 2528 747 2576 huc
788 2537 1017 2593 spectant.
1051 2526 1148 2579 Adi
1195 2547 1312 2595 quo-

273 2631 366 2680 que
394 2613 595 2660 auctoris
628 2613 772 2676 ipsius
802 2610 1083 2660 Historiam
1107 2609 1311 2677 Anqliae

277 2695 405 2761 (vol.
434 2709 483 2745 vt
503 2704 548 2744 et
575 2694 669 2759 vu)
693 2731 706 2755 ‚
724 2694 839 2743 adeo
861 2694 1238 2744 commendatam
1268 2704 1314 2743 et

276 2778 437 2844 gallice
467 2788 610 2845 atque
638 2778 795 2827 italice
829 2778 1083 2827 redditam.
1122 2777 1194 2826 Ad
1230 2795 1315 2826 au-

277 2873 423 2911 ctores
451 2880 559 2912 vero
578 2861 849 2922 catholicos,
874 2860 933 2910 ad
952 2878 1071 2928 quos
1097 2871 1317 2926 provocat

279 2943 462 2994 Palmer
484 2982 498 3006 ,
534 2945 662 3012 quod
689 2947 886 3003 attinet,
909 2944 1171 2994 notandum
1208 2953 1277 2993 est
1300 2980 1316 3002 ,

281 3031 391 3076 istos
417 3031 530 3077 alios
554 3047 653 3078 uon
683 3047 778 3078 esse
801 3030 891 3077 nisi
921 3045 1025 3087 cos,
1060 3030 1144 3095 qui
1172 3030 1322 3078 conti-

284 3122 455 3161 nentur
485 3114 534 3160 in
570 3113 748 3179 Report
774 3112 903 3178 from
932 3111 1072 3160 select
1104 3111 1322 3162 commit-

284 3195 398 3243 tatis
416 3229 429 3254 ‚
461 3204 548 3242 etc.
580 3212 661 3243 seu
689 3194 939 3244 Relatione
965 3195 1224 3245 comitatus
1248 3210 1323 3242 se-

286 3271 424 3337 lecti,
456 3283 550 3325 etc.
585 3295 687 3342 quae
728 3281 861 3345 jussu
900 3295 1131 3339 cameras,
1176 3294 1324 3342 quam

285 3366 459 3408 vocant
484 3362 830 3420 communium,
855 3362 979 3411 edita
1017 3370 1087 3410 est
1118 3357 1181 3408 25
1199 3359 1226 3408 J
1231 3379 1316 3409 un.

297 3439 443 3499 1815,
460 3440 611 3489 Lond.
639 3442 734 3491 vol.
754 3461 770 3490 1
786 3443 868 3493 fol.
895 3450 1109 3493 constans
1124 3461 1174 3508 p.
1197 3441 1316 3506 544.

291 3523 410 3575 Haec
434 3541 571 3590 porro
595 3523 753 3573 relatio
787 3529 993 3576 continet
1008 3542 1224 3591 responsa
1251 3526 1321 3573 of-

290 3608 461 3657 ficialia
489 3607 592 3656 data
619 3624 645 3656 a
672 3610 893 3657 ministris
916 3610 1202 3659 diversorum
1221 3606 1319 3657 Eu·-

1368 723 1490 772 ropae
1516 716 1747 769 statuum,
1774 710 1898 758 circa
1930 710 2127 760 modum
2144 685 2241 779 'quo
2262 715 2330 763 illi
2352 733 2403 765 se

1370 791 1546 840 habent
1574 795 1626 841 in
1664 793 1827 843 ordine
1873 794 1931 843 ad
1972 793 2233 847 Catholicos
2268 809 2314 848 et
2343 799 2404 848 ad

1371 872 1423 923 S.
1444 873 1613 923 Sedem
1634 891 1648 936 3
1689 893 1792 942 quae
1813 875 2006 943 quidem
2029 887 2275 943 provocata
2299 881 2404 930 fue-

1373 968 1518 1018 runt,
1562 975 1686 1007 anno
1723 956 1888 1020 1812,
1917 978 1942 1008 a
1976 960 2037 1010 D.
2075 960 2253 1025 (Lord)
2292 961 2407 1011 Cas-

1374 1037 1607 1102 telreagh‚
1657 1038 1827 1087 deinde
1870 1057 1977 1088 vero
2014 1057 2040 1088 a
2084 1039 2145 1090 D.
2193 1040 2412 1091 Bathurst

1375 1137 1499 1169 anno
1529 1118 1656 1168 1815
1677 1159 1689 1180 ‚
1715 1121 1771 1169 ad
1803 1125 2041 1187 negotium
2071 1127 2408 1190 emancipatio-

1376 1204 1449 1251 nis
1465 1203 1798 1252 catholicorum
1814 1206 1865 1252 in
1882 1204 2047 1271 Anglia
2060 1207 2411 1257 maturandum.

1376 1283 1483 1334 Jam
1520 1304 1626 1335 vero
1674 1288 1907 1352 ejusmodi
1947 1306 2166 1355 responsa
2212 1289 2316 1338 data
2358 1299 2413 1338 ut

1378 1367 1636 1434 plurimum
1674 1369 1732 1417 ab
1765 1372 1853 1428 iis,
1885 1374 1968 1436 qui
1995 1382 2128 1420 erant
2160 1389 2187 1420 a
2220 1373 2407 1421 secretis

1382 1451 1770 1509 ministeriorum,
1787 1469 1875 1500 nec
1894 1455 1993 1501 sine
2019 1456 2284 1520 suspicione
2306 1471 2409 1503 cor-

1379 1535 1608 1598 ruptionis
1634 1551 1720 1600 ope
1747 1533 1967 1600 pellucidi
1998 1539 2097 1584 auri
2121 1535 2410 1599 britannici,

1382 1617 1514 1665 nullo
1534 1617 1677 1666 modo
1693 1620 1886 1683 spectari
1910 1629 2103 1684 possunt
2128 1631 2178 1668 ut
2194 1638 2414 1686 germana

1382 1700 1718 1766 guberniorum
1748 1718 1964 1767 responsa
1986 1739 2000 1758 ‚
2021 1702 2169 1750 multo
2189 1721 2297 1753 vero
2325 1705 2415 1751 mi-

1383 1800 1473 1830 nus
1498 1792 1551 1830 ut
1580 1782 1725 1843 talia,
1760 1799 1866 1849 quae
1895 1801 2057 1832 verum
2085 1795 2253 1833 statum
2290 1786 2412 1834 rela-

1384 1867 1525 1914 tionis
1572 1868 1808 1931 potcstatis
1857 1868 2005 1916 civilis
2051 1884 2161 1915 cum
2205 1867 2414 1917 Ecclesia

1386 1947 1613 1996 catholica
1645 1948 1736 1996 illis
1761 1950 1812 1996 in
1837 1949 2110 2017 regi-onibus
2141 1967 2234 2014 prae
2266 1967 2315 1998 se
2340 1950 2414 1998 fe-

1387 2041 1510 2079 rant.
1569 2029 1807 2079 Exhibent
1867 2031 2100 2097 siquidem
2153 2033 2415 2080 doctrinam

1388 2113 1687 2180 Rechberger
1714 2123 1760 2161 et
1796 2111 2047 2160 Caraccioli
2082 2111 2288 2179 exparte
2318 2112 2416 2163 Au-

1390 2199 1511 2245 striae
1534 2212 1547 2259 ;
1574 2195 1849 2262 quisquilias
1874 2193 2108 2244 Giannoni
2142 2206 2302 2245 contra
2335 2196 2418 2245 Ec·

1391 2282 1581 2330 clesiam
1613 2290 1658 2330 et
1686 2279 1734 2328 S.
1753 2279 1923 2330 Sedem
1949 2299 2003 2331 ex
2031 2291 2162 2347 parte
2189 2281 2417 2348 Neapoli3

1392 2373 1606 2430 excerpta
1642 2364 1810 2413 Pithoei
1843 2374 1888 2414 et
1913 2364 2103 2430 Dupin‚
2132 2376 2232 2414 acta
2264 2365 2421 2415 decla-

1393 2449 1584 2495 rationis
1628 2443 1754 2495 1682
1774 2482 1790 2505 ,
1815 2447 2173 2511 praqmaticam
2212 2447 2422 2494 sanctio-

1394 2545 1507 2576 nem
1568 2529 1849 2577 schismatici
1910 2529 2097 2576 concilii
2147 2526 2421 2577 Basileensis

1396 2629 1475 2659 an.
1505 2608 1634 2674 1438
1662 2626 1678 2675 ;
1716 2626 1804 2658 nec
1835 2627 1932 2658 non
1960 2613 2086 2659 varia
2112 2611 2293 2661 decreta
2312 2629 2424 2660 con-

1398 2695 1630 2742 ventionis
1654 2693 1896 2741 nationalis
1921 2711 2001 2742 an.
2036 2710 2158 2762 1791
2186 2732 2199 2756 ‚
2231 2711 2284 2743 ac
2307 2695 2424 2743 duas

1398 2777 1730 2826 conventiones
1770 2774 2046 2841 Napoleonis
2077 2795 2130 2825 ex
2166 2787 2294 2843 parte
2317 2776 2424 2825 Gal-

1398 2859 1488 2907 liae.
1516 2857 1741 2908 Referunt
1779 2859 1936 2924 quoad
1984 2857 2238 2924 Hispanias
2270 2859 2422 2908 docu-

1401 2952 1557 2991 menta
1592 2943 1958 2991 ministeriorum
2003 2941 2190 2990 Aranda
2223 2978 2237 3000 ‚
2288 2940 2421 2989 Mon·

1401 3029 1526 3074 tiana
1555 3043 1583 3092 y
1621 3024 1846 3091 Luyando
1884 3036 1928 3075 et
1983 3026 2216 3073 sociorum
2239 3062 2252 3085 ‚
2286 3035 2428 3091 atque

1404 3110 1766 3159 declamationes
1810 3109 2211 3158 constitutionales
2263 3126 2431 3177 regen-

1404 3196 1480 3242 tiae
1534 3190 1662 3257 1814
1714 3202 1875 3241 contra
1919 3191 1971 3244 S.
2022 3190 2188 3242 Sedem
2237 3196 2431 3261 ejusque

1407 3285 1782 3342 repraesentantes
1797 3275 1991 3324 Matriti.
2010 3274 2248 3325 Exhibent
2271 3275 2429 3343 quoad

1403 3360 1693 3416 Lusitaniam
1734 3357 1886 3406 theses
1930 3358 2217 3407 academicas
2258 3376 2431 3424 propu-

1404 3452 1536 3490 natas
1574 3440 1883 3490 Conimbricae
1920 3457 1998 3490 an.
2056 3437 2218 3507 1783,
2270 3437 2427 3506 1785,

1415 3523 1541 3592 1786
1566 3562 1580 3582 ,
1627 3521 1755 3592 1796
1786 3560 1803 3587 ,
1857 3522 2013 3592 1798,
2067 3540 2197 3592 1799
2226 3562 2239 3584 ‚
2294 3541 2430 3589 opera

1408 3608 1542 3659 Joan.
1566 3607 1797 3658 Joachimi
1827 3606 2019 3674 Pereyra
2040 3646 2054 3669 ‚
2085 3606 2182 3657 Jos.
2212 3605 2428 3664 Maurae,
