2514 4218
2037 199 2154 261 429

270 225 430 267 PART.
487 228 527 263 1.
573 223 724 263 SECT.
773 224 839 262 11.
888 223 1011 261 CAP.
1057 222 1144 261 111.
1194 222 1263 258 ΒΕ
1307 222 1434 259 ΝΔΤ.
1482 221 1546 257 m·
1590 216 1711 258 JUR.
1766 219 1921 259 Pnffl.

29 368 195 444 Quod
228 370 310 442 si,
335 379 400 427 ut
437 363 706 425 nonnulli
733 364 1132 437 contendunt,
1170 363 1354 423 voluit
1379 364 1436 422 S.
1462 363 1681 443 Martyr
1702 362 1770 422 iis
1793 362 1981 423 verbis
2004 363 2156 424 allu-

30 464 166 524 dere
190 463 264 522 ad
280 461 644 543 Stephanum
668 481 816 520 rom.
841 459 1182 519 Pontificem
1198 503 1215 534 ,
1246 480 1368 516 non
1393 468 1745 539 potestatem
1770 461 1892 535 ejus
1926 459 2116 552 carpit
2136 505 2155 535 ,

27 559 127 620 sed
147 605 162 634 ,
197 569 263 616 ut
287 558 410 639 ipse
452 555 593 615 falso
622 553 1027 628 existimabat,
1067 553 1370 635 potestatis
1405 551 1688 626 abusum,
1718 572 1786 612 eo
1816 552 1976 634 quod
2011 575 2157 614 ana-

27 655 226 713 thema
278 652 663 711 comminatus
720 649 897 710 fuerit
946 648 1009 706 in
1054 657 1144 706 tot
1194 647 1582 707 sanctissimos
1627 644 1902 707 Praesules
1923 692 1940 721 ,
1999 648 2060 706 in
2095 662 2164 711 re‘

28 747 383 830 disciplinari
424 767 489 806 ac
517 744 784 805 nondum
821 743 1058 826 penitus
1088 740 1339 822 eliquata
1365 742 1477 823 (l).

112 842 249 902 614.
294 843 385 902 Ad
425 843 542 914 6²1¹,
601 845 754 900 Dist.
802 839 952 897 Sunt
997 857 1201 896 omnes
1247 837 1514 919 Episcopi
1559 837 1822 916 ejusdem
1858 838 2051 898 meriti
2094 849 2158 900 et

31 937 336 998 sacerdotii
353 983 368 1011 ,
386 958 548 996 conc.
567 935 860 1014 ,·ejusdem
877 933 1182 1015 potestatis
1198 954 1264 992 ac
1269 931 1686 1011 jurisdictionis
1704 979 1720 1008 .‚
1739 955 1866 1015 neq.
1895 935 2160 995 Primum

30 1044 265 1092 tantum
294 1031 548 1091 affirmat
565 1031 960 1111 Hieronymus
980 1027 1208 1087 ratione
1242 1027 1496 1103 ordinis,
1528 1039 1595 1087 ut
1609 1029 1892 1103 diximus»,
1926 1041 1985 1091 et
2014 1030 2162 1091 cha—

30 1127 268 1188 racteris
295 1153 312 1200 3
353 1126 604 1187 alterum
638 1135 831 1185 autem
864 1144 1170 1205 nunquam
1201 1122 1385 1197 dixit,
1413 1123 1534 1182 imo
1563 1125 1922 1185 contrarium
1944 1125 2164 1210 ubique

30 1222 228 1282 docuit
256 1224 368 1303 (2).
1549 1231 1554 1233 “

116 1317 253 1376 615.
298 1316 388 1378 Ad
441 1316 560 1392 7¹¹²,
619 1313 771 1396 Neq.
820 1335 1045 1393 conseq.
1089 1313 1280 1392 Papoe
1330 1313 1490 1372 enim
1537 1335 1639 1374 seu
1693 1315 1906 1376 Patris
1955 1317 2163 1377 titulus

34 1413 355 1494 antiquitus
378 1432 499 1469 non
519 1407 710 1468 solum
733 1409 1028 1492 Episcopis
1051 1454 1068 1484 ,
1094 1407 1197 1481 sed
1223 1418 1281 1467 et
1305 1407 1662 1489 Presbyteris
1698 1412 1919 1492 passim
1942 1412 2164 1473 tribue-

33 1505 208 1567 batur
240 1504 362 1586 (3),
391 1506 479 1563 uti
500 1503 693 1564 adhuc
728 1505 791 1563 in
818 1504 1132 1587 praesentia
1154 1503 1564 1563 Sacerdotibus
1589 1505 1952 1585 regularibus
1982 1507 2165 1568 tribui

35 1601 185 1661 solet
201 1645 219 1676 ,
260 1600 401 1682 quin
433 1598 570 1659 inde
594 1599 893 1681 quidpiam
914 1599 1118 1659 inferri
1141 1599 1326 1681 possit
1351 1598 1428 1658 ad
1462 1599 1943 1681 presbyterorum
1964 1624 2166 1685 aequa-

35 1696 264 1755 litatem
305 1716 439 1754 cum
484 1694 776 1777 Episcopis
811 1694 1251 1754 adstruendam.
1298 1693 1434 1753 Ideo
1475 1717 1612 1754 vero
1647 1697 1997 1780 quandoque
2031 1698 2168 1781 Epi-

37 1791 195 1873 scopi
237 1811 586 1850 successores
637 1791 795 1849 Petri
816 1790 956 1849 dicti
995 1800 1166 1866 sunt,
1208 1789 1367 1872 quod
1394 1790 1457 1849 in
1492 1802 1724 1872 partem
1761 1791 2167 1854 sollicitudinis

36 1884 294 1945 Ecclesiae
319 1887 491 1945 Petro
525 1886 846 1945 commissae
879 1887 998 1944 sint
1029 1886 1251 1961 vocati,
1277 1897 1407 1944 tum
1438 1886 1616 1946 etiam
1643 1888 1779 1969 quia
1798 1934 1814 1965 ,
1857 1910 1931 1949 ex
1963 1887 2164 1966 dictis,

36 1988 237 2043 Petrus
283 1993 370 2043 est
399 1983 526 2043 fons
568 1995 628 2044 et
668 1986 825 2063 origo
858 1982 1220 2043 ecclesiastici
1265 1981 1528 2059 ordinis,
1558 2004 1667 2044 nec
1695 2006 1819 2044 non
1858 1987 2166 2068 potestatis

42 2225 312 2272 testimoniis
347 2224 432 2272 cfr.
475 2222 650 2272 Natalis
680 2223 817 2274 Alex.
850 2224 960 2273 diss.
993 2222 1027 2285 4
1051 2258 1066 2286 ,
1146 2238 1223 2271 eos
1256 2232 1494 2288 propterea
1531 2225 1887 2289 compescendos
1910 2224 1963 2275 S.
1997 2225 2171 2277 Hiero-

42 2308 92 2353 in
123 2305 265 2354 secui.
294 2322 309 2352 ι
334 2343 345 2364 ,
370 2303 396 2371 §
426 2303 460 2370 4
477 2343 490 2366 ‚
525 2305 623 2371 obj.
654 2321 682 2354 2
700 2342 715 2370 ,
759 2305 842 2354 ubi
885 2306 985 2355 fuse
1017 2324 1068 2355 ea
1146 2322 1316 2371 nymus
1341 2306 1675 2355 vehementiori
1703 2308 1819 2373 stylo
1848 2326 1925 2357 eos
1950 2313 2169 2374 perstrin-

40 2405 95 2437 ac
130 2379 396 2453 plenissime
419 2389 623 2437 discutit.
663 2388 768 2438 Jam
786 2389 844 2438 de
863 2389 951 2437 hoc
970 2390 1069 2454 ipso
1151 2390 1246 2453 git,
1278 2390 1360 2454 qui
1393 2389 1453 2437 ob
1482 2391 1802 2448 auctoritatem
1821 2401 1868 2440 et
1883 2395 2170 2459 majestatem

41 2480 218 2534 egerat,
249 2468 299 2520 S.
338 2469 642 2534 Augustinus,
676 2469 756 2518 De
780 2469 1065 2536 Baptismo,
1146 2468 1364 2535 Episcopi
1395 2473 1575 2519 romani
1609 2488 1656 2520 se
1688 2473 1923 2522 audebant
1951 2475 2171 2540 praeferre

41 2549 132 2600 lib.
166 2568 238 2611 ιιι,
263 2568 366 2617 cap.
390 2552 439 2601 3.
475 2552 576 2601 cfr.
603 2554 742 2602 etiam
771 2551 913 2601 Card.
934 2551 1065 2613 Orsi,

43 2630 115 2682 De
130 2650 248 2682 rom.
271 2634 531 2698 Pontificio
546 2636 826 2682 auctoritate
844 2672 857 2695 ‚
885 2634 971 2684 lib.
992 2646 1063 2694 ln,

44 2733 148 2782 cap.
181 2716 211 2765 3
232 2754 245 2776 ,
280 2727 369 2766 art.
411 2734 453 2767 1.

115 2798 185 2863 (l)
219 2799 319 2848 Cfr.
370 2799 628 2859 Baronius,
677 2798 736 2848 ad
774 2817 883 2848 ann.
930 2796 1063 2860 258,

48 2897 98 2931 n.
139 2878 203 2944 42
248 2891 292 2930 et
329 2898 454 2948 seqq.
489 2898 597 2930 cum
634 2883 790 2930 critica
824 2880 982 2946 Pagii,
1015 2885 1066 2931 in

47 2981 155 3011 ann.
197 2960 315 3024 256,
346 2967 535 3029 etjuxta
561 2964 813 3013 Batonium
835 2963 952 3030 259.
965 2965 1063 3016 Cfr.

47 3046 157 3093 item
179 3043 360 3096 Gerdil.
387 3049 438 3094 in
466 3064 542 3112 op.
558 3043 738 3095 Esame
762 3045 843 3094 dei
859 3048 1030 3096 motion·
1043 3051 1058 3107 ',

51 3135 139 3175 etc.
169 3137 284 3191 part.
316 3145 352 3177 11
371 3165 384 3187 ‚
410 3139 497 3178 art.
531 3125 565 3176 6
584 3166 597 3188 ,
626 3146 733 3194 opp.
767 3139 882 3177 tom.
905 3144 1005 3178 x1v.

117 3205 188 3270 (2)
227 3208 325 3258 cfr.
338 3209 513 3259 Natalis
532 3209 662 3259 Alex.
678 3211 768 3259 loc.
791 3212 872 3259 cit.
891 3208 1061 3259 Sensus

52 3288 255 3351 profecto
289 3289 339 3339 S.
369 3291 635 3358 Hieronymi
675 3294 723 3340 in
753 3291 932 3358 objecto
958 3291 1061 3341 loco

50 3387 102 3419 ex
120 3373 222 3436 ejus
246 3388 381 3437 scopo
405 3377 685 3438 apertissime
709 3375 965 3440 colligitur,
985 3391 1059 3423 re-

51 3453 278 3501 tundendi
294 3456 511 3504 nimirum
529 3457 829 3507 diaconorum
847 3458 1060 3506 Ecclesiae

52 3551 253 3582 romanae
278 3535 516 3584 audaciam
537 3574 551 3597 ‚
583 3541 663 3604 qui
691 3556 738 3588 se
763 3539 1063 3604 praeferebant

51 3615 330 3682 Presbyter-is
348 3653 362 3680 ,
401 3619 548 3667 innixi
584 3623 736 3670 nescio
766 3623 841 3670 cui
872 3639 1065 3670 consue-

52 3698 222 3760 tudini,
242 3714 346 3765 quae
363 3700 540 3766 vigebat
559 3704 608 3750 in
624 3718 745 3754 rom.
763 3703 980 3753 Ecclesia.
998 3703 1068 3753 Ad

1146 2550 1425 2619 Presbyteris
1465 2553 1659 2602 aliarum
1701 2555 1978 2606 dioeceseon.
2017 2556 2171 2623 Quare

1147 2637 1309 2684 merito
1333 2634 1385 2686 S.
1403 2635 1712 2703 Hieronymus
1730 2639 1889 2698 docet,
1923 2639 2172 2707 Episcopus

1147 2736 1307 2768 omnes
1329 2756 1342 2780 ,
1372 2730 1574 2785 spectata
1594 2722 1735 2770 solius
1760 2721 1981 2789 Episcopi
2008 2725 2172 2774 condi-

1146 2804 1271 2851 tione
1285 2812 1331 2852 et
1347 2803 1609 2851 charactere
1623 2839 1637 2862 ‚
1656 2805 1856 2870 aequales
1871 2822 1969 2855 esse
1983 2843 1997 2867 ,
2020 2823 2176 2873 neque*

1145 2901 1305 2933 eorum
1343 2884 1615 2949 dignitatem
1650 2888 1947 2937 intrinsecam
1969 2889 2171 2954 pendere

1144 2984 1171 3015 a
1202 2969 1363 3033 majori
1389 2965 1462 3016 vel
1495 2969 1665 3015 minori
1693 2966 1934 3019 civitatum
1975 2981 2055 3020 aut
2080 2970 2171 3021 Ec-

1144 3049 1391 3098 clesiarum
1423 3050 1755 3115 amplitudine.

1211 3130 1279 3195 (3)
1306 3131 1402 3180 Cfr.
1433 3130 1719 3197 Binghamus
1740 3167 1754 3194 ‚
1782 3133 2041 3199 Origines,
2073 3139 2172 3187 sive

1140 3213 1369 3277 antiquit.
1390 3213 1752 3275 ecclesiasticen,
1777 3214 1867 3266 lib.
1891 3233 1954 3278 u,
1980 3234 2086 3283 cap.
2104 3233 2133 3266 2
2152 3253 2167 3276 ‚

1140 3292 1167 3360 §
1201 3311 1262 3358 7,
1308 3306 1352 3344 et
1393 3313 1497 3361 cap.
1554 3312 1642 3363 19,
1676 3294 1830 3363 §143
1879 3309 1922 3347 et
1955 3299 2167 3364 Theoph.

1138 3375 1450 3442 Raynaudus‚
1483 3380 1533 3424 in
1563 3396 1640 3443 op.
1668 3381 1750 3428 cit.
1774 3378 1963 3429 Corona
1984 3397 2134 3428 aurea
2151 3415 2168 3444 ,

1139 3457 1198 3506 ad
1245 3475 1402 3508 vocem
1443 3458 1632 3525 Papae,
1676 3461 1759 3510 ubi
1795 3462 2032 3522 observat,
2072 3479 2169 3512 non

1147 3538 1298 3588 solum
1329 3537 1649 3590 Sacerdotibus
1674 3560 1848 3592 nomen
1889 3543 2039 3603 istud,
2089 3539 2169 3595 sed

1149 3621 1363 3686 quandoq
1370 3639 1426 3670 ue
1440 3623 1548 3687 ipsis
1562 3623 1738 3675 clericis
1751 3626 1977 3675 inferioris
1997 3626 2170 3677 ordinis

1153 3703 1291 3751 fuisse
1317 3702 1562 3754 tributum.
