2514 4218
503 245 659 282 Par-T.
702 244 737 279 1.
787 243 890 280 CAP
959 244 1047 280 111.
1098 244 1164 279 ΒΕ
1208 240 1476 280 EGCLESJAE
1520 239 1695 277 NO'rls.

2048 216 2162 276 137

65 410 245 472 prope
266 387 660 466 religiosorum
681 384 909 444 familiae
925 430 942 461 ‚
969 406 1098 466 quae
1120 396 1248 443 tum
1274 383 1522 465 propriae
1549 379 1890 462 perfectioni
1919 380 2162 441 student

65 496 193 543 tum
222 481 618 564 proximorum
655 479 932 554 utilitati,
983 477 1355 537 ineluctabile
1395 487 1530 535 sunt
1573 474 2013 534 documentum.
2061 476 2163 534 In-

64 598 236 659 super
266 574 586 657 prophetiae
628 596 691 632 ac
728 572 1138 632 miraculorum
1173 570 1328 630 dono
1374 581 1815 650 ceterorumque
1842 568 2163 629 charisma-

62 683 184 730 tum
211 691 316 752 per
338 680 530 728 aetates
551 668 806 748 singulas
828 664 1287 750 quamplurimos
1309 668 1370 723 in
1385 665 1590 725 eadem
1609 664 1850 724 Ecclesia
1872 663 2163 740 claruisse,

61 776 441 824 monumenta
471 763 711 822 indubia
735 771 1054 833 testantur,
1088 780 1219 839 quae
1249 760 1486 817 nonnisi
1509 759 1583 819 ab
1606 758 1919 818 incredulis
1946 758 2165 838 despici

62 871 303 940 possunt
340 859 461 939 (1),
502 880 611 917 nec
649 858 817 940 pauci
855 844 1169 914 adverSarii
1210 852 1470 911 fatentur
1502 879 1518 926 ς
1577 854 1829 933 rigidum
1879 865 2166 934 praeterea

63 975 306 1013 examen
326 998 341 1026 a
374 952 530 1034 quod
558 952 631 1011 de
654 952 720 1010 iis
743 948 970 1010 institui
1004 946 1151 1006 solet
1167 991 1183 1023 ,
1210 947 1475 1028 quamvis
1498 947 1903 1007 rationabilem
1927 947 2167 1008 dubita-

63 1051 281 1110 tionem
306 1049 378 1109 de
401 1049 635 1109 illorum
664 1047 907 1108 veritate
928 1043 1189 1104 excludit
1213 1042 1323 1123 (2).
1355 1044 1500 1102 Mira
1524 1042 1765 1102 demum
1787 1043 2168 1104 foecunditate

131 1247 207 1332 (1)ᾖ
234 1268 330 1316 Cfr.
375 1267 577 1316 Judocus
625 1263 818 1312 Coccius
847 1297 863 1325 ‚
900 1281 973 1328 op.
1020 1272 1063 1311 et

60 1349 147 1399 loc.
179 1353 259 1399 cit.
279 1347 353 1399 De
380 1339 534 1412 siquis
555 1344 787 1394 Ecclesiae
808 1382 820 1403 ‚
846 1355 933 1393 art.
967 1344 1025 1392 13
1047 1381 1061 1404 ‚

60 1431 317 1496 Perpetuis
343 1426 594 1477 miraculis
619 1443 780 1474 veram
796 1424 1065 1475 Ecclesiam

62 1529 91 1560 a
111 1512 237 1577 falsa
267 1514 559 1570 internosci,
598 1510 680 1557 ubi
713 1509 901 1558 exhibet
936 1518 1064 1556 cata-

59 1596 216 1659 logum
233 1594 480 1641 illustrium
500 1590 716 1641 Ecclesiae
736 1591 1064 1639 miraculorum

61 1688 163 1725 ante
193 1686 236 1724 et
273 1685 376 1741 post
408 1674 645 1722 Christum
683 1683 845 1721 natum
884 1672 942 1720 ad
969 1673 1089 1729 haec,

61 1775 207 1823 usque
232 1763 440 1820 tempora
461 1794 471 1815 ‚
494 1773 661 1820 nempe
689 1751 830 1802 1580.
847 1752 1068 1819 Quamvis

59 1857 154 1888 non
186 1841 372 1896 omnia,
404 1854 506 1904 quae
537 1839 613 1885 hic
640 1848 797 1885 auctor
833 1847 1062 1896 recenset,

58 1923 278 1971 miracula
295 1923 351 1970 ad
368 1923 546 1970 critices
569 1923 802 1969 severioris
820 1920 940 1984 leges
952 1922 1067 1985 exigi

59 2006 256 2070 possint,
276 2004 407 2068 plura
426 2014 584 2050 tamen
610 2011 718 2050 sunt
736 2038 750 2061 ‚
781 2017 887 2067 quae
902 2003 955 2048 in
973 2001 1063 2049 du-

57 2085 189 2133 bium
217 2085 391 2150 absque
419 2085 608 2132 levitate
631 2100 683 2132 ac
713 2084 962 2131 temeritate
994 2100 1068 2131 re·-

62 2168 212 2214 vocari
244 2176 502 2231 nequeunt.
532 2165 642 2215 Vid.
681 2166 818 2213 etiam
843 2162 1032 2229 Segneri
1048 2198 1066 2223 ,

62 2246 364 2296 L’incredulo
394 2263 541 2294 senza
569 2263 709 2294 seusa
728 2283 742 2310 ,
759 2263 808 2310 p.
830 2260 891 2306 11,
912 2263 1015 2310 cap.
1039 2245 1068 2293 5

63 2328 121 2376 3(1
151 2345 220 2394 9;
260 2326 397 2374 Card.
445 2325 600 2388 Gaui,
628 2326 705 2374 La
745 2343 855 2374 vera
893 2326 1071 2374 Ckiesa

63 2409 118 2456 di
158 2408 348 2469 Cristo,
404 2407 607 2472 Bologna
664 2422 819 2473 1719,
868 2417 982 2455 to'm.
1019 2424 1067 2467 1,

63 2506 168 2555 cap.
203 2506 263 2553 23
295 2489 617 2549 Bollandiani‚
662 2492 812 2536 m'ens.
846 2487 1070 2552 septemb.

62 2583 179 2622 tom.
207 2590 252 2637 vi
272 2610 284 2632 ‚
309 2572 420 2620 edit.
450 2571 688 2636 Antwerp.
719 2572 778 2618 ad
797 2572 921 2620 diem
957 2587 1035 2618 xlx
1050 2606 1068 2632 ‚

62 2673 166 2721 pag.
183 2652 280 2703 852
295 2688 312 2715 ,
338 2651 462 2720 ξας),
491 2651 770 2700 Ostenditur
787 2650 1070 2699 luculentis-

62 2738 200 2784 simis
233 2736 517 2784 testimoniis
537 2772 550 2796 ‚
577 2735 786 2798 qratiam
813 2732 1073 2781 miraculo-

64 2835 172 2867 rum
196 2833 522 2884 perseverasse
547 2817 604 2862 in
628 2813 848 2866 Ecclesia
862 2833 882 2876 ‚-
925 2814 1072 2864 inau-

65 2900 174 2949 ditm
218 2899 474 2949 calumnioe
515 2898 726 2948 Joannie
777 2897 956 2948 Clerici
1017 2898 1073 2946 id

63 2984 364 3050 impudenter
395 2985 632 3048 neyantis.

116 3067 185 3132 (2)
203 3067 423 3117 Confecto
437 3068 665 3128 examine,
679 3083 733 3115 ac
745 3083 826 3131 per
837 3061 1070 3114 decretum

67 3147 297 3199 Pontificis
314 3144 466 3198 (1111116
484 3150 541 3197 de
564 3147 808 3197 virtutibus
838 3146 1035 3195 resoluto
1055 3182 1070 3208 ,

71 3229 196 3278 aliud
221 3234 497 3298 proponitur
527 3250 554 3280 a
589 3248 684 3280 sac.
728 3232 902 3278 rituum
946 3228 1072 3277 Con-

72 3314 322 3376 gregatione
353 3331 367 3362 1
399 3312 485 3363 An
509 3322 554 3361 et
580 3313 636 3361 de
655 3312 831 3378 quibus
857 3311 1071 3359 miracu-

69 3392 132 3440 lis
163 3402 334 3443 constet
345 3396 403 3444 ad
415 3397 635 3446 effectum
659 3433 674 3457 ‚
700 3395 859 3460 dequo
883 3395 1072 3459 aqitur?

69 3475 157 3524 Hic
175 3478 269 3542 jam
292 3481 563 3542 supponitur
593 3478 828 3528 confectus
844 3476 1071 3544 juridicus

68 3572 302 3625 processus
341 3556 398 3605 de
428 3558 551 3621 sacti
586 3561 812 3620 veritate,
842 3569 886 3606 et
916 3559 1072 3625 inqui-

59 3641 171 3686 ritur
199 3641 248 3685 in
295 3640 392 3705 ejus
431 3640 632 3689 valorem
665 3659 718 3691 ac
747 3651 958 3699 naturam
980 3678 993 3701 ,
1026 3650 1071 3689 et

60 3723 248 3786 gradum
284 3722 608 3772 miraculorum
626 3759 640 3788 ‚
679 3740 780 3790 quae
805 3735 979 3790 patrata
1008 3723 1064 3772 ad

1146 1264 1488 1312 invocationem
1520 1264 1716 1331 alicujus
1748 1268 1866 1314 servi
1898 1264 1983 1314 Dei
2009 1252 2166 1331 perhi-¹

1147 1342 1337 1395 bentur.
1372 1345 1434 1394 Ut
1457 1361 1593 1409 porro
1617 1346 1730 1394 felix
1761 1346 1901 1413 hujus
1929 1347 2169 1397 resolutio-

1148 1427 1221 1474 nis
1251 1429 1398 1475 exitus
1426 1429 1700 1491 contingat,
1722 1430 1972 1493 requiritur
1995 1445 2010 1477 1
2036 1434 2088 1476 1⁰
2107 1428 2170 1478 Ut.

1148 1526 1230 1574 per
1260 1519 1393 1557 testes
1435 1509 1492 1558 de
1523 1511 1624 1558 visu
1643 1546 1659 1566 ,
1711 1520 1791 1558 aut
1825 1513 1964 1559 etiam
1990 1511 2048 1559 de
2083 1529 2170 1560 au-

1150 1590 1248 1638 ditu
1266 1609 1292 1638 a
1322 1590 1513 1640 testibus
1546 1593 1604 1640 de
1624 1593 1723 1640 visu
1739 1628 1756 1652 ,
1799 1602 1879 1640 aut
1903 1601 2118 1657 praeterea
2143 1611 2171 1642 a

1151 1671 1342 1720 testibus
1376 1673 1561 1721 auditus
1585 1674 1643 1721 de
1686 1673 1844 1721 auditu
1863 1711 1877 1734 ‚
1904 1683 2080 1722 constet
2114 1673 2172 1724 de

1150 1763 1376 1819 utroque,
1409 1764 1461 1801 ut
1478 1762 1675 1812 vocant,
1706 1754 1918 1803 miraculi
1936 1765 2170 1817 extremo,

1153 1837 1313 1882 mortis*
1350 1853 1419 1884 ex.
1443 1853 1513 1899 gr.
1537 1847 1591 1884 'et
1605 1838 1892 1884 excitationis
1908 1871 1926 1898 ,
1949 1836 2099 1885 morbi
2128 1847 2174 1886 et

1153 1919 1422 1966 sanationis.
1462 1925 1512 1965 2⁰
1546 1916 1666 1965 Cum
1705 1918 1763 1966 de
1804 1919 1895 1967 hoc
1934 1921 2174 1983 posteriori

1152 1999 1486 2047 miraculorum
1522 2016 1684 2064 genere
1727 2016 1878 2048 sermo
1918 2009 2018 2062 est,
2061 2017 2174 2049 con-

1153 2091 1272 2129 stare
1311 2092 1529 2146 praeterea
1574 2081 1712 2129 debet
1751 2081 1808 2130 de
1852 2090 2029 2145 septem
2060 2099 2172 2130 con-

1154 2164 1442 2212 currentibus
1478 2164 1535 2212 ad
1572 2180 1674 2212 vere
1712 2173 1758 2212 et
1790 2165 1973 2228 proprie
1997 2163 2175 2213 dictum

1154 2245 1836 2307 miraculumconstituendum3
1857 2245 1984 2311 quod
2002 2246 2176 2294 scilicet

1155 2327 1342 2375 morbus
1371 2330 1432 2374 sit
1460 2330 1635 2390 gravis,
1670 2327 1744 2374 vel
1772 2327 2070 2390 impossibilis
2100 2327 2174 2376 vel

1155 2418 1317 2456 curatu
1334 2407 1563 2467 difficilis;
1594 2408 1721 2473 quod
1742 2408 1931 2455 morbus
1951 2443 1965 2466 ‚
1996 2410 2078 2473 qui
2095 2408 2177 2456 de-

1155 2489 1346 2554 pellitur
1362 2527 1375 2550 ,
1397 2507 1495 2538 non
1520 2489 1580 2538 sit
1611 2493 1659 2537 in
1679 2489 1842 2537 ultima
1860 2500 1992 2554 parte
2008 2500 2174 2554 status,

1155 2572 1218 2619 ita
1233 2577 1285 2622 ut
1299 2572 1422 2619 haud
1439 2571 1585 2618 multo
1597 2581 1698 2635 post
1721 2568 1952 2619 declinare
1969 2570 2135 2620 debeat
2157 2587 2175 2634 3

1157 2652 1283 2717 quod
1330 2653 1461 2700 nulla
1495 2652 1703 2700 adhibita
1752 2652 1924 2700 fuerint
1970 2652 2176 2702 medica-

1158 2736 1340 2793 menta,
1378 2735 1454 2783 vel
1482 2770 1497 2794 ,
1533 2737 1570 2783 si
1596 2735 1773 2783 fuerint
1807 2734 2012 2783 adhibita
2033 2771 2047 2795 ,
2084 2751 2177 2783 cer-

1155 2826 1256 2864 tum
1300 2819 1358 2865 sit
1402 2834 1454 2865 ea
1497 2819 1692 2865 minime
1733 2816 1993 2882 profuisse3
2047 2816 2176 2882 quod

1156 2900 1329 2946 sanatio
1371 2898 1522 2946 subita
1561 2901 1618 2947 sit
1669 2906 1810 2964 atque
1846 2900 2175 2961 instantanea3

1157 2981 1284 3048 quod
1309 2984 1488 3029 sanatio
1516 2983 1574 3029 sit
1612 2982 1840 3046 perfecta,
1875 2998 1971 3028 non
2010 2996 2175 3029 manca

1155 3062 1230 3111 vel
1251 3064 1432 3110 concisa
1460 3079 1473 3122 3
1522 3062 1647 3128 quod
1687 3060 1815 3109 nulla
1843 3071 2000 3110 notatu
2037 3060 2177 3127 digna

1156 3146 1291 3193 crisis
1326 3144 1553 3209 praecedat
1589 3141 1871 3208 temporibus
1920 3141 2091 3192 debitis
2129 3153 2177 3192 et

1156 3242 1263 3275 cum
1304 3243 1442 3275 causa
1479 3245 1492 3284 3
1532 3235 1760 3290 postremo
1795 3225 1922 3291 quod
1969 3223 2176 3273 sublatus

1156 3308 1347 3357 morbus
1368 3326 1465 3357 non
1493 3308 1661 3356 redeat.
1685 3307 1738 3355 3⁰
1764 3305 1827 3356 Ut
1853 3324 1959 3355 vero
1984 3315 2086 3355 tuto
2116 3305 2176 3355 de

1156 3391 1212 3438 iis
1228 3401 1434 3438 constare
1447 3391 1604 3456 possit,
1632 3395 1794 3454 praeter
1809 3397 1962 3449 testes,
1987 3388 2045 3437 de
2069 3389 2176 3453 qui-

1156 3472 1244 3521 bus
1281 3473 1488 3521 diximus
1526 3505 1543 3532 ,
1586 3472 1909 3520 adsciscuntur
1954 3489 1979 3519 a
2024 3484 2174 3517 causae

1156 3554 1510 3619 postulatoribus
1539 3554 1703 3602 medici
1733 3591 1746 3614 ,
1781 3547 2169 3619 pharmacopolae,

1158 3636 1356 3703 chirurgi
1382 3674 1394 3695 ‚
1428 3646 1514 3685 etc.
1543 3638 1574 3684 ii
1608 3638 1830 3701 nimirum
1859 3650 2018 3684 omnes
2058 3634 2139 3698 qui
2158 3669 2172 3692 ‚

1149 3730 1316 3768 ‘curam
1362 3721 1513 3783 aegroti
1561 3728 1892 3784 susceperunt3
1937 3714 2010 3764 his
2052 3715 2171 3782 adji-
