2514 4218
603 230 757 272 PART.
807 230 848 266 1.
894 229 1013 266 CAP.
1060 229 1147 266 111.
1198 230 1267 266 DE
1311 224 1577 266 ECCLESIAE
1620 225 1793 264 nous.

2134 200 2246 261 173
2279 288 2289 293 ἱ

141 406 308 458 rum,
341 382 441 464 qui
479 378 576 439 illa
608 385 928 459 operantur
954 418 969 447 ,
1017 393 1285 455 expresse
1320 380 1649 453 propugnat
1684 366 1961 429 adversus
1996 366 2248 428 Fabrum

140 477 471 539 haereticum
502 472 612 552 (1).

219 573 297 632 27
303 571 357 630 5
403 569 494 630 Ad
536 570 657 642 9¹¹¹,
698 568 857 626 Dist.
899 565 1042 623 Vera
1092 572 1193 619 aut
1240 561 1618 643 apparentia
1664 580 1825 619 conc.
1847 582 1867 625 ‚·
1911 578 2078 632 vera,
2113 582 2248 642 neq.

141 665 372 726 Etenim
389 666 754 746 EspencaeuS,
787 681 922 719 cum
945 665 1209 716 accurate
1229 654 1623 762 expendisset,
1641 654 1782 737 quid
1797 653 2087 714 daemones
2112 676 2253 736 pos-

141 761 261 820 sint
291 760 387 821 vel
420 781 542 818 non
570 756 794 839 possint
822 775 892 813 ex
918 740 1052 811 Dei
1057 747 1473 831 permissione
1508 771 1758 832 cumque
1781 749 2148 826 ostendisset,
2178 749 2254 809 il-

142 854 262 929 los,
295 858 417 914 Deo
452 852 868 935 permittente,
905 843 1254 927 quandoque
1291 845 1608 924 praestigias
1639 856 1740 904 aut
1766 847 2108 928 apparentia
2134 845 2255 904 mi-

143 948 335 1009 racula
366 970 466 1008 seu
489 949 652 1027 signa
674 945 861 1004 facere
878 958 1048 1022 posse
1065 982 1082 1012 ,
1106 938 1353 1019 inquirit
1379 937 1441 996 in
1465 938 1824 1000 characteres
1846 986 1862 1015 ,
1895 938 2103 1023 quibus
2127 951 2255 1000 tuto

142 1044 428 1127 possimus
460 1042 603 1102 falsa
629 1051 692 1102 et
729 1034 1068 1120 apparentia
1097 1054 1400 1113 magorum
1427 1044 1484 1094 et
1509 1035 1993 1116 praestigiatorum
2024 1058 2198 1120 opera
2222 1059 2257 1096 a

145 1139 250 1199 Dei
275 1150 335 1198 et
361 1140 702 1198 Sanctorum
729 1128 1000 1212 operibus
1028 1128 1421 1189 internoscere
1444 1130 1561 1209 (2).

227 1234 367 1293 276.
420 1231 505 1292 Ad
537 1230 685 1302 10¹³,
724 1227 885 1285 Dist.
916 1222 1135 1283 Eodem
1154 1244 1364 1294 sensu,
1388 1246 1505 1305 quo
1531 1223 1592 1283 id
1630 1224 2000 1285 contendunt
2027 1228 2259 1288 romani

149 1327 431 1407 theologi,
470 1336 690 1390 trans.,·
707 1321 770 1379 in
792 1339 965 1379 sensu
989 1317 1338 1394 adversarii,
1375 1339 1504 1398 neq.
1526 1320 1676 1378 Sane
1702 1322 1757 1379 S.
1784 1322 2031 1381 Irenaeus
2056 1334 2260 1406 aperte

147 1421 351 1496 docet,
402 1416 697 1479 haereticos
744 1414 1016 1474 seducere
1057 1434 1176 1494 per
1205 1416 1479 1494 mayicas
1525 1415 1831 1474 illusiones
1873 1427 1932 1474 et
1975 1420 2261 1478 universa

143 1516 368 1594 fraude
395 1512 520 1593 (3),
561 1521 852 1593 negatque
875 1555 891 1585 ,
929 1530 1067 1571 vera
1097 1508 1372 1568 miracula
1410 1507 1483 1568 ab
1518 1509 1658 1592 ipsis
1684 1510 1810 1601 fieri
1838 1509 1949 1591 (4).
1999 1510 2262 1595 Idipsum

219 1747 285 1812 (l)
323 1745 449 1796 Ibid.
493 1762 596 1812 pag.
639 1744 768 1809 408,
814 1744 973 1793 scribit
1003 1760 1017 1791 ι
1047 1743 1155 1792 Aa-

144 1838 271 1879 verte
300 1832 444 1879 etiam
462 1867 475 1890 ,
506 1827 744 1878 miracula
768 1827 834 1876 ad
856 1827 1157 1876 commenda-

143 1914 319 1962 tionem
341 1913 556 1979 proprioe
584 1911 860 1962 sanctitatis
892 1918 1082 1958 tantum
1125 1925 1157 1957 a

148 1994 343 2044 Sanctis
363 1995 496 2059 fieri.
516 1995 574 2043 Et
595 2013 701 2060 pag.
728 1992 830 2061 409
849 2031 862 2054 ,
895 1993 984 2042 sibi
1016 1988 1157 2058 oppo-

143 2079 213 2126 nit
239 2095 294 2126 ex
320 2076 586 2126 Comment.
617 2076 718 2126 Jac.
749 2076 885 2125 Fabri
907 2075 1154 2141 Stapulen-

152 2160 212 2205 sis
245 2175 259 2206 ε
290 2157 402 2219 Non
431 2159 560 2214 enim
587 2157 759 2206 Sancti
778 2165 894 2204 sunt
913 2194 926 2217 ,
960 2158 1049 2222 qui
1071 2156 1154 2221 fa-,

154 2241 294 2287 ciunt
307 2257 418 2287 vera
434 2240 674 2288 miracula
683 2274 699 2299 ‚
727 2239 810 2287 sed
830 2239 908 2287 ille
922 2241 1011 2303 qui
1031 2240 1157 2303 facit

149 2319 404 2367 mirabilia
444 2336 622 2384 maqna
668 2319 796 2367 solus
828 2336 851 2380 ,-
905 2335 1003 2367 non
1047 2335 1157 2383 erqo

147 2398 344 2454 Sanctis
390 2400 549 2450 cultus
574 2409 774 2467 propter
803 2401 948 2464 siqna
992 2399 1160 2448 haberi

146 2480 280 2529 debet
298 2517 312 2541 ,
344 2481 428 2530 sed
450 2483 641 2530 auctori
672 2481 1018 2530 miraculorum
1034 2516 1049 2542 ‚
1071 2482 1160 2546 qui

149 2562 276 2612 solus
301 2561 434 2613 Deus
476 2572 575 2621 est;
616 2564 714 2612 haec
732 2602 747 2625 ,
775 2567 970 2630 inquam
995 2600 1009 2625 ‚
1046 2580 1156 2612 cum

150 2644 238 2693 sibi
271 2644 512 2710 objecisset
559 2631 840 2704 salma-on,
879 2645 1052 2709 duplici
1080 2660 1157 2693 ra·-

146 2728 276 2774 tione
296 2726 457 2774 solvit:
480 2733 528 2774 1⁰
544 2742 650 2774 vera
676 2742 772 2774 esse
795 2725 1017 2773 miracula
1047 2723 1157 2773 San·

151 2818 352 2867 ctorum,
369 2810 478 2874 quia
488 2807 613 2856 Deus
625 2809 672 2855 in
691 2809 754 2856 eis
766 2817 809 2856 et
821 2824 902 2872 per
916 2824 992 2857 eos
1011 2807 1153 2856 facie-

143 2889 264 2951 hat3
300 2898 354 2938 2⁰
391 2892 501 2956 quia
525 2889 651 2938 Deus
671 2886 861 2938 Sanctos
892 2891 1031 2954 signis
1067 2890 1155 2939 bo-

143 2976 339 3022 nestavit
364 3011 376 3034 ‚
403 2974 507 3022 ideo
545 2972 700 3021 Sancti
726 2972 908 3021 colendi
928 2983 1053 3023 sunt.

212 3057 276 3121 (2)
296 3056 563 3122 Espencaeus
582 3093 595 3117 ,
619 3052 685 3103 In
696 3057 1006 3121 posteriorem
1030 3060 1155 3122 epis-

140 3136 280 3186 tolam
309 3138 381 3188 D.
409 3138 569 3186 Pauli
584 3136 805 3203 Apostoli
838 3137 904 3186 ad
934 3136 1152 3185 Timoth.

143 3223 512 3270 commentarius
538 3259 552 3278 ‚
601 3238 711 3269 cum
776 3219 1157 3286 diqressionibus

144 3317 284 3349 xxxin
305 3339 319 3363 ,
365 3303 473 3352 edit.
509 3304 662 3354 Lutet.
707 3303 851 3352 Paris.
894 3300 1052 3369 1619,
1087 3302 1157 3351 di-

145 3399 284 3446 gress.
313 3399 412 3444 xxv,
433 3402 531 3451 pag.
549 3382 647 3449 384
665 3423 679 3443 ‚
706 3383 803 3451 jam
823 3386 1109 3451 praemiserat
1132 3401 1147 3432 τ

147 3464 313 3529 Specie
357 3471 528 3527 tenus,
563 3483 671 3531 quae
697 3483 728 3516 a
767 3483 876 3515 vero
909 3463 1009 3516 Deo
1043 3473 1160 3513 sunt

147 3553 330 3605 creata,
360 3545 632 3612 (daemones)
652 3556 860 3607 mutant,
888 3537 946 3596 ut
969 3547 1165 3596 videan-

148 3635 230 3675 tur
254 3642 370 3685 esse,
391 3626 514 3690 quod
541 3642 638 3675 non
657 3637 790 3678 sunt.
812 3629 869 3678 Et
882 3647 986 3696 pag.
1022 3626 1119 3678 382
1142 3664 1160 3691 ,

151 3725 287 3772 agens
329 3706 385 3755 de
413 3708 615 3772 maqicis
647 3709 933 3774 imposturis
970 3718 1015 3758 et
1034 3726 1163 3776 proe-

1245 1741 1419 1809 stiqiis,
1436 1743 1587 1793 solum
1601 1742 1823 1804 affirmat,
1839 1761 1973 1809 posse
1986 1743 2139 1796 Deum
2156 1763 2264 1813 per-

1245 1829 1428 1875 mittere
1446 1864 1459 1886 ,
1482 1836 1534 1874 ut
1556 1826 1768 1876 homines
1784 1813 1892 1875 mali
1913 1830 2162 1893 praestigias
2181 1828 2259 1878 fa-

1243 1910 1367 1957 ciant
1389 1945 1402 1969 ,
1428 1908 1682 1974 etquidem
1701 1908 1946 1957 interdum
1968 1946 1983 1970 ,
2014 1913 2078 1959 ita
2106 1921 2264 1961 tamen

1243 1986 1297 2038 ut
1320 1993 1570 2038 vincantur
1587 2006 1602 2053 3
1620 1993 1790 2056 passim
1811 1994 1954 2040 etiam
1974 1991 2127 2041 Deum
2149 1992 2257 2042 illos

1242 2071 1485 2136 prohibere
1503 2071 1696 2120 occultis
1715 2072 1885 2122 modis.
1905 2071 2102 2139 Quando
2118 2093 2262 2141 prop-

1245 2165 1365 2204 terea
1386 2155 1510 2204 idem
1543 2164 1734 2216 auctor,
1766 2173 1872 2221 pag.
1907 2152 2037 2220 384,
2069 2157 2262 2207 scribit:

1242 2234 1379 2285 Illud
1409 2245 1586 2285 nostroe
1625 2239 1783 2302 maqis
1804 2238 2085 2303 farraqinis
2105 2277 2118 2300 ,
2152 2256 2265 2289 cum

1241 2317 1482 2366 miracula
1510 2315 1611 2366 Deo
1643 2327 1687 2366 et
1725 2318 1914 2367 diabolo
1932 2355 1949 2381 ‚
1992 2320 2206 2369 Christo·
2221 2331 2266 2371 et

1243 2397 1546 2446 Antichristo
1563 2435 1577 2458 ,
1597 2396 1801 2463 Anqelis
1815 2407 1862 2447 et
1880 2399 2164 2450 hominibus
2179 2401 2264 2451 ho-

1243 2481 1326 2528 nis
1357 2489 1499 2544 atque
1527 2478 1671 2529 malis
1701 2483 1977 2530 communia
2003 2484 2136 2544 sint,
2162 2484 2266 2535 hoec

1242 2560 1308 2608 ad
1328 2559 1592 2624 falsitatem
1624 2561 2016 2626 persuadendam
2036 2600 2052 2620 ,
2084 2563 2171 2613 illa
2200 2565 2267 2613 ad

1235 2640 1358 2705 fidei
1377 2644 1625 2690 veritatem
1648 2643 2052 2706 confirmandam,
2091 2662 2184 2711 quo
2206 2662 2266 2694 ea>

1242 2721 1375 2787 lydio
1401 2722 1563 2789 lapide
1591 2724 1974 2774 internoscamus
1995 2726 2030 2774 ,Ρ
2063 2726 2265 2777 Evidens

1244 2815 1310 2854 est
1328 2840 1342 2865 a
1380 2823 1478 2854 non
1505 2805 1635 2872 loqui
1671 2809 1760 2855 nisi
1790 2807 1849 2856 de
1878 2809 2113 2866 miraculis
2138 2806 2266 2859 salsis

1243 2887 1651 2952 etapparentibus‚
1665 2905 1793 2954 quae,
1814 2887 1914 2938 Deo
1934 2892 2230 2955 permittente
2247 2929 2262 2954 ,

1244 2968 1480 3017 interdum
1511 2987 1536 3017 a
1571 2970 1780 3018 daemoue
1817 2987 1899 3035 per
1925 2971 2071 3021 malos
2105 2972 2263 3022 homi-

1244 3068 1327 3100 nes
1360 3051 1484 3100 fiunt
1516 3054 1645 3119 juata
1669 3055 1930 3117 praemissa,
1969 3071 2066 3103 non
2102 3066 2262 3106 autem

1243 3134 1302 3183 de
1334 3137 1476 3183 veris.
1512 3134 1634 3182 Hinc
1667 3135 1828 3183 subdit
1849 3135 2030 3201 regulas
2056 3155 2122 3187 -ex
2164 3137 2263 3188 Au-

1243 3219 1426 3282 gustino
1456 3226 1500 3266 et
1527 3216 1718 3281 Origene
1745 3253 1761 3280 ,
1790 3235 1905 3284 quas
1931 3222 2124 3285 nosipsi
2152 3221 2263 3270 alias

1243 3301 1485 3348 attulimus
1503 3335 1518 3360 ‚
1545 3299 1716 3366 quibus
1742 3317 1846 3350 vera
1860 3302 2262 3352 miraculaafalsis

1244 3383 1630 3431 internoscamus.

1317 3463 1382 3528 (3)
1421 3464 1527 3512 Lib.
1556 3481 1619 3523 11,
1646 3480 1746 3529 cap.
1776 3462 1861 3528 31,
1888 3483 1941 3515 n.
1961 3482 2011 3528 2,
2044 3466 2156 3514 edit.
2183 3467 2261 3515 cit.

1316 3547 1381 3610 (h)
1419 3546 1541 3594 Ibid.
1576 3545 1782 3595 subdens
1802 3564 1817 3595 :
1845 3546 1949 3596 Nec
1967 3548 2096 3605 enim
2123 3549 2263 3596 caecis

1238 3636 1442 3694 possunt
1462 3630 1475 3691 (
1489 3627 1724 3692 haeretici)
1757 3622 1937 3676 donare
1963 3629 2122 3677 visum
2139 3665 2154 3689 ‚
2178 3645 2261 3678 ne-

1245 3726 1336 3774 que
1366 3709 1526 3758 surdis
1553 3709 1778 3759 auditum
1796 3748 1809 3772 ,
1842 3719 1930 3759 etc.
