2514 4218
2053 241 2127 298 81

393 258 550 299 mer.
599 260 639 297 1.
687 258 808 296 cu.
849 259 914 296 11.
963 260 1032 300 ns
1073 235 1288 299 cmus‘h
1332 259 1761 335 scot3consrrr.

125 403 259 462 139.
303 399 390 460 Ad
413 399 497 457 4¹1¹
518 443 533 472 ,
564 399 718 457 Disc.
742 398 902 460 Falso
923 401 1208 482 principio
1226 399 1385 460 ducti
1404 445 1420 474 ,
1444 420 1601 460 conc.
1612 424 1632 467 ,·
1647 405 1779 478 jure
1801 419 1867 459 ac
1890 401 2122 477 merim,

39 521 163 578 neq.
211 494 344 555 Ideo
377 492 534 552 enim
569 493 803 573 Heyne‚
840 494 1210 568 EichorniuS,
1247 494 1542 554 Paulus'ius
1566 538 1583 569 ,
1608 493 1818 575 aliique
1843 496 2127 572 ejusmodi

43 592 303 651 homines
330 588 393 646 in
410 586 561 647 hanc
583 588 931 647 sententiam
959 600 1271 662 venerunt,
1311 588 1469 670 quod
1495 597 1855 648 assumerent
1879 610 1894 647 ε
1919 589 1984 647 10
2009 591 2127 649 Ve-

44 706 170 744 rum
188 703 309 742 esse
319 682 765 741 fundamentum
792 680 1127 740 historicum
1145 682 1493 762 scriptorum
1512 682 1874 742 ethnicorum
1897 727 1914 756 .,
1946 704 2131 765 quum

45 790 239 837 tamen
258 788 510 852 constet,
526 777 654 835 illos
672 777 949 858 mythicas
973 769 1332 848 narrationes
1351 777 1566 837 referre
1590 789 1723 860 post
1747 777 1913 860 plura
1938 777 2128 836 secula

46 894 78 930 a
100 882 386 953 tempore,
415 892 533 951 quo
548 871 648 930 illa
671 880 825 950 gesta
835 879 1280 949 supponuntur3
1311 869 1479 944 dum,
1495 891 1621 951 quae
1637 872 1898 932 historici
1912 871 2128 932 hebraei

46 979 103 1025 et
134 966 427 1025 christiani
453 961 911 1047 supernaturalia
939 962 1232 1038 referunt,
1267 963 1471 1049 eadem
1492 975 1690 1042 aetate,
1727 988 1840 1048 qua
1864 965 1950 1025 illi
1993 968 2130 1026 scri·-

46 1071 319 1143 pserunt‚
361 1082 567 1140 magna
600 1058 802 1118 saltem
828 1078 896 1115 ex
919 1068 1084 1137 parte
1117 1058 1461 1138 contigerint
1481 1103 1497 1133 ,
1540 1069 1601 1119 et
1627 1081 1828 1144 eorum
1868 1061 2131 1144 plerique

43 1166 216 1215 testes
259 1154 468 1214 oculati
505 1164 563 1213 et
592 1173 724 1234 pars
771 1162 1062 1230 gestorum
1097 1152 1314 1212 fuerint
1353 1152 1475 1232 (1).
1519 1153 1687 1227 Quod
1731 1169 2125 1232 assumerent,

40 1253 108 1310 20
142 1250 406 1310 eamdem
441 1269 560 1310 esse
593 1248 878 1307 rationem
919 1247 1256 1328 mythorum
1304 1249 1460 1330 apud
1501 1251 1774 1332 profanos
1817 1253 2126 1333 scriptores

40 1358 98 1406 et
126 1348 405 1406 factorum
432 1342 961 1424 supernaturalium
991 1342 1147 1424 apud
1172 1343 1483 1424 scriptores
1509 1365 1694 1404 sacros
1713 1389 1731 1419 ,
1771 1366 1905 1405 cum
1929 1357 2129 1409 tamen

42 1441 295 1514 infinito,
302 1448 385 1497 ut
403 1438 482 1496 ita
502 1436 727 1512 dicam,
757 1436 1067 1497 intervallo
1090 1436 1213 1496 haec
1241 1437 1352 1496 ab
1337 1438 1588 1501 invicem
1616 1438 1864 1514 distent·
1895 1440 2130 1521 mythus

43 1537 232 1609 enim,
267 1536 422 1610 cujus
460 1532 617 1612 origo
649 1481 1001 1613 probabilius
1034 1531 1106 1591 ab
1132 1533 1410 1614 AEgyptiis
1443 1533 1835 1594 sacerdotibus
1862 1535 2061 1617 coepit
2067 1557 2133 1595 ac

42 1629 251 1691 deinde
282 1626 357 1686 ad
394 1626 532 1686 alias
557 1637 756 1706 gentes
789 1637 1136 1709 propagatus
1167 1638 1254 1686 est
1289 1628 1378 1708 (2)
1402 1672 1419 1704 ‚
1454 1650 1576 1689 non
1614 1629 1723 1688 fuit
1758 1629 1871 1688 nisi
1900 1628 2132 1691 involu—

28 1845 172 1914 jadis
183 1844 305 1893 dans
326 1844 367 1893 le
373 1847 659 1912 paqanisme
670 1854 714 1894 et
730 1846 771 1895 le
771 1845 1046 1913 judaisme,

43 1930 173 1978 avait
204 1927 460 1975 desormais
485 1928 622 1994 pris,
658 1945 725 1977 au
765 1930 869 1977 sein
901 1931 1050 1978 merae

44 2011 110 2058 du
138 2010 522 2073 christianisme,
550 2028 684 2059 assez
705 2010 764 2060 de
781 2012 912 2076 force
933 2012 1051 2061 etde

44 2093 339 2140 consistance
362 2109 489 2158 pour
521 2095 683 2158 reaqir
710 2101 869 2141 contre
904 2092 944 2142 le
982 2093 1054 2143 sol

44 2172 127 2236 qui
142 2172 305 2222 l’avait
323 2179 508 2238 portes,
537 2174 832 2223 c’est-‹i-dire
850 2212 865 2237 ,
895 2184 1053 2224 contre

53 2253 99 2301 la
118 2254 321 2317 reliqion
339 2270 494 2314 reque.
521 2255 648 2304 Cette
670 2257 881 2304 reaction
896 2292 909 2314 ‚
922 2265 1054 2305 tour-

54 2337 136 2381 ne'e
162 2332 355 2381 d‘abord
384 2334 635 2382 seulement
663 2344 821 2383 contre
857 2334 1055 2400 l’quise

56 2414 329 2463 dominante
345 2452 357 2473 ‚
369 2415 526 2479 forma
542 2415 583 2465 le
600 2416 763 2464 drame
776 2402 909 2465 noble
930 2419 1057 2465 mais

55 2494 351 2560 rapidement
393 2498 595 2543 termine
627 2497 683 2544 de
720 2496 768 2543 la
808 2497 1007 2560 refhrme
1035 2514 1055 2557 ‚·

50 2575 163 2642 plus
195 2575 301 2622 tard
327 2574 410 2623 elle
437 2593 485 2624 se
512 2576 699 2640 diriqea
741 2594 843 2625 vers
867 2577 934 2625 les
967 2578 1051 2626 do-

55 2673 246 2705 cumens
271 2655 497 2722 bibliques
514 2694 528 2718 ‚
565 2666 716 2718 et‚-se
744 2659 1063 2723 manifestant

61 2754 127 2786 au
161 2737 300 2785 debut
321 2754 417 2802 par
431 2737 495 2784 les
519 2737 680 2786 arides
707 2741 955 2786 tentatives
981 2742 1057 2785 re-

59 2818 433 2868 volutionnaires
448 2818 512 2865 du
538 2810 712 2866 deisme
733 2853 747 2880 ‚
774 2818 865 2885 elle
889 2827 957 2867 est
978 2836 1059 2867 ar-

58 2902 183 2948 rivee
201 2902 356 2965 jusqu
359 2898 476 2946 'auat
515 2908 662 2965 temps
708 2898 774 2948 les
799 2899 913 2965 plus
958 2917 1058 2949 mo-

60 2980 225 3030 dernos
232 2997 329 3046 par
339 2980 419 3028 des
432 2980 843 3045 transformatam
859 2983 1055 3031 oarssees

63 3061 134 3110 En
166 3079 278 3126 opus
310 3064 678 3126 protestantismi.
905 3114 907 3117 .

129 3145 197 3208 (l)
235 3145 365 3193 Certe
381 3145 556 3211 Moyses
576 3162 762 3205 eorum,
789 3162 888 3210 quae
922 3145 1060 3193 refert

67 3225 118 3271 in
159 3225 287 3274 libris
313 3226 458 3274 Exodi
492 3236 535 3275 et
567 3225 872 3275 Numer-orum
894 3263 907 3286 ,
934 3229 1060 3274 testis

72 3305 216 3352 extitit
238 3307 435 3354 'ocularis
464 3343 478 3366 ,
528 3309 622 3356 imo
663 3316 709 3355 et
742 3325 846 3372 pars
896 3324 1060 3371 magna

75 3384 191 3447 fuit3
233 3387 369 3436 refert
409 3390 535 3436 enim
570 3388 772 3453 prodigia
814 3391 1017 3453 ingentia
1046 3424 1058 3447 ‚

78 3480 178 3530 quae
210 3475 381 3529 patrata
410 3479 516 3517 sunt
551 3471 644 3518 sive
680 3471 729 3517 in
755 3469 951 3535 AEgypto·
971 3471 1064 3519 sive

80 3548 129 3593 in
146 3546 315 3594 deserto
330 3564 481 3598 coram
494 3552 703 3600 universo
719 3551 886 3616 populo
899 3551 1065 3617 AEgyp-

82 3629 196 3675 tiaco
226 3638 270 3676 et
299 3627 556 3680 Israelitico.
585 3631 638 3680 Id
665 3635 815 3698 ipsum
855 3633 1032 3702 dicatur
1049 3669 1063 3692 ‚

84 3718 135 3757 ut
144 3709 254 3757 alios
272 3714 631 3775 mmet-mittam,
649 3714 708 3765 de
721 3712 942 3781 Apostolis
959 3714 1072 3765 Mat-

165 3790 230 3848 T.
283 3790 422 3848 VIII.

1129 1847 1249 1896 thaeo
1278 1857 1322 1897 et
1350 1847 1531 1898 Joanne
1548 1885 1561 1910 ,
1598 1851 1679 1915 qui
1706 1849 1761 1897 iis
1789 1849 2132 1908 interfuerunt,

1131 1947 1232 1996 quae
1254 1929 1416 1978 litteris
1451 1932 1780 1996 consignarunt
1800 1967 1815 1991 ,
1839 1933 1989 1997 iisque
2013 1932 2141 1995 pari-

1130 2020 1198 2060 ter
1222 2012 1540 2072 tradiderunt,
1580 2014 1664 2077 qui
1695 2011 1961 2061 eorumdem
1991 2022 2142 2076 gesto—

1131 2110 1236 2142 rum
1260 2090 1534 2158 spectatores
1554 2092 1758 2143 fuerant.
1779 2093 1885 2142 Jam
1907 2111 2015 2142 vero
2032 2094 2146 2158 quid

1133 2192 1384 2224 commune
1410 2177 1549 2224 estin
1578 2175 1651 2223 his
1669 2175 2014 2224 narrationibus
2039 2192 2149 2223 cum

1134 2258 1207 2316 iis,
1228 2272 1331 2322 quae
1352 2256 1592 2306 ediderunt
1609 2254 1958 2305 Sanchuniaton
1970 2255 2148 2323 AEgyp-

1136 2339 1228 2385 tius
1246 2373 1260 2396 ‚
1278 2337 1471 2385 Berosus
1500 2336 1743 2385 Chaldaeus
1766 2374 1780 2397 ‚
1800 2335 2050 2386 'Diodorus
2080 2334 2154 2385 Si-

1138 2417 1299 2476 culus,
1343 2416 1514 2481 aliique
1549 2417 1778 2483 ejusmodi
1808 2453 1822 2474 ‚
1857 2419 1939 2481 qui
1972 2434 2043 2465 res
2080 2434 2155 2465 re-

1138 2497 1294 2545 ferunt
1342 2496 1554 2562 pluribus
1605 2507 1711 2545 ante
1764 2497 1930 2545 seculis
1956 2506 2125 2562 gestas
2143 2533 2157 2556 ‚

1082 2627 1092 2636 κ
1140 2593 1335 2643 quaeque
1359 2592 1466 2625 vere
1493 2575 1553 2625 ad
1578 2585 1754 2641 partem
1787 2577 2151 2642 mythologicam

1139 2658 1434 2706 historiarum
1467 2674 1655 2705 suarum
1693 2667 1901 2722 spectant
1927 2661 1953 2706 ⁸?

1210 2738 1276 2801 (2)
1309 2736 1436 2803 Opus
1465 2755 1562 2786 non
1599 2748 1669 2788 est
1700 2739 1839 2804 longa
1874 2739 2156 2795 discussione

1141 2819 1200 2867 ad
1240 2820 1331 2868 hoc
1371 2819 1675 2868 evincendum
1696 2856 1709 2880 ‚
1751 2837 1858 2868 cum
1901 2820 2154 2869 habeamus

1142 2909 1302 2948 testem
1328 2917 1424 2948 non
1452 2910 1710 2966 suspectum
1735 2936 1749 2960 ‚
1782 2902 1863 2965 qui
1890 2900 1939 2948 id
1957 2918 2053 2948 non
2073 2918 2150 2949 so-

1142 2979 1241 3026 lum
1274 2978 1500 3040 affirmat,
1535 2981 1616 3029 sed
1648 2980 1896 3028 contendit.
1931 2978 2052 3028 Talis
2085 2990 2152 3029 est

1141 3059 1359 3113 Salvador
1381 3066 1431 3111 in
1463 3079 1537 3128 op.
1561 3064 1634 3110 cit.
1665 3059 1999 3109 ‹Iesus-Christ
2023 3070 2067 3110 et
2092 3078 2148 3111 sa

1141 3145 1353 3194 doctrine
1370 3180 1384 3207 ‚
1411 3153 1526 3193 tom.
1554 3157 1595 3203 1,
1620 3142 1697 3190 ch.
1728 3158 1755 3189 2
1772 3176 1788 3202 ‚
1807 3140 1926 3191 Etat
1961 3142 2040 3190 des
2070 3159 2143 3191 es·

1134 3227 1262 3291 prits
1295 3234 1339 3273 et
1377 3225 1458 3273 des
1487 3238 1740 3288 croyances
1766 3223 1886 3270 dans
1934 3222 2149 3272 l’Orient

1143 3316 1185 3356 et
1201 3307 1324 3356 dans
1365 3306 1411 3355 la
1447 3304 1628 3364 Grece,
1674 3321 1783 3352 cum
1825 3307 1946 3353 notis
1981 3323 2139 3371 respe-

1144 3391 1292 3438 ctivis.
1319 3387 1418 3437 cfr.
1441 3389 1578 3435 etiam
1602 3386 1756 3434 Reone
1774 3422 1788 3447 ‚
1819 3383 1918 3434 Des
1939 3390 2059 3434 etats
2075 3387 2142 3435 du

1145 3469 1283 3520 Nord
1298 3506 1314 3534 ‚
1337 3480 1450 3518 tom.
1468 3485 1501 3516 11
1519 3505 1533 3528 ‚
1555 3477 1636 3516 art.
1659 3483 1676 3515 1
1708 3504 1722 3528 ‚
1740 3483 1845 3533 pag.
1867 3485 1928 3534 70
1942 3478 1987 3517 et
2006 3485 2136 3532 seqq,

1147 3552 1270 3601 Paris
1296 3550 1452 3614 18353
1486 3548 1791 3615 Philosophia
1813 3549 1870 3598 de
1895 3549 1942 3598 la
1958 3547 2139 3613 mytho-

1148 3635 1266 3700 loqie
1282 3671 1296 3697 ‚
1310 3649 1407 3700 par
1429 3631 1509 3682 M.
1543 3629 1804 3697 Schellinq.

1798 3791 1833 3846 6
