2514 4218
620 255 779 293 PART.
825 256 866 292 1.
912 255 1034 293 CAP.
1079 256 1168 293 111.
1218 255 1284 292 DE
1329 252 1597 292 ECCLESIAE
1640 253 1816 291 NO'rls.

2161 232 2277 292 171

169 395 596 479 congregationi
618 396 840 454 rituum
871 394 944 454 de
972 394 1086 454 illis
1125 394 1417 455 miraculis
1453 393 1776 453 constiterit
1802 414 1832 452 a
1865 392 2108 453 testibus
2137 415 2280 454 ocu-—

168 496 301 554 latis
347 503 447 556 aut
485 489 731 552 testibus
771 490 1001 549 auditus
1035 513 1067 549 a
1108 489 1442 550 videntibus
1463 535 1479 563 7
1517 488 1590 548 ab
1623 511 1689 550 ea
1725 488 2102 567 rejiciuntur,
2131 490 2283 551 adeo

167 602 235 650 ut
259 589 454 671 plures
486 608 670 647 causae
694 587 903 646 horum
930 587 1159 647 defectu
1195 587 1431 657 testium
1468 606 1760 668 suspensae
1784 586 2143 658 manserint,
2176 599 2280 646 aut

168 684 400 767 penitus
428 682 750 743 exciderint
777 682 882 761 (1).

248 779 390 838 271.
442 777 529 836 Ad
563 777 644 835 5¹1¹
666 822 681 851 7
719 778 870 856 Neq.
908 774 1137 855 Ubique
1159 774 1319 849 enim
1343 785 1472 834 tum
1505 777 1660 835 intra
1696 775 2110 836 catholicarum
2139 797 2281 858 pro-

169 873 494 935 vinciarum
522 873 668 931 fines
689 917 704 946 ,
745 882 874 930 tum
896 870 957 928 in
989 867 1323 947 regionibus
1346 869 1676 930 infidelium
1698 917 1714 945 ‚
1741 883 1801 931 et
1823 872 2280 931 protestantium

168 968 338 1050 plura
374 979 601 1049 patrata
647 965 1030 1049 perhibentur
1061 962 1361 1023 miracula.
1401 965 1469 1023 In
1507 967 1853 1043 Germania,
1891 967 1955 1026 in
2002 968 2281 1027 Americae

174 1063 489 1144 provinciis
519 1061 816 1122 foederatis
835 1104 852 1134 ‚
875 1060 942 1117 in>
957 1056 1160 1117 Galliis
1191 1057 1346 1118 edita
1378 1058 1732 1120 exhibentur
1752 1105 1767 1136 ,
1792 1062 1872 1121 ita
1899 1073 1966 1121 ut
1993 1063 2107 1144 ipsi
2134 1065 2279 1122 Pro-

171 1169 450 1218 testantes
471 1157 700 1217 illorum
722 1165 898 1214 testes
925 1153 1141 1212 fuerint
1162 1153 1270 1235 (2).
1303 1154 1472 1228 Quod
1497 1177 1636 1216 vero
1663 1155 1933 1216 subditur
1952 1202 1968 1232 a
1995 1158 2289 1218 tentando

171 1254 363 1335 potius
385 1275 563 1335 quam
585 1261 739 1310 certa
761 1248 1015 1331 quadam
1050 1249 1269 1309 virtute
1292 1240 1353 1309 et
1375 1250 1482 1310 Dei
1507 1252 1771 1333 potentia
1806 1251 2085 1312 miracula
2114 1254 2242 1312 fieri
2261 1298 2279 1329 .,

171 1347 312 1428 quid
326 1343 650 1427 significat?
678 1345 902 1426 Nempe
923 1365 1057 1403 cum
1075 1343 1359 1403 Catholici
1381 1343 1456 1404 de
1474 1365 1534 1404 se
1548 1366 1670 1405 non
1683 1358 2066 1428 praesumant,
2096 1349 2285 1407 Deum

171 1444 484 1515 invocant,
521 1451 587 1498 ut
617 1439 692 1498 ad
715 1439 1191 1500 intercessionem
1216 1438 1454 1518 alicujus
1480 1440 1596 1499 Viri
1627 1441 1822 1501 Sancti
1846 1485 1860 1515 ‚
1899 1441 1995 1502 vel
2031 1444 2157 1520 ejus
2183 1443 2285 1524 qui

173 1549 240 1595 ut
262 1539 499 1595 Sanctus
521 1534 772 1594 habetur
790 1580 806 1609 ,
835 1535 882 1593 si
919 1534 1159 1616 quidem
1185 1535 1238 1594 ei
1266 1535 1451 1597 visum
1485 1535 1693 1610 fuerit,
1733 1546 1793 1594 et
1817 1535 1960 1596 velit
1981 1535 2287 1616 glorificari

173 1634 235 1690 in
266 1631 366 1690 tali
399 1632 640 1703 Sanct0‚
676 1629 786 1689 hoc
824 1629 917 1689 vel
958 1628 1105 1688 illud
1131 1629 1332 1691 facere,
1366 1641 1468 1688 aut
1488 1641 1766 1712 praestare
1798 1628 2095 1713 dignetur.
2131 1632 2286 1691 Deus

169 1726 314 1788 'vero
331 1772 347 1800 ‚
374 1727 474 1807 qui
501 1726 776 1784 dominus
815 1736 903 1784 est
934 1724 1223 1784 donorum
1262 1746 1498 1785 suorum
1520 1771 1537 1800 ,
1575 1725 1638 1785 id
1665 1726 1966 1786 interdum
1990 1725 2287 1803 concedit,

174 1820 471 1897 interdum
508 1843 648 1880 vero
679 1842 800 1878 non
827 1818 1110 1880 concedit.
1141 1819 1296 1893 Quid
1323 1819 1464 1881 inde
1494 1832 1696 1885 contra
1728 1820 2050 1880 miracula?
2089 1821 2293 1897 Addo,

171 1938 293 1975 non
306 1915 487 1976 semel
506 1917 667 1975 Viros
689 1916 927 1979 Sanctos
950 1960 966 1990 ,
992 1915 1238 1974 interius
1268 1936 1364 1974 eos
1383 1915 1505 1975 Deo
1535 1927 1811 1977 movente
1833 1960 1850 1992 ,
1873 1912 2188 1998 imperasse
2216 1938 2288 1976 ex

165 2023 326 2072 certa
359 2014 574 2073 virtute
589 2009 958 2092 Dei7sibique
980 2021 1251 2070 naturam
1280 2009 1701 2093 obsequentem
1715 2022 1985 2094 expertos
1996 2011 2286 2092 suisse(3).

243 2204 309 2267 (1)
346 2204 569 2268 Exemplo
586 2206 642 2251 sit
655 2220 791 2251 causa
811 2205 958 2252 nostri
972 2220 1080 2252 ven.
1094 2203 1191 2251 An-

177 2283 295 2332 dreae
326 2284 512 2333 Bobolae
552 2283 603 2331 S.
639 2283 686 2332 J.
720 2286 770 2330 in
812 2287 945 2350 cujus
971 2287 1065 2332 vita
1090 2302 1190 2348 sep-

176 2375 269 2413 tem
300 2384 436 2430 supra
458 2376 644 2414 centum
683 2365 741 2413 ab
771 2383 825 2414 eo
855 2367 1082 2415 miracula
1103 2382 1187 2430 pa-

176 2456 291 2494 trata
317 2447 650 2511 perhibentur3
684 2463 792 2495 cum
817 2457 974 2500 tamen
993 2458 1188 2496 ventum

176 2538 242 2577 est
269 2528 329 2576 ad
348 2531 446 2593 ejus
474 2545 658 2576 causam
695 2529 1032 2578 discutiendam
1060 2526 1188 2593 juxta

174 2612 411 2660 decretum
454 2609 629 2658 Bened.
678 2626 755 2657 xiv
785 2648 803 2669 ,
848 2610 923 2658 die
960 2625 1023 2675 27
1070 2609 1182 2674 Maj.

182 2688 310 2758 1749
346 2707 361 2738 ε
394 2689 508 2738 Non
538 2698 754 2738 constare
794 2688 852 2736 de
880 2694 1116 2754 martyrio
1143 2697 1190 2736 et

174 2789 324 2822 causa
353 2774 584 2838 martyrii
598 2789 691 2839 per
722 2772 926 2822 directas
939 2772 1186 2838 probatio-

174 2872 258 2904 nes
276 2893 289 2916 ‚
321 2855 542 2904 videlicet
557 2872 647 2922 per
671 2863 809 2903 testes
826 2853 884 2902 de
912 2856 1050 2912 visu,
1075 2871 1185 2902 con-

175 2946 309 2986 testes
333 2937 525 2985 idoneos
552 2945 597 2984 et
621 2945 756 3003 aptos
770 2954 790 2998 ‚-
823 2939 905 3002 qui
930 2946 1085 2986 tamen
1111 2939 1185 2985 in-

175 3018 350 3079 dulsit,
396 3031 448 3068 ut
495 3019 650 3068 denuo
693 3027 1021 3084 proponeretur
1059 3017 1183 3067 idem

178 3101 372 3150 dubium
390 3138 408 3164 ‚
446 3104 510 3150 ita
536 3111 692 3150 tamen
720 3111 773 3148 ut
801 3118 898 3148 non
932 3110 1085 3164 posset
1116 3117 1186 3148 re-

178 3181 325 3243 solvi,
352 3187 441 3233 nisi
460 3186 629 3250 praevio
659 3185 868 3231 examine
904 3199 950 3230 iv
981 3183 1184 3229 miracu-

179 3261 326 3311 lorum
350 3282 365 3329 ;
396 3283 504 3314 cum
523 3268 718 3332 inquam
734 3300 751 3327 ,
782 3265 841 3312 ad
860 3264 982 3312 hanc
1000 3279 1186 3311 causam

180 3343 332 3392 denuo
361 3347 709 3412 expendendam
738 3356 926 3395 ventum
963 3355 1077 3394 esset
1100 3344 1187 3393 sub

182 3423 394 3490 Gregorio
418 3444 526 3488 ni,
558 3447 610 3478 ex
642 3434 850 3494 septem,
883 3442 986 3493 quae
1017 3429 1187 3475 exami-

180 3508 334 3556 nanda
365 3509 583 3558 miracula
624 3512 854 3576 proposita
891 3519 1031 3569 sunt,
1064 3526 1184 3556 non·

181 3592 269 3637 nisi
303 3589 359 3637 de
387 3605 483 3637 uno
504 3600 710 3640 constare
737 3593 1096 3658 pronunciatum
1119 3601 1185 3639 est

181 3673 240 3720 ab
278 3672 440 3721 eodem
479 3670 704 3722 Pontifice
742 3675 926 3724 decreto
966 3689 1048 3722 vm
1093 3673 1186 3722 kal.

184 3752 321 3805 Febr.
367 3750 508 3802 1835.
545 3752 694 3819 Atque
736 3754 783 3801 id
814 3754 1003 3820 quidem
1030 3773 1083 3804 ex
1111 3755 1190 3803 de-

1273 2203 1398 2252 fectu
1427 2205 1631 2252 testium.

1341 2286 1405 2347 (2)
1425 2286 1788 2335 Percrebuerunt
1807 2287 1984 2334 nonita
1997 2285 2175 2350 pridem
2195 2301 2290 2333 non

1272 2383 1417 2430 pauca
1446 2366 1667 2415 miracula
1691 2367 1809 2415 edita
1840 2376 1996 2414 nostra
2030 2365 2120 2413 hac
2144 2374 2292 2414 aetate

1273 2457 1371 2495 tum
1420 2450 1470 2495 in
1510 2447 1755 2496 Germania
1799 2457 1899 2495 tum
1943 2449 1994 2494 in
2043 2448 2292 2510 provinciis

1272 2528 1494 2578 Americae
1519 2528 1765 2578 foederatis.
1795 2527 1892 2594 Ego
1921 2530 2018 2592 ipse
2048 2528 2145 2576 vidi
2171 2527 2292 2576 rela-

1271 2613 1445 2661 tionem
1488 2630 1543 2661 ex
1572 2612 1781 2661 America
1811 2611 1870 2660 de
1891 2613 2198 2676 instantaneis
2222 2628 2294 2659 sa-

1270 2693 1532 2743 nationibus
1551 2731 1566 2755 ,
1600 2712 1702 2760 quae
1738 2693 1913 2741 ibidem
1931 2695 2067 2741 annis
2086 2694 2294 2758 proxime

1263 2776 1582 2842 superioribus
1638 2777 1961 2841 contigerunt,
2007 2784 2052 2822 et
2094 2790 2296 2840 quarum.

1268 2868 1403 2907 testes
1434 2859 1622 2908 fuerunt
1653 2861 1740 2923 ipsi
1760 2858 1926 2906 medici
1952 2864 2291 2921 protestantes,

1269 2945 1350 3008 qui
1387 2953 1571 3004 tamen,
1604 2960 1659 2991 ex
1679 2943 1935 3006 anticipatis
1958 2949 2087 2989 sectae
2115 2941 2295 3005 suaeju-

1269 3018 1406 3067 dieiis
1431 3055 1445 3077 ‚
1483 3021 1632 3085 rogati
1679 3017 1928 3079 noluerunt
1971 3018 2292 3065 testimonium

1269 3100 1395 3148 dare.
1412 3099 1483 3148 De
1499 3101 1782 3166 apparitione
1798 3097 1958 3146 Crucis
1983 3135 1997 3157 ‚
2032 3107 2200 3145 cuncto
2222 3098 2296 3144 in-

1270 3170 1504 3246 spectante
1526 3181 1716 3247 populo,
1731 3182 1782 3228 in
1798 3178 1957 3228 Galliis
1971 3179 2095 3244 apud
2115 3180 2295 3242 Miqne

1271 3266 1320 3311 in
1363 3264 1547 3312 dioecesi
1599 3262 1874 3310 pictaviensi
1919 3258 2033 3309 alias
2082 3259 2294 3308 disserui-

1271 3363 1403 3408 mus,
1428 3348 1504 3394 cui
1533 3347 1672 3393 etiam
1697 3343 2008 3392 interfuerunt
2027 3342 2294 3390 Protestan—

1272 3436 1338 3475 tes
1358 3463 1372 3487 ,
1406 3429 1489 3493 qui
1515 3424 1798 3473 miraculum
1827 3428 1978 3473 testati
1996 3433 2123 3471 sunt.

1339 3508 1405 3573 (3)
1443 3507 1502 3557 Ut
1524 3508 1611 3555 alia
1625 3509 1855 3568 omittam,
1875 3507 1965 3556 cfr.
1990 3507 2082 3553 vita
2100 3502 2153 3556 S.
2176 3500 2293 3549 Vin-

1270 3593 1411 3640 centii
1439 3590 1631 3638 Ferrerii
1655 3624 1670 3651 ,
1705 3588 1830 3654 apud
1862 3586 2191 3637 Bollandianos
2232 3585 2295 3632 ad

1271 3671 1394 3721 diem
1430 3688 1455 3718 v
1486 3667 1638 3735 April.
1665 3687 1767 3735 pag.
1801 3665 1900 3731 504
1925 3677 1969 3717 et
1998 3682 2129 3730 seqq.
