2514 4218
312 180 469 216 mur.
515 180 551 215 1.
597 179 746 215 secr.
798 180 863 215 11.
912 179 1037 216 GAP.
1083 180 1170 216 111.
1216 180 1282 214 mi
1325 178 1452 214 Nu.
1501 180 1566 213 ΕΤ
1617 178 1734 216 JUR.
1782 179 1938 215 Pium.
2060 158 2178 217 445

72 326 275 382 emissa
298 367 312 396 ,
338 323 396 379 in
428 342 539 402 qua
571 322 880 379 auctoritas
925 341 1197 402 suprema
1224 318 1464 379 Concilii
1489 319 1772 400 generalis
1816 342 1990 400 supra
2025 324 2185 381 Pone

73 421 285 479 tificem
316 417 577 477 struitur.
618 418 781 495 Ergo·

154 513 290 572 646.
338 513 510 592 Resp.
579 510 665 570 Ad
715 512 814 586 lm,
856 511 1012 570 Disc.
1066 508 1387 568 Concilium
1434 509 1875 568 Constantiense
1921 503 2181 571 decrevit

73 628 404 690 supremam
442 605 681 666 Concilii
708 615 1056 687 potestatem
1082 626 1258 685 super
1284 604 1592 664 Contifices
1622 603 1829 664 dubios
1869 615 1926 663 et
1963 604 2037 665 ad
2064 605 2184 664 tol-

70 701 312 762 lendum
349 700 595 759 schisma
623 745 640 774 .,
677 721 837 759 conc.
847 720 868 768 ;
901 720 1071 780 supra
1114 698 1420 758 Pontifices
1453 710 1673 774 certos7
1699 721 1827 779 neq.
1865 698 1931 758 ld
1957 710 2184 760 constat

70 818 142 856 ex
170 798 295 878 ipso
315 795 597 877 prooemio
629 794 848 854 decreti
870 815 1006 853 sess,
1043 794 1116 850 IV
1146 837 1162 866 ,
1189 791 1290 869 ubi
1316 805 1516 875 aperte
1544 793 1699 852 illius
1718 794 1960 854 Concilii
1984 807 2179 877 patres

71 890 368 951 declarant
405 912 418 948 ε
459 895 581 949 Pro
609 893 1003 969 extirpatione
1020 891 1338 966 proesentis
1357 891 1695 948 schismatis
1721 889 1834 971 (l).
1865 889 2011 947 Cum
2043 909 2182 949 vero

71 1008 193 1044 non
215 985 328 1044 alio
363 1005 536 1044 sensu
565 1004 630 1044 ea
668 983 896 1044 decreta
926 980 1270 1064 probaverit
1307 982 1613 1044 concilium
1648 983 1972 1044 Basileense
2000 1029 2016 1058 .,
2048 989 2184 1062 jure

71 1080 341 1151 infertur,
359 1078 644 1157 ejusmodi
665 1076 906 1139 decretis
928 1075 1089 1134 nulla
1118 1077 1341 1136 ratione
1356 1078 1814 1158 praeeminentiae
1836 1099 1987 1137 rom.
2011 1081 2176 1138 Pon-
2220 1136 2222 1138 ,

70 1174 238 1234 tificis
262 1176 404 1234 certi
429 1197 602 1257 supra
628 1171 878 1234 Concilia
906 1171 1194 1251 generalia
1226 1172 1510 1252 derogari.
1550 1173 1608 1231 Si
1651 1172 1902 1232 addatur
1925 1218 1941 1248 7
1983 1174 2180 1233 incer-

74 1281 201 1328 tum
225 1270 466 1329 omnino
500 1291 655 1345 esse,
683 1278 882 1326 utrum
906 1287 1014 1348 pro
1035 1267 1391 1325 oecumenico
1418 1266 1620 1326 haberi
1646 1266 1859 1327 debeat
1889 1269 2180 1329 Constan-

72 1364 255 1423 tiense
276 1364 594 1423 Concilium
628 1362 691 1420 in
724 1360 838 1420 illis
866 1358 1215 1419 sessionibus
1236 1359 1311 1418 ob
1343 1382 1410 1419 ea
1441 1360 1652 1442 quibus
1682 1360 1985 1421 laborabat
2018 1363 2176 1440 vitia,

72 1459 372 1540 multoque
405 1479 539 1518 vero
573 1458 751 1537 magis
782 1454 1106 1515 Concilium
1134 1453 1460 1514 Basileense
1481 1502 1498 1525 ,
1542 1454 1701 1536 quod
1746 1455 1916 1515 desiit
1940 1457 2004 1514 in
2037 1478 2179 1516 con-

73 1554 404 1613 ciliabulum
437 1553 864 1612 schismaticum
886 1596 902 1621 ,
942 1563 1116 1632 atque
1153 1572 1220 1609 eo
1266 1552 1538 1632 prorupit
1575 1550 1823 1611 audaciae
1843 1596 1860 1626 ,
1901 1563 1965 1610 ut
1993 1553 2180 1631 Euge-

73 1651 236 1708 nium
261 1650 357 1725 IV,
382 1648 704 1728 legitimum
733 1638 1103 1719 Pontificem,
1136 1644 1470 1705 haereticum
1507 1645 1885 1706 declaraverit
1909 1668 1974 1706 ac
2003 1646 2181 1729 depo-

72 1745 271 1820 suerit,
297 1744 500 1825 quanti
522 1741 793 1802 faciendae
816 1742 934 1800 sint
953 1741 1077 1800 istae
1104 1742 1473 1800 auctoritates
1489 1785 1505 1815 ‚
1523 1740 1747 1821 patebit
1763 1742 1874 1819 (2).
1903 1743 2180 1801 Attamen

71 1838 299 1898 decreta
325 1838 537 1898 horum
564 1837 935 1897 conciliorum
976 1846 1114 1893 sunt
1152 1834 1314 1894 sedes
1357 1836 1659 1917 praecipuae
1696 1837 1972 1910 omnium
2011 1858 2183 1917 argu-

71 1945 443 2006 mentorum,
494 1933 702 2015 quibus
755 1932 1026 1990 nituntur
1066 1929 1381 2012 adversarii
1428 1929 1630 1990 fulcire
1677 1932 2181 2012 praeeminentiam

72 2028 312 2087 Concilii
334 2028 593 2111 acephali
616 2049 788 2110 super
814 2048 962 2086 rom.
998 2027 1337 2087 Pontificem
1366 2026 1579 2087 Christi
1606 2027 1882 2089 vicarium
1917 2040 1977 2088 et
2007 2039 2182 2110 caput

71 2124 360 2184 universae
392 2123 671 2183 Ecclesiae.

155 2218 270 2277 647
281 2265 294 2278 .
338 2219 425 2277 Ad
442 2219 555 2297 2¹1²,
598 2220 753 2277 Dist.
800 2217 1052 2278 Concilia
1080 2218 1526 2278 Constantiense
1551 2229 1611 2277 et
1632 2217 1953 2278 Basileense
1977 2240 2009 2277 a
2033 2239 2180 2278 rom.

71 2313 444 2374 Pontificibus
473 2315 811 2373 confirmata
846 2326 983 2373 sunt
1022 2315 1084 2373 in
1122 2315 1299 2395 gestis
1351 2313 1627 2373 adversus
1677 2313 1974 2374 haereticos
2005 2327 2074 2395 *et
2119 2316 2184 2373 in

70 2409 207 2469 fidei
245 2408 675 2470 definitionibus
705 2455 720 2483 7
769 2431 966 2478 conc.,·
1006 2411 1069 2468 in
1110 2409 1354 2470 decretis
1403 2409 1477 2469 de
1515 2408 1725 2490 quibus
1765 2411 1953 2489 agitur
1978 2454 1994 2482 ,
2046 2432 2178 2490 neq.

74 2506 304 2565 Etenim
350 2505 631 2564 Martinus
676 2506 721 2563 V
767 2526 1035 2588 expresse
1087 2504 1444 2578 declaravit,
1484 2526 1546 2563 se
1585 2508 1793 2563 omnia
1839 2517 1896 2563 ct
1940 2506 2184 2584 singula

72 2603 466 2662 determinata
486 2648 503 2671 ,
538 2590 819 2660 conclusa
857 2613 912 2659 et
949 2603 1181 2660 decreta
1210 2625 1270 2659 nv
1296 2623 1565 2661 MATERus
1594 2622 1744 2660 mum
1776 2622 1891 2679 per
1919 2623 2186 2680 praesens

78 2697 412 2755 Concilium
445 2696 965 2777 (Constantiense)
999 2698 1407 2756 conciliariter
1436 2708 1625 2755 tenere
1657 2706 1711 2755 et
1755 2698 2188 2756 inviolabiliter

72 2793 381 2851 ohservare
433 2793 568 2850 velle
590 2838 607 2861 ,
662 2794 907 2871 ipsaque
944 2796 1032 2850 sic
1058 2812 1483 2852 concitamur.
1528 2795 1698 2869 facta
1738 2792 2076 2871 adprobare
2131 2802 2189 2849 et

140 2981 205 3046 (l)
243 2983 354 3032 Loc.
385 2985 467 3031 cit.
1165 2991 1210 3030 et
1232 2981 1440 3047 ejusdem
1462 2982 1574 3028 tomi
1596 2990 1710 3044 part.
1726 2996 1784 3043 u,
1798 2979 1884 3029 lib.
1902 2997 1975 3039 VI,
1994 2980 2075 3029 ubi
2091 2983 2185 3046 agit

140 3062 204 3125 (2)
235 3064 334 3113 Cfr.
364 3064 640 3129 Roncaglia,
662 3066 711 3111 in
735 3061 1079 3112 Animadvers.
1168 3063 1225 3111 de
1239 3063 1384 3112 Cone.
1402 3062 1666 3110 Basileensi.
1698 3061 1828 3110 Idem
1858 3062 2043 3111 brevius
2066 3082 2183 3128 prae-

73 3143 127 3190 in
144 3143 325 3194 decreta
348 3162 457 3196 sess.
490 3164 537 3195 iv
562 3156 607 3195 et
629 3164 656 3194 v
673 3144 818 3194 Cone.
842 3143 1082 3192 Constant.
1169 3147 1381 3192 stiterunt
1417 3143 1688 3192 Ballerinius
1707 3181 1720 3202 ‚
1753 3146 1803 3190 in
1838 3161 1916 3208 op.
1949 3142 2019 3194 Dc
2039 3145 2183 3194 eccle-

74 3224 100 3290 §
126 3242 140 3272 ι
170 3262 184 3284 ,
210 3226 269 3274 ad
294 3228 462 3278 calcem
489 3227 600 3276 diss.
616 3245 661 3276 1v
679 3265 693 3287 ‚
722 3223 812 3278 sec.
839 3243 902 3273 xv
930 3235 974 3274 et
1005 3242 1082 3274 xvt
1165 3226 1360 3273 siastica
1369 3233 1538 3290 potest.
1558 3241 1675 3272 rom.
1693 3222 1987 3289 Pontificum
2007 3262 2022 3286 ‚
2045 3244 2180 3292 capp.

73 3308 274 3370 Natalis;
304 3313 416 3357 etin
445 3309 713 3359 Animadv.
737 3310 797 3358 ad
829 3309 941 3357 diss.
972 3323 1080 3370 vm,
1169 3324 1194 3373 7
1216 3346 1227 3367 ,
1262 3306 1294 3357 8
1326 3318 1370 3357 et
1398 3325 1460 3375 9,
1492 3317 1629 3373 atque
1661 3306 1958 3369 Petitdidier‚
1991 3327 2066 3373 op.
2100 3311 2180 3356 cit.

73 3406 177 3455 quae
196 3395 265 3437 est
281 3391 336 3437 de
349 3389 552 3440 Concilio
566 3376 833 3452 Basileensi‚
853 3388 1013 3456 §SGet
1031 3407 1079 3456 7,
1166 3407 1301 3454 capp.
1336 3390 1364 3437 3
1383 3427 1397 3450 ,
1430 3386 1462 3451 4
1482 3426 1496 3448 ,
1529 3386 1561 3438 5
1587 3398 1633 3436 et
1661 3385 1712 3438 6.
1746 3389 1804 3437 Hi
1834 3389 2005 3438 Omnes
2039 3391 2190 3458 scrip-¹

72 3473 300 3535 praecipue
313 3488 418 3520 vero
433 3470 568 3522 Card.
583 3471 710 3535 Orsi,
725 3472 804 3522 Dc
816 3489 937 3521 rom.
954 3468 1084 3520 Pon·
1166 3482 1321 3520 serunt
1339 3482 1440 3536 post
1454 3468 1725 3521 schelstrate
1738 3509 1751 3533 ,
1778 3491 1915 3539 quem
1940 3475 2181 3536 impugna-

72 3552 217 3615 tificis
232 3554 543 3622 'auctoritatffi
569 3564 682 3603 tom.
703 3571 762 3612 u,
786 3564 904 3620 part.
924 3572 965 3615 ι,
987 3562 1083 3602 ῑοῑο
1166 3562 1291 3602 verat
1322 3550 1493 3600 Natalis
1523 3550 1653 3600 Alex.

72 3634 189 3683 libro
210 3652 257 3698 v,
284 3633 361 3683 ubi
378 3635 537 3700 agitde
557 3634 701 3684 Conc.
721 3635 1079 3696 Constantiensi‚
