2514 4218
519 231 676 270 mar.
723 231 762 265 1.
813 227 935 269 car.
981 230 1067 269 111.
1114 234 1180 268 »Β
1229 231 1497 270 Eccznsm
1542 230 1720 270 noris.
2096 215 2170 274 97

160 373 294 434 164
343 374 426 431 Ne
462 372 634 449 igitur
676 375 737 429 in
770 371 1038 452 ambiguo
1082 395 1414 447 versemur
1455 394 1586 432 cum
1627 385 1796 432 sectae
1836 396 2038 436 omnes
2078 399 2175 437 ca-

74 467 450 542 tholicitatem
486 464 594 523 sibi
642 466 942 526 vindicent
966 469 1321 552 ,perspicue
1353 467 1766 550 exponendum
1786 480 1919 542 est,
1958 471 2020 528 in
2058 494 2174 553 quo

75 543 303 642 praecise
335 559 458 619 haec
494 571 630 619 nota
669 513 1118 620 universalitatis
1148 563 1444 621 consistat.
1489 565 1617 620 Duo
1644 584 1818 643 porro
1851 563 1910 620 in
1946 582 2043 623 sua
2074 588 2178 624 no·

72 655 228 712 tione
251 653 689 734 complectitur,
720 676 968 735 quorum
997 654 1042 712 si
1066 653 1415 714 alterutrum
1442 655 1624 729 desit
1665 656 1854 714 multo
1888 678 2027 716 vero
2058 681 2179 716 ma-

71 749 153 825 gis
194 749 241 806 si
274 749 425 808 desit
472 760 821 830 utrumque,
869 747 1151 826 ejusmodi
1196 760 1335 806 nota
1379 749 1583 808 haberi
1619 752 1822 832 nequit
1860 773 1873 810 :
1919 751 2174 810 alterum

71 843 242 921 igitur
284 855 372 902 est
419 844 677 903 Ecclesiae
723 865 827 924 per
866 836 1207 902 universum
1243 841 1448 901 orbem
1494 843 1725 904 diffusio
1758 851 1928 923 juxta
1962 849 2174 906 veteris

71 938 424 997 Testamenti
455 938 720 998 vaticinia
745 948 804 994 et
832 935 1045 994 Christi
1078 936 1529 1016 promissiones3
1571 938 1820 998 alterum
1855 951 2054 1000 autem
2090 952 2179 1000 est

72 1032 249 1112 ipsius
284 1031 536 1091 Ecclesiae
566 1031 836 1090 identitas
875 1041 1003 1088 tum
1033 1029 1227 1110 quoad
1266 1029 1475 1104 fidem,
1522 1041 1648 1089 tum
1685 1033 1877 1113 quoad
1915 1051 2180 1094 commu-

73 1127 312 1185 nionem
358 1128 559 1208 quovis
599 1127 744 1184 loco.
795 1124 958 1182 Prius
995 1146 1116 1183 non
1154 1126 1353 1206 inepte
1394 1135 1622 1206 partem
1665 1131 2039 1188 materialem
2082 1151 2181 1189 ca-

74 1220 408 1280 tholicitatis
432 1219 720 1282 vocaveris
734 1262 755 1289 ,
781 1220 1068 1299 posterius
1091 1231 1321 1301 partem
1342 1223 1687 1298 formalem.
1722 1223 1848 1281 'Hac
1876 1223 2182 1285 identitate

75 1317 139 1373 fit
159 1327 224 1373 ut
244 1315 483 1375 Ecclesia
499 1311 702 1372 eadem
723 1335 956 1394 prorsus
985 1315 1059 1372 sit
1087 1315 1311 1373 ratione
1329 1314 1610 1375 doctrinae
1639 1327 1699 1375 et
1728 1320 2180 1393 cominunioni3‚

74 1411 296 1470 ratione
319 1410 426 1490 lqci
447 1418 505 1467 et
540 1409 766 1487 ratione
803 1409 1100 1490 temporis.

158 1505 290 1563 165.
338 1504 648 1562 Notionem
672 1503 822 1562 hanc
850 1525 1066 1563 novam
1098 1525 1219 1563 non
1247 1525 1371 1564 esse
1390 1550 1407 1579 ‚
1446 1506 1653 1565 ceteris
1692 1507 1914 1564 omissis
1935 1552 1950 1581 7
1981 1521 2182 1590 aperte

75 1595 241 1680 patet⁴
274 1619 347 1658 ex
380 1598 755 1679 antiquorum
788 1601 1026 1671 Patrum
1067 1599 1352 1658 doctrina.
1399 1601 1549 1659 Sane
1589 1600 1644 1660 S.
1668 1603 1916 1660 Irenaeus
1950 1602 2031 1660 ita
2078 1602 2184 1663 de-

72 1692 266 1753 scribit
291 1693 440 1751 hanc
470 1693 731 1752 Ecclesiae
755 1693 1252 1753 universalitatem
1269 1739 1286 1767 ‚
1322 1706 1386 1753 ut
1409 1716 1529 1752 non
1551 1695 1741 1753 solum
1771 1707 1990 1755 asserat
2015 1742 2031 1772 .,
2060 1717 2182 1757 esse

72 1810 270 1847 veram
308 1772 520 1846 Christi
567 1788 875 1847 Ecclesiam
901 1810 1021 1867 per
1053 1794 1408 1847 universum
1454 1791 1653 1848 orbem
1697 1811 1882 1869 usque
1920 1792 2005 1850 ad
2032 1793 2184 1870 fines

71 1894 242 1941 terroe
278 1886 638 1941 seminatam
677 1883 765 1963 (l)
780 1925 803 1954 ,
844 1882 1003 1963 apud
1048 1885 1269 1942 multas
1301 1894 1499 1963 qerztes
1536 1885 1946 1943 harbarorum
1988 1897 2044 1943 et
2067 1907 2186 1964 per

74 1985 420 2037 universum
456 1979 755 2036 mundum
784 1977 1194 2053 constitutam,
1230 1971 1690 2037 circumeuntem
1723 1979 2012 2038 mundum
2049 1982 2186 2039 uni-

74 2094 308 2132 versum
349 2075 474 2152 (2);
507 2072 610 2131 sed
640 2083 922 2154 praeterea
957 2073 1172 2131 insistit
1214 2075 1276 2131 in
1312 2093 1381 2131 eo
1409 2073 1780 2153 potissimum
1807 2118 1821 2145 ,
1849 2075 2008 2154 quod
2054 2097 2185 2135 una

74 2168 212 2244 fides
252 2173 362 2241 ait,
401 2169 673 2225 doctrina
713 2179 768 2225 et
799 2169 1080 2236 traditio,
1119 2190 1249 2226 una
1281 2173 1528 2237 anima,
1578 2190 1775 2226 unum
1813 2189 1942 2240 cor,
1985 2191 2184 2228 unum

77 2282 160 2330 οε,
182 2282 308 2319 'ana
333 2272 386 2317 et
405 2262 604 2318 eadem
621 2263 1000 2339 praedicatae,
1024 2284 1095 2320 ac
1119 2265 1435 2341 reyimim's
1451 2264 1833 2321 ecelesiastici
1845 2266 2052 2341 fitrma
2069 2263 2178 2343 (3).

77 2356 460 2415 Tertullianus
505 2378 643 2417 vero
682 2359 1033 2416 Marcionem
1080 2359 1508 2436 perstringenS,
1545 2370 1615 2439 ¹et
1654 2360 1716 2416 in
1761 2380 1829 2417 eo
1879 2359 2179 2420 haereticos

76 2630 298 2679 stantium
338 2631 576 2678 admittere
616 2631 843 2695 ejusmodi
873 2629 1087 2677 Ecclesiae

75 2712 375 2760 diffusionem
438 2722 490 2759 ut
550 2720 709 2759 notam
769 2721 847 2759 aut
891 2713 1086 2774 siquam

79 2811 193 2843 verae
216 2794 444 2843 Ecclesiae.
472 2794 568 2843 Cfr.
594 2794 774 2842 Fratres
792 2794 849 2841 de
875 2790 1086 2843 Walem-

75 2876 222 2924 burch
239 2913 253 2932 ‚
300 2877 389 2926 loe.
437 2878 516 2924 cit.
564 2873 590 2940 ξ
636 2873 720 2938 45.
764 2873 1088 2924 Hallucinatur

77 2957 265 3021 proinde
278 2957 455 3006 Palmer
472 2993 487 3013 ,
505 2960 783 3021 permiscens
804 2956 1088 3003 catholicita-

79 3032 169 3087 tem
182 3041 232 3086 in
247 3055 295 3086 se
309 3049 557 3104 spectatam
578 3074 593 3096 ‚
609 3056 747 3103 quam
779 3038 1088 3102 praefataecon-

80 3121 308 3169 sessiones
326 3121 516 3185 quidem
538 3124 821 3184 agnoscunt,
847 3135 952 3166 cum
979 3129 1086 3165 nota

83 3201 139 3247 ad
187 3201 533 3250 discernendam
577 3218 734 3249 veram
783 3199 1032 3247 Ecclesiam
1069 3234 1081 3255 ‚

84 3297 222 3344 quam
249 3281 395 3329 nullae
432 3283 696 3330 admittunt.

151 3359 219 3424 (Ῑ)
254 3372 292 3410 H
340 3361 439 3425 μὲν,
464 3361 554 3429 γιέρ
601 3360 875 3423 Ἐκκλησία,
925 3357 1084 3427 καίπερ

84 3442 178 3488 καθ’
201 3437 303 3496 ἕλοις
316 3448 395 3498 τῆς
414 3442 661 3509 οἰκουμένης
690 3440 764 3497 ἕως
790 3440 985 3510 περαίνων
1002 3446 1082 3497 τῆς

85 3531 169 3581 Ὺῆς
185 3520 568 3590 διὲτπωρμέιη,α.
582 3549 625 3576 τ.
642 3540 690 3576 λ.
709 3526 809 3574 Lib.
828 3542 865 3585 1,
882 3543 981 3590 cap.
1005 3540 1081 3586 10,

85 3624 135 3653 n.
161 3622 174 3651 ι
196 3642 209 3662 ,
240 3623 345 3668 pag.
369 3603 451 3668 48.

153 3686 216 3748 (2)
254 3686 359 3733 Lib.
409 3686 463 3734 ιη’
493 3724 506 3746 ,
557 3705 658 3754 cap.
702 3688 766 3752 4,
809 3706 891 3737 n.-
915 3695 945 3734 '2
977 3705 990 3751 ;
1042 3697 1085 3735 et

1172 2646 1270 2691 cap.
1295 2643 1382 2688 12,
1403 2645 1538 2676 num.
1559 2644 1586 2691 7
1615 2665 1629 2688 ‚
1651 2630 1770 2676 circa
1787 2629 1927 2678 finem
1951 2631 2073 2693 31ib.
2104 2650 2180 2694 iv,

1172 2726 1271 2773 cap.
1306 2707 1391 2757 36.
1485 2765 1488 2770 .
1750 2698 1755 2703 ⁸

1243 2790 1307 2854 (3)
1345 2795 1483 2838 Τοῦτο
1516 2786 1567 2838 τὲ
1598 2787 1811 2856 κήρυγμα
1844 2796 2182 2860 παρειληφυῖα,

1172 2867 1248 2926 καὶ
1281 2868 1446 2926 vatia-nu
1486 2868 1562 2942 ‘¹7³3’
1602 2870 1810 2921 πίστιν...
1850 2875 1876 2928 η’
1904 2875 2182 2940 'Eumne-loa,

1173 2950 1333 3018 καίπερ
1364 2954 1404 3001 ἐν
1442 2949 1526 3017 ἕλᾳ
1559 2958 1620 3017 τᾷ
1649 2950 1802 3018 αέα-,αφ
1838 2952 2144 3023 διεσπαρμένῃ
2167 2997 2180 3018 ,

1173 3036 1398 3096 ἐπιμελεῖς
1414 3034 1640 3096 ‹pozolo-eree
1655 3070 1670 3093 ,
1693 3036 1748 3087 οἷς
1766 3032 1840 3084 ἕνα
1859 3034 1968 3086 οἷκον
1983 3042 2181 3089 ahava-a·

1171 3113 1248 3164 aa>
1299 3113 1454 3178 ὅμοίως
1500 3114 1700 3165 neo-redet
1739 3113 1937 3181 τούτοις,
1976 3122 2030 3174 ὦς
2074 3121 2180 3185 μίαν

1171 3195 1326 3259 ’ψυχῆν
1374 3194 1451 3247 καὶ
1477 3195 1553 3253 ’τὼ
1591 3194 1720 3252 αὖα-ὼ
1763 3194 1933 3260 ’ἔχοντα
1959 3201 2145 3268 καρδίαν
2165 3242 2180 3264 ,

1170 3276 1248 3327 καὶ
1284 3277 1524 3342 συμφῶνως
1554 3284 1701 3327 ταῦτα
1733 3277 1940 3347 αηρῦσσει
1959 3320 1973 3344 ,
2000 3282 2076 3333 καὶ
2108 3283 2181 3334 δι-

1171 3357 1360 3423 δάσκει,
1396 3357 1473 3409 καὶ
1509 3351 1817 3426 παραδιΆοσ-ιν
1837 3399 1851 3423 ,
1878 3363 1933 3415 ὦς
1956 3359 1994 3412 ἓν
2026 3363 2180 3428 στίμα

1168 3439 1438 3505 κεκτημένη.
1479 3441 1581 3490 Lib.
1619 3459 1673 3505 1,
1707 3459 1811 3508 cap.
1856 3460 1948 3504 10,
1977 3465 2026 3495 n.
2069 3463 2096 3493 2
2137 3457 2183 3494 et

1169 3540 1304 3590 seqq.
1341 3524 1438 3573 Cfr.
1494 3516 1632 3572 etiam
1667 3523 1949 3588 Massuetus‚
1990 3528 2099 3576 diss.
2136 3537 2182 3576 et

1168 3606 1261 3657 loc.
1296 3609 1372 3655 cit.
