2514 4218
263 159 381 221 350

865 182 1063 220 TRACT.
1113 183 1181 219 DE
1225 183 1377 221 LOCIS
1420 186 1798 242 THEOLOGICRIS.

1074 327 1488 383 PROPOSITIO
1527 330 1626 384 III.

266 499 488 558 Petrus
492 500 958 578 jurisdictionis
975 502 1323 581 primatum
1346 502 1416 557 in
1446 501 1798 559 universam
1828 507 2164 565 Ecclesiam
2186 513 2405 569 imme-

433 596 594 654 diate
632 618 670 654 a
720 596 985 668 ChristO,
1019 616 1143 654 mon
1186 606 1387 667 autem
1414 597 1493 654 ah
1531 598 1668 675 ipsa
1698 596 1974 659 Ecclesia
2001 609 2241 683 accepit.

357 786 498 846 516.
550 787 685 846 Haec
712 785 1033 867 propositio
1057 797 1144 846 est
1175 785 1455 848 adversus
1483 786 1880 864 RicherianOS‚
1920 789 2310 853 Febronianos
2343 817 2409 855 ac

272 883 678 943 pistorienses,
715 882 1062 941 Edmundus
1095 884 1256 942 enim
1287 882 1588 943 Richerius
1620 882 1823 943 doctor
1867 885 2204 947 sorbonicus
2241 899 2301 949 et
2325 890 2413 949 fa·-

276 978 511 1039 cultatis
541 977 814 1059 syndicus
837 1023 852 1051 ,
893 978 1354 1038 Protestantium
1383 979 1636 1059 vestigiis
1666 979 1972 1055 insistenS,
1998 984 2416 1067 omnium-pri-

277 1097 408 1134 mus
452 1075 608 1134 inter
669 1073 996 1135 Catholicos
1050 1074 1276 1151 docuit,
1331 1074 1643 1135 Ecclesiam
1687 1098 1789 1136 seu
1845 1076 2109 1139 fidelium
2150 1081 2419 1139 omnium

276 1194 487 1254 corpus
513 1192 638 1231 esse
664 1172 998 1250 subjectum
1027 1169 1175 1229 illud
1196 1215 1214 1245 7
1245 1170 1310 1229 in
1345 1191 1462 1252 quo
1493 1172 1804 1232 auc-toritas
1833 1185 1893 1232 et
1919 1174 2245 1252 jurisdictio
2267 1177 2421 1256 regi-

277 1268 453 1327 minis
498 1266 866 1337 ecclesiastici
900 1288 971 1326 ex
1013 1265 1228 1326 Christi
1267 1267 1638 1327 institutione
1673 1267 1944 1329 resideat.
1987 1270 2069 1329 Ex
2097 1271 2209 1330 hoc
2244 1293 2421 1354 porro

276 1364 568 1446 principio
598 1360 865 1442 collegit,
907 1362 1251 1422 Pontificem
1279 1384 1429 1422 rom.
1464 1407 1481 1437 ,
1521 1363 1831 1446 Episcopos
1873 1364 2133 1448 aliosque
2159 1378 2419 1449 pastores

276 1482 404 1521 esse
425 1461 606 1519 totius
631 1458 887 1542 corporis
912 1457 1176 1518 fidelium
1209 1459 1507 1519 ministros
1523 1503 1539 1534 .,
1568 1460 1669 1540 qui
1693 1460 1766 1520 de
1792 1462 2071 1521 mandato
2100 1474 2160 1522 et
2177 1463 2421 1522 nomine

277 1556 676 1618 universitatis
737 1555 999 1615 fidelium
1038 1554 1394 1636 pastoralem
1442 1556 1848 1616 auctoritatem
1909 1570 2219 1617 exerceant
2260 1604 2277 1635 ‚
2353 1580 2423 1619 eo

278 1664 479 1735 pact0,
528 1674 644 1734 quo
671 1652 735 1711 in
770 1650 1160 1710 democratica
1192 1649 1492 1732 republica
1544 1651 1919 1730 magistratus
1977 1666 2115 1712 sunt
2168 1655 2424 1714 ministri

279 1749 523 1832 populi,
561 1771 593 1808 a
625 1771 741 1827 quo
773 1758 1058 1829 tanquam
1100 1745 1352 1826 delegati
1382 1745 1606 1807 habent
1645 1750 2052 1808 auctoritatem
2076 1794 2092 1823 ,
2140 1761 2317 1830 prout
2359 1751 2423 1808 in

278 1847 461 1929 priori
483 1845 657 1923 hujus
681 1844 866 1927 partis
896 1844 1152 1903 sectione
1176 1843 1552 1925 exposuimus
1575 1887 1592 1917 ‚
1620 1864 1753 1902 cum
1780 1843 1855 1904 de
1880 1844 2260 1905 ecclesiastica
2286 1867 2422 1926 age-

279 1964 477 2002 remus
498 1940 821 2001 hierarchia
847 1938 956 2019 (l).
982 1941 1187 2021 Itaque
1219 1950 1342 1998 tota
1367 1938 1629 2011 Ecclesia
1650 1961 1752 1999 seu
1778 1941 2128 2001 universitas
2157 1941 2421 2001 fidelium

282 2060 348 2099 ea
377 2049 497 2114 est,
531 2059 660 2118 quae
680 2041 850 2115 juxta
893 2035 1004 2094 hoc
1041 2046 1296 2115 systema
1321 2037 1761 2114 principaliter
1788 2057 1854 2095 ac
1886 2038 2241 2095 radicaliter
2265 2035 2423 2095 obti-

282 2134 414 2193 nuit
441 2133 630 2193 claves
648 2179 665 2209 ,
686 2136 858 2193 Petro
897 2153 963 2191 ac
993 2131 1231 2213 reliquis
1273 2129 1563 2214 Apostolis
1584 2176 1599 2206 ‚
1633 2153 1699 2191 ac
1727 2143 2040 2214 propterea
2073 2132 2420 2192 eorumdem

283 2227 707 2290 successoribus
759 2227 1076 2288 tradendas
1131 2249 1196 2287 ac
1246 2227 1764 2287 communicandas
1790 2272 1810 2305 ‚
1865 2249 2001 2288 cum
2038 2228 2286 2312 Ecclesia
2320 2250 2424 2290 seu

282 2325 547 2387 fidelium
582 2325 932 2389 universitas
969 2323 1083 2382 illis
1127 2324 1215 2384 uti
1241 2346 1363 2383 non
1390 2324 1575 2406 possit
1608 2324 1722 2405 (2).

356 2550 421 2615 (l)
459 2548 604 2598 Num.
636 2547 726 2616 94.

354 2633 422 2697 (2)
462 2633 530 2682 Ita
567 2635 618 2681 in
658 2633 745 2681 lib.
788 2630 863 2679 De
907 2629 1225 2681 ecclesiastica
1259 2647 1316 2678 ac

276 2717 482 2785 politica
499 2722 729 2783 potestate
746 2753 761 2773 ‚
787 2702 909 2764 edito
937 2734 1015 2764 an.
1043 2712 1126 2763 161
1145 2731 1162 2761 1
1191 2752 1206 2775 ‚
1235 2717 1318 2781 qui

288 2800 448 2850 statim
476 2817 604 2848 anno
626 2801 887 2865 insequenti
914 2795 1037 2845 1612
1076 2815 1101 2844 a
1130 2795 1316 2862 Synodo

289 2883 575 2943 Senonensi,
612 2883 802 2948 praeside
832 2881 972 2930 Card.
1012 2881 1088 2929 Du
1116 2880 1312 2942 Perron,

289 2970 567 3033 proscriptus
596 2978 662 3015 est
696 2978 921 3033 tanquam
949 2968 1192 3015 continens
1213 2984 1318 3031 pro-

290 3053 572 3116 positiones,
604 3049 912 3117 expositiones
948 3060 991 3097 et
1023 3049 1317 3114 allegationes

291 3134 447 3193 falsas,
475 3152 720 3194 erroneas,
743 3133 1053 3191 scandalosas,
1078 3141 1153 3191 et,
1179 3141 1232 3180 ut
1248 3149 1319 3180 so-

291 3225 409 3265 nant
426 3251 441 3274 ‚
461 3216 696 3266 haereticas
713 3226 760 3266 et
784 3217 1115 3266 schismaticas.
1145 3214 1317 3263 Riche-

292 3301 417 3347 rium
452 3316 585 3364 porro
621 3300 902 3363 palinodiam
935 3296 1187 3357 cecinisse,
1220 3297 1313 3347 loc.

292 3385 373 3431 cit.
394 3383 596 3431 diximus
614 3400 628 3445 3
646 3400 750 3448 quae
769 3383 960 3449 quidem
990 3381 1163 3447 duplex
1185 3381 1275 3428 fuit
1299 3397 1314 3429 ε

294 3466 433 3516 altera
476 3466 581 3514 data
619 3476 686 3513 est
716 3466 790 3514 die
828 3483 854 3531 7
891 3465 1118 3514 Decemb.
1153 3462 1314 3531 16293

293 3551 483 3598 alteram
505 3565 611 3597 vero
642 3547 778 3612 longe
809 3548 1063 3612 pleniorem
1092 3565 1185 3596 una
1207 3564 1313 3595 cum

298 3632 571 3680 refutatione
613 3647 802 3678 suorum
838 3648 1044 3678 errorum
1068 3668 1080 3690 ‚
1127 3646 1243 3695 quos
1271 3631 1321 3677 in

293 3725 470 3779 septem
487 3711 883 3779 propositionibus
901 3713 1172 3778 complexus
1191 3722 1287 3762 erat
1306 3750 1320 3773 ,

1400 2552 1602 2598 moriens
1645 2549 1834 2615 reliquit
1860 2550 1912 2597 in
1939 2565 2022 2596 suo
2058 2548 2232 2597 Musaeo
2247 2585 2263 2611 ,
2296 2550 2425 2598 futu-

1399 2651 1506 2682 rum
1536 2636 1678 2681 etiam
1706 2635 1898 2697 posteris
1923 2633 2112 2680 sincerae
2139 2636 2307 2681 mentis
2331 2649 2425 2681 suae

1399 2726 1675 2781 perpetuum
1693 2715 1946 2763 indubium
1963 2718 2300 2766 testimonium.
2314 2715 2425 2782 Quae

1399 2808 1554 2846 autem
1570 2797 1628 2846 ad
1646 2816 1841 2863 praesens
1850 2808 2177 2863 argumentum
2195 2802 2427 2864 pertinent

1399 2881 1469 2929 luae
1508 2892 1630 2929 sunt.
1669 2881 1808 2946 Prop.
1847 2897 1895 2940 1,
1935 2899 2042 2947 pag.
2087 2882 2120 2930 8
2157 2899 2169 2929 ε
2202 2881 2424 2931 Christus

1398 2982 1536 3012 suam
1573 2963 1834 3030 fundando
1868 2961 2137 3014 Ecclesiam
2172 2999 2188 3023 ,
2228 2966 2377 3031 prius
2405 3002 2421 3027 ,

1399 3049 1733 3098 immediatius
1794 3058 1839 3096 et
1899 3047 2203 3096 essentialius
2269 3048 2424 3098 claves

1399 3125 1491 3180 seu'
1494 3132 1893 3199 jurisdictionem
1911 3132 1998 3179 toti
2015 3130 2146 3178 dedit
2168 3130 2415 3192 Ecclesiae,

1399 3233 1545 3281 quam
1562 3218 1706 3265 Petro
1718 3225 1770 3264 et
1786 3214 1902 3263 aliis
1917 3207 2179 3280 Apostolis.
2209 3215 2345 3281 Prop.
2365 3234 2417 3278 11,

1400 3316 1505 3365 pag.
1535 3316 1569 3366 9
1602 3317 1615 3349 t
1658 3299 1782 3348 Tota
1789 3297 2081 3361 jurisdictio
2103 3297 2423 3347 ecclesiastica

1391 3384 1557 3448 primo
1566 3383 1765 3448 proprie
1788 3389 1833 3429 et
1846 3381 2169 3431 essentialiter
2189 3381 2241 3432 Ε
2242 3381 2424 3432 cclesioe

1400 3455 1659 3524 convenit}
1701 3463 1920 3511 Romano
1954 3471 2113 3512 antem
2157 3464 2392 3528 Pontifici
2407 3501 2420 3523 ‚

1400 3554 1540 3611 atque
1576 3544 1692 3594 aliis
1716 3543 1765 3592 E
1759 3546 1976 3612 piscopis
1996 3584 2009 3605 ‚
2034 3544 2419 3594 instrumentali-

1405 3638 1507 3688 ter,
1542 3637 1584 3675 et
1621 3627 1781 3693 quoad
1816 3630 2141 3677 executionem
2185 3636 2377 3676 tantum
2405 3663 2417 3684 ‚

1405 3713 1534 3759 sicut
1556 3709 1769 3775 facultas
1790 3711 1990 3760 videndi
2023 3709 2156 3759 oculo
2182 3709 2417 3775 competit.
