2514 4218
354 210 470 270 122

924 232 1116 273 rimor.
1162 233 1230 269 nn
1277 218 1426 272 nocis
1470 237 1847 277 'maome-101&

430 375 575 437 208.
623 374 885 438 Schisma
914 376 1259 438 Acacianum
1288 376 1510 458 pariter
1543 381 1846 460 personale
1873 381 2015 451 fuit;
2063 391 2156 455 et,
2190 381 2237 439 si
2271 382 2462 464 ipsum

349 472 616 532 Acacium
654 474 937 555 excipiaS,
981 471 1082 553 qui
1127 471 1192 529 in
1230 471 1542 532 schismate
1577 472 1885 536 defunctus
1922 488 2040 554 est,
2085 481 2206 555 ejus
2235 499 2464 539 succes-

345 590 502 628 sores
550 568 899 651 Euphemius
954 578 1014 626 et
1060 565 1431 626 Macedonius
1474 566 1856 629 schismaticis
1900 573 2141 632 minime
2186 584 2326 632 sunt
2368 595 2466 633 ac-

343 665 653 743 censendi,
689 662 957 745 quamvis
987 663 1307 745 peculiares
1340 662 1414 722 ob
1449 686 1649 723 causas
1691 686 1912 724 nomen
1947 668 2130 727 Aeacii
2159 669 2404 729 minime
2432 692 2464 730 e

342 760 587 842 diptycis
631 758 1044 840 expunxerint.
1090 759 1328 819 Jamdiu
1363 772 1645 841 praeterea
1699 782 1940 819 nomen*
1965 762 2132 820 Rom.
2170 765 2465 824 Pontificis

340 856 537 916 Felicis
567 853 774 912 iisdem
795 853 970 914 sacris
993 853 1239 937 diptycis
1259 901 1275 931 ,
1306 878 1337 915 a
1364 855 1574 938 quibus
1600 877 1706 937 per
1732 854 2135 916 incredibilem
2162 857 2462 920 audaciam

339 951 575 1011 Aeacius
605 948 928 1009 abstulerat
950 996 966 1026 ,
994 952 1183 1010 fuerat
1211 951 1571 1012 restitutum.
1597 954 1744 1011 Cum
1777 962 1979 1011 tamen
2010 951 2246 1011 Aeacius
2268 951 2467 1034 plures

338 1044 610 1105 habuerit
643 1044 896 1105 fautores
916 1091 932 1122 ,
958 1047 1016 1106 S.
1051 1048 1392 1107 Hormisdas
1409 1093 1425 1123 ,
1455 1059 1774 1129 antequam
1806 1047 2046 1129 plenam
2069 1068 2274 1129 pacem
2295 1049 2468 1108 resti·

342 1153 537 1202 tueret
563 1140 962 1202 Orientalibus
981 1188 997 1218 ,
1042 1142 1150 1202 sub
1184 1144 1419 1204 Justino
1453 1145 1522 1204 iis
1544 1143 1833 1204 celebrem
1866 1143 2182 1204 formulam
2211 1142 2467 1204 subscri-

338 1236 598 1298 bendam
630 1238 939 1321 proposuit
963 1238 1072 1319 (1).

416 1334 558 1394 209.
603 1335 880 1414 Magnum
902 1356 1042 1396 vero
1065 1334 1314 1394 schisma
1337 1334 1694 1396 occidentale
1727 1334 2027 1395 materiale
2052 1334 2297 1394 omnino
2315 1334 2428 1393 fuit
2446 1378 2463 1410 ,

336 1453 459 1491 non
501 1441 699 1491 autem
725 1434 983 1510 formale
1002 1452 1023 1501 ‚·
1066 1431 1303 1512 singulae
1340 1432 1499 1491 enim
1538 1431 1923 1506 obedientiae,
1969 1433 2031 1490 in
2067 1441 2234 1490 tanta
2270 1452 2467 1493 rerum

333 1525 781 1610 perturbatione
829 1526 1230 1609 probabilibus
1277 1528 1581 1590 ,rationum
1625 1527 1940 1587 momentis
1989 1526 2243 1601 innixae,
2292 1535 2468 1607 puta-

334 1621 482 1682 bant
525 1623 745 1693 sincera
787 1622 904 1682 fide
955 1622 1214 1703 legitimo
1250 1623 1517 1682 Pontifici
1557 1621 1779 1702 suinci.
1821 1622 2042 1684 Omnes
2079 1642 2255 1703 porro
2301 1621 2363 1679 in
2399 1641 2468 1680 eo

332 1718 797 1795 conveniebant,
822 1740 883 1778 se
905 1730 1107 1779 centro
1131 1719 1373 1778 unitatis
1409 1730 1680 1800 oportere
1716 1718 2025 1798 conjungi,
2058 1728 2127 1776 ut
2162 1717 2239 1776 ad
2265 1737 2467 1777 veram

333 1814 551 1875 Christi
580 1815 891 1875 Ecclesiam
913 1826 1152 1897 possent
1179 1815 1512 1898 pertinere3
1555 1836 1717 1875 error
1755 1815 1803 1873 si
1842 1816 1972 1896 quis
1998 1825 2157 1889 erat,
2201 1811 2469 1874 versaba-

335 1922 433 1971 tur
459 1912 608 1971 circa
631 1920 971 1994 personam.
1007 1912 1134 1971 Una
1164 1923 1476 1993 propterea
1508 1909 1755 1971 Ecclesia
1787 1910 2009 1993 absque
2034 1903 2468 1990 interruptione

331 2009 676 2090 permansit.
717 2008 935 2066 Verum
972 2006 1045 2067 de
1079 2007 1190 2066 hoc
1230 2007 1541 2067 schismate
1576 2007 1823 2067 inferius
1855 2007 2096 2066 iterum.
2176 2030 2180 2033 “

374 2147 377 2149 -
413 2103 556 2162 210.
605 2101 696 2162 Ad
728 2102 813 2163 7ῑ11
838 2149 853 2178 ,
893 2102 1045 2183 Ney.
1091 2102 1454 2182 illationem3
1487 2102 1744 2185 alioquin
1780 2101 2026 2162 Ecclesia
2065 2101 2231 2160 fieret
2255 2097 2463 2160 invisi-

334 2197 501 2274 bilis,
538 2199 698 2282 quod
732 2220 926 2281 neque
956 2198 1322 2260 adversarius
1356 2198 1640 2258 admittit.

331 2378 492 2442 ’ἔφυγον
526 2377 608 2444 μὲν
654 2387 735 2436 τῆς
777 2377 964 2434 εἰδικῖκς
1002 2377 1078 2434 ’τὼ
1121 2377 1352 2428 κοινωνίαν·

330 2462 382 2516 rei
405 2463 459 2515 δὲ
481 2463 562 2522 vis·
601 2462 847 2520 ἐκκλησίαις
873 2467 948 2514 οὔκ
974 2463 1174 2531 ἕμέρισοιν
1199 2468 1354 2528 σόμοι.

328 2548 385 2598 Id
428 2560 495 2599 est
540 2567 555 2598 τ
604 2549 938 2597 Orientalium
1001 2565 1111 2611 vero
1159 2548 1357 2596 urbium

328 2648 475 2696 quam
501 2630 710 2696 plurimi
737 2631 1118 2681 communionem
1165 2631 1358 2695 quidem

330 2713 519 2762 sceleris
529 2714 999 2779 refuqerunt,corpus
1012 2721 1175 2761 tamen
1191 2711 1358 2760 Eccle-

329 2797 419 2845 sioe
447 2795 821 2861 haudquaquam
852 2795 1172 2843 disciderunt.

402 2878 470 2942 (l)
511 2878 740 2928 Csr.Nat.
768 2877 901 2927 Alex.
928 2876 1066 2926 Hist.
1106 2875 1221 2925 eccl.
1247 2892 1353 2926 saec.

333 2979 361 3007 v
381 2998 395 3022 ,
426 2972 516 3011 art.
555 2960 639 3022 16,
669 2962 727 3011 de
750 2961 997 3011 schismate
1028 2958 1190 3010 Aeacii
1209 2997 1223 3022 ,
1251 2969 1355 3007 tum

332 3044 511 3093 dissert.
546 3063 624 3094 xlx
660 3056 706 3095 et
739 3064 796 3094 xx
835 3047 886 3094 in
915 3059 1089 3106 scc.v;
1124 3044 1210 3093 cfr.
1244 3061 1357 3109 prae-

331 3137 453 3176 terea
484 3126 781 3177 Bollandiani
804 3166 817 3189 ,
864 3130 914 3176 in
940 3127 1057 3177 Act.
1094 3124 1262 3174 Sanct.
1295 3125 1356 3174 ad

333 3208 463 3257 diem
504 3226 551 3258 ιν
596 3209 690 3258 Jul.
735 3220 848 3260 tom.
901 3223 936 3257 ιι
994 3207 1149 3272 ejusd.
1201 3223 1354 3255 mens.

335 3309 442 3356 pag.
471 3306 533 3338 22
571 3302 615 3339 et
642 3310 774 3359 seqq.
809 3295 861 3342 in
886 3294 981 3340 vita
1011 3288 1096 3339 SS.
1139 3290 1354 3338 Flaviani

333 3383 378 3422 et
404 3372 518 3421 Eliae
541 3390 556 3437 3
599 3392 685 3423 nec
718 3393 816 3424 non
848 3375 1016 3424 Petrus
1041 3372 1317 3423 Ballerinius
1337 3409 1350 3431 ‚

332 3459 384 3505 in
415 3454 689 3523 Appendice
719 3458 777 3506 ad
819 3457 845 3523 §
881 3475 898 3506 1
930 3496 944 3518 ‚
985 3475 1087 3523 cap.
1140 3472 1193 3504 11
1223 3493 1237 3516 ,
1283 3452 1355 3503 De

333 3541 389 3587 vi
427 3549 473 3587 et
510 3540 696 3587 ratione
725 3544 1009 3604 primatus,
1057 3538 1142 3589 ubi
1175 3540 1267 3603 agit
1299 3537 1356 3585 de

335 3619 513 3671 Sanctis
540 3620 696 3684 Viris,
733 3624 815 3688 qui
846 3622 1102 3670 floruerunt
1127 3624 1177 3669 in
1210 3618 1358 3667 schis-

336 3705 540 3757 matibus
569 3704 744 3755 Meletii
784 3703 1066 3754 Antiocheni
1111 3712 1158 3753 et
1203 3700 1359 3750 Aeacii

338 3789 861 3858 Constantinopolitani.
893 3806 906 3838 ε
938 3787 1073 3841 Num
1112 3796 1155 3836 et
1192 3794 1357 3852 quate-

1436 2394 1533 2426 nus
1547 2379 1797 2426 caruerint
1814 2376 2146 2426 communione
2168 2373 2296 2422 sedis
2329 2371 2464 2439 Apo-

1437 2460 1883 2523 stolicae.Observat‚
1898 2477 2031 2524 porro
2045 2468 2226 2507 tantum
2237 2457 2461 2516 abfuisse,

1439 2554 1491 2592 ut
1519 2544 1808 2610 Euphemius
1835 2553 1880 2592 et
1921 2541 2222 2589 Macedonius
2256 2538 2460 2587 schisma

1439 2626 1670 2685 foverint,
1716 2635 1769 2672 ut
1805 2625 1957 2689 potius
1998 2623 2127 2670 omni
2159 2621 2266 2668 nisu
2304 2621 2461 2668 conati

1439 2709 1532 2754 sint
1574 2703 1839 2770 apostolicae
1882 2703 2002 2752 sedis
2047 2700 2464 2760 communionem,

1437 2791 1619 2858 jamdiu
1635 2792 1818 2839 vivente
1835 2787 2001 2837 Acacio
2024 2782 2334 2852 interruptam
2352 2820 2370 2848 ,
2396 2801 2462 2834 re·

1438 2889 1620 2924 vocare.
1653 2871 1789 2937 Quod
1821 2875 1860 2919 si
1892 2889 2069 2920 nomen
2103 2869 2257 2919 Aeacii
2291 2887 2318 2917 a
2355 2868 2460 2933 dip-

1437 2959 1551 3023 tycis
1585 2973 1683 3004 non
1714 2963 2041 3019 expunxerunt
2061 2990 2075 3013 ,
2122 2970 2220 3000 non
2251 2969 2303 3000 ea
2346 2950 2461 2998 ratio

1437 3039 1554 3097 fuit,
1586 3038 1713 3106 quod
1741 3048 1958 3086 nutarent
1994 3039 2045 3085 iu
2079 3036 2201 3092 fide,
2246 3051 2328 3099 pro
2368 3051 2459 3098 qua

1437 3124 1576 3173 ambo
1609 3123 1781 3171 fortiter
1800 3121 2082 3169 dimicarunt
2103 3135 2118 3182 3
2139 3117 2219 3166 sed
2238 3116 2332 3165 aliae
2351 3116 2459 3164 fue-

1438 3215 1548 3255 runt
1574 3220 1721 3255 causae
1748 3203 2047 3269 particulares
2073 3237 2086 3259 ‚
2111 3215 2214 3265 quae
2241 3215 2323 3263 pro
2364 3194 2462 3262 ejus

1439 3289 1657 3354 temporis
1670 3297 1714 3335 et
1727 3287 1817 3335 loci
1830 3283 2187 3333 circumstantiis
2202 3282 2309 3328 satis
2323 3295 2464 3345 aequae

1437 3372 1603 3420 iisdem
1629 3367 1925 3419 videbantur.
1948 3365 2144 3413 Interim
2160 3380 2268 3411 vero
2288 3377 2462 3410 nomen

1437 3472 1554 3503 rom.
1595 3451 1832 3501 Pontificis
1874 3446 2043 3496 Felicis
2084 3445 2266 3512 jamdiu
2314 3444 2462 3491 fuerat

1438 3538 1635 3603 diptycis
1674 3535 1950 3583 restitutum.
2000 3530 2139 3578 Porro
2182 3527 2297 3595 quid
2350 3526 2461 3575 fecit

1441 3619 1646 3668 Ecclesia
1678 3615 1918 3681 anglicana
1938 3652 1950 3674 ‚
1985 3623 2037 3661 ut
2079 3614 2131 3660 in
2164 3609 2460 3660 communio-

1447 3720 1557 3752 nem
1587 3699 1643 3750 ab
1680 3698 1880 3749 Ecclesia
1906 3697 2115 3747 Romana
2142 3695 2421 3758 reciperetur
2438 3690 2461 3733 ⁴?
