2514 4218
269 108 391 170 283

887 128 1084 168 TnAc'r.
1135 128 1206 165 DE
1249 129 1408 167 Locls
1451 130 1832 174 THEOLOGICIS.

270 298 471 338 sorum
514 275 736 358 pariter
771 275 883 336 erit
920 271 1274 353 dogmaticas
1320 274 1548 334 sancire
1590 275 2006 343 definitiones?
2038 285 2410 369 Quapropter

269 371 478 432 eadem
510 372 736 433 ratione
758 418 775 448 ,
808 393 923 454 qua
951 368 1188 436 nonnisi
1219 368 1566 451 Principum
1594 374 1792 435 tutelae
1816 378 2058 440 fuerunt
2081 379 2413 462 dogmatica

269 466 501 528 decreta
563 467 860 547 subjecta,
917 466 998 524 sic
1049 463 1399 526 eorumdem
1450 476 1689 526 tantum
1731 472 1934 534 tutelae
1974 497 2042 536 ac
2089 478 2433 560 patrocinio

266 562 694 624 commendatae
729 559 1058 621 sanctiones
1096 560 1500 644 disciplinares
1531 561 1772 623 fuerunt
1803 566 1917 646 (l).

351 659 490 720 433.
538 658 627 718 Ad
663 656 772 728 3m,
817 656 974 716 Dist.
1005 657 1092 716 Ita
1126 667 1330 718 tamen
1359 669 1431 722 ,ut
1455 657 1680 734 codices
1710 658 1807 719 -illi
1837 671 2015 744 atque
2041 676 2260 728 statuta
2283 690 2415 730 om-

265 778 408 817 nem
431 753 741 833 -obligandi
763 752 886 814 vim
923 775 956 813 a
983 753 1278 814 canonicis
1310 753 1711 815 sanctionibus
1747 755 2180 836 derivaverint,
2216 785 2412 834 conc.‚·

264 874 372 936 per
399 872 460 910 se
481 895 496 925 ,
531 871 663 930 neq.
688 850 769 908 Ut
789 849 951 909 enirn
981 850 1263 912 observat·
1292 850 1389 910 vel
1417 849 1578 910 idem
1607 853 1743 911 Nat.
1781 852 2109 916 Alexander
2127 900 2145 931 ,
2172 868 2412 919 eatenus

265 946 717 1008 constitutiones
749 944 863 1006 illae
898 945 1234 1029 imperiales
1265 945 1618 1023 valuerunt,
1654 958 1944 1030 quatenus
1972 952 2147 1012 sacris
2180 954 2416 1014 canoni·

261 1042 373 1102 bus
413 1041 865 1103 consentiebant
904 1040 1014 1125 (2).
1049 1043 1243 1117 Quare
1279 1041 1354 1102 ab
1384 1042 1598 1102 iisdem
1638 1045 2097 1127 imperatoribus
2119 1093 2135 1124 ,
2167 1070 2416 1132 praeser-

260 1140 372 1199 tim
403 1161 544 1202 vero
581 1137 910 1199 Theodosio
931 1184 947 1214 ,
987 1137 1292 1198 nonnullae
1327 1138 1481 1220 leges
1505 1151 1834 1202 retractatae
1874 1154 2012 1202 sunt
2046 1154 2332 1228 tanquam
2355 1157 2416 1207 et

262 1236 436 1296 sacris
479 1233 804 1296 canonibus
846 1246 907 1297 et
947 1234 1198 1319 clericali
1225 1234 1512 1316 dignitati
1547 1235 1950 1300 detrahentes·
1990 1241 2162 1314 Quod
2204 1242 2251 1301 si
2287 1241 2415 1304 aliae

329 1499 393 1564 (1)
424 1499 524 1549 cfr.
552 1498 770 1549 Zaccaria
795 1536 808 1559 ‚
837 1516 916 1565 op.
945 1500 1027 1548 cit.
1058 1497 1304 1547 Comandi

260 1583 473 1650 οῘιίΡυὸ,
495 1594 583 1633 etc.
604 1602 709 1650 pag.
739 1581 834 1633 156
848 1594 894 1632 et
915 1601 1017 1650 seq,
1033 1582 1116 1631 ubi
1132 1601 1300 1649 quam-

262 1669 465 1735 plurima
498 1666 691 1717 exhibet
727 1668 958 1735 ejusmodi
990 1666 1297 1718 documenta.

261 1750 367 1800 Alia
430 1753 601 1816 pariter
667 1751 754 1800 cfr.
815 1750 940 1816 apud
1004 1749 1263 1799 Gerdilium
1286 1788 1299 1811 ,

258 1835 486 1883 Tractare
519 1833 597 1883 del
639 1835 957 1882 matrimonio
980 1870 994 1892 ‚
1040 1851 1152 1899 opp.
1184 1834 1298 1883 edit.

263 1934 385 1967 rom.
418 1927 539 1967 tom.
573 1935 631 1966 xv
654 1955 668 1977 ‚
701 1932 806 1982 pag.
844 1932 938 1983 190
967 1926 1013 1965 et
1051 1934 1187 1982 seqq.

329 2000 399 2065 (2)
424 1998 577 2049 His&
622 1998 790 2058 eccles,
827 2016 918 2047 sec.
960 2012 1006 2048 vt
1029 2037 1043 2059 ‚
1083 2016 1189 2064 cap,
1226 2014 1254 2066 7
1283 2035 1297 2058 ‚

263 2093 350 2132 art.
382 2099 411 2131 2
431 2118 449 2144 ,
483 2082 564 2131 De
594 2081 635 2128 J
636 2082 884 2129 ustim'ano
903 2119 917 2141 ‚
953 2080 1037 2130 ubi
1059 2084 1108 2129 in
1133 2079 1298 2147 primis

262 2164 509 2227 observat,
544 2167 596 2213 in
631 2165 760 2212 huuc
787 2164 1124 2229 Imperatorem
1169 2166 1297 2230 inju-

261 2249 354 2297 rios
386 2265 432 2296 se
455 2247 657 2313 praebere
674 2283 688 2306 ,
722 2249 804 2313 qui
831 2257 1114 2305 assererent,
1144 2250 1300 2312 ipsum

262 2329 479 2379 Ecclesiae
527 2331 859 2378 auctoritatem
892 2329 982 2377 sibi
1031 2346 1296 2394 usurpasse.

261 2411 453 2461 Veteres
490 2414 616 2461 euim
656 2427 860 2461 canones
910 2414 1144 2466 renovavit
1178 2412 1300 2461 dun-

261 2506 381 2545 taxat
400 2533 413 2556 ,
434 2505 515 2544 aut
534 2512 610 2544 eos
629 2494 809 2560 legibus
836 2493 933 2543 suis
950 2495 1077 2544 velut
1094 2493 1297 2561 quibus-

262 2578 371 2627 dam
388 2577 722 2643 supplementis
747 2579 1070 2642 interpretatus
1084 2587 1175 2636 est,
1207 2596 1296 2626 no-

262 2679 341 2711 vas
362 2661 579 2710 Ecclesiae
596 2659 776 2725 regulas
799 2678 897 2708 non
924 2662 1220 2725 praescripsit.
1242 2659 1297 2708 Id

262 2763 414 2794 unum
449 2746 624 2812 quippe
668 2743 758 2791 fuit
790 2745 891 2809 ejus
929 2742 1209 2803 consilium,
1243 2752 1297 2790 ut

262 2830 503 2877 vetustatis
538 2826 773 2876 vindicem
806 2834 945 2889 atque
974 2823 1297 2873 ecclesiasticae

263 2905 519 2976 disciplinae
550 2919 819 2961 assertorem
851 2926 898 2957 se
930 2917 1169 2974 praestaret
1191 2945 1205 2968 ,
1241 2915 1296 2956 ut

264 2994 368 3059 ipse
395 2995 635 3058 profitetur
651 2996 702 3042 in
718 2994 936 3057 rescripto
958 2991 1018 3040 ad
1035 2990 1297 3040 Dacianum

264 3077 525 3127 africanum
569 3061 888 3143 Episcopum,
934 3073 1122 3124 concilii
1150 3074 1296 3141 Byza-

265 3161 369 3209 ceni
390 3170 547 3223 caput.
573 3157 804 3227 Semper,
830 3161 985 3226 inquit
1007 3196 1019 3218 ‚
1036 3166 1211 3206 ‘nostroe
1227 3175 1298 3207 se-

265 3243 468 3291 renitati
483 3259 602 3289 cura
626 3244 726 3308 fuit
756 3242 1006 3292 servandoe
1029 3243 1293 3302 vetustatis,

265 3326 480 3374 maxime
517 3324 789 3391 disciplinae
813 3364 826 3389 ‚
865 3342 1012 3392 quam
1041 3341 1297 3390 nunquam

264 3409 635 3475 contempsimus
657 3445 673 3471 ,
707 3411 812 3458 nisi
836 3419 881 3459 et
921 3411 979 3458 in
1009 3407 1182 3459 melius
1202 3426 1294 3456 au-

263 3509 541 3559 qeremus...
571 3493 690 3558 quia
720 3502 934 3556 constat,
974 3509 1072 3542 esse
1106 3490 1298 3541 coelitus

264 3577 574 3626 constitutum
596 3613 611 3637 ,
649 3574 889 3641 quidquid
924 3574 1186 3644 apostolica
1214 3573 1296 3622 de-

266 3661 421 3708 cernit
444 3659 770 3710 auctoritem...
799 3657 902 3707 Νοε
920 3666 1097 3709 tutores
1125 3673 1296 3706 sumus

1385 1502 1638 1550 vetustatis
1675 1509 1721 1550 et
1749 1502 1987 1553 vindices,
2026 1503 2140 1570 Quae
2181 1504 2322 1571 igitur
2355 1506 2417 1557 de

1385 1585 1534 1632 causis
1550 1585 1869 1634 ecclesiasticis
1888 1589 2087 1635 instituit
2102 1587 2131 1636 J
2136 1591 2415 1651 ustinianus,

1385 1666 1458 1715 vel
1484 1685 1509 1716 e
1529 1667 1786 1717 canonibus
1811 1706 1827 1730 ,
1858 1669 1931 1718 vel
1956 1687 1981 1720 e
2011 1670 2221 1719 moribus
2243 1674 2294 1720 in
2325 1672 2418 1720 Ec-

1385 1748 1519 1798 clesia
1546 1753 1741 1816 receptis
1766 1751 1932 1800 hausta
1962 1763 2072 1802 sunt
2091 1790 2104 1814 ,
2146 1764 2198 1802 ut
2221 1761 2417 1803 testatur

1383 1833 1578 1897 ipsemet
1618 1834 1831 1898 pluribus
1869 1837 1921 1883 iu
1960 1835 2077 1884 locis
2099 1873 2112 1896 ‚
2165 1839 2414 1902 praesertim

1382 1917 1434 1963 in
1463 1914 1661 1965 Novella
1692 1933 1862 1966 txxxm
1883 1954 1896 1978 ‚
1923 1917 2005 1966 ubi
2043 1916 2139 1967 :Si
2169 1935 2309 1979 vero,
2341 1921 2416 1967 in-

1382 2000 1504 2064 quit,
1526 1997 1903 2048 ecclesiasticum
1923 2002 1989 2047 sit
2004 1999 2250 2060 delictmn,
2273 2018 2416 2064 eqem

1381 2082 1695 2146 castiqatione
1745 2081 2074 2131 ecclesiastica
2117 2091 2162 2130 et
2198 2080 2411 2146 mulcta,

1381 2160 1482 2211 Deo
1522 2162 1751 2211 amabilis
1784 2162 2062 2230 Episcopus
2105 2164 2192 2213 Ῐιοό
2233 2165 2414 2214 discer-

1383 2254 1500 2307 nat,
1531 2245 1662 2293 nihil
1694 2244 2169 2297 communicantibus
2196 2246 2415 2297 clarissi-

1382 2332 1477 2377 mis
1496 2331 1771 2396 provinciae
1783 2330 2065 2398 judicibus.
2098 2331 2265 2397 Neque
2284 2333 2414 2380 enim

1381 2411 1602 2461 volumus
1653 2413 1774 2462 talia
1827 2417 2023 2482 negotia
2061 2416 2260 2463 omnino
2288 2416 2414 2463 seire

1379 2495 1547 2544 civiles
1583 2496 1784 2563 judices
1837 2497 2102 2546 secundum
2157 2513 2323 2545 sacras
2370 2505 2415 2545 et

1380 2577 1579 2626 divinas
1622 2578 1846 2643 reyuhze,
1888 2595 2010 2642 quas
2045 2580 2190 2627 etiam
2237 2587 2413 2627 nostrae

1378 2659 1517 2723 sequi
1560 2675 1659 2707 nou
1709 2658 2043 2724 dediqnantur
2076 2660 2219 2726 leqes.
2262 2660 2412 2726 Pergit

1379 2741 1548 2790 deinde
1585 2741 1826 2791 ostendere
1844 2780 1857 2803 ‚
1888 2743 2013 2810 quod
2035 2781 2047 2802 ,
2070 2742 2110 2791 si
2132 2761 2247 2810 quas
2270 2762 2412 2794 novas

1379 2823 1633 2889 Imperator
1679 2822 1802 2890 leges
1851 2819 1957 2874 tu‘lit
1996 2826 2053 2875 de
2105 2827 2410 2876 ecclesiastica

1379 2905 1624 2973 disciplina
1644 2945 1658 2968 ,
1686 2910 1782 2956 vim
1814 2909 1902 2957 illae
1924 2910 2108 2959 nullam
2127 2909 2409 2969 habuerint,

1379 2989 1472 3038 nisi
1510 2993 1621 3056 quia
1673 2990 1733 3039 ab
1765 2990 1969 3040 Ecclesia
2011 3002 2199 3057 receptae
2242 3002 2288 3040 et
2327 3010 2410 3058 ap·

1378 3073 1580 3138 probatae
1624 3074 1833 3123 fuerunt.
1876 3073 2012 3138 Quod
2048 3091 2185 3140 porro
2230 3075 2409 3124 dictum

1380 3167 1447 3206 est
1478 3157 1535 3206 de
1569 3155 1838 3206 Justiniano
1859 3195 1872 3218 ‚
1901 3157 2027 3205 idem
2064 3157 2156 3205 dici
2180 3157 2318 3206 debet
2349 3158 2408 3207 de

1381 3239 1770 3304 Imperatoribus,
1799 3241 1881 3306 qui
1926 3256 2033 3288 eum
2075 3249 2411 3305 praecesserunt

1381 3333 1461 3371 aut
1497 3322 1732 3372 subsecuti
1766 3332 1876 3370 sunt
1898 3360 1911 3382 ‚
1950 3339 2080 3388 aeque
2114 3338 2169 3371 ac
2204 3323 2263 3371 de
2293 3322 2408 3388 legi-

1379 3406 1468 3455 bus
1486 3406 1772 3456 Francorum
1793 3444 1806 3467 ,
1824 3404 2241 3471 Longobardorum
2258 3443 2271 3466 ‚
2296 3406 2410 3456 alio-

1379 3506 1608 3557 rumque,
1652 3485 1791 3555 'prout
1833 3490 1934 3539 fuse
1963 3490 2215 3540 ostendunt
2240 3487 2408 3538 Gerdi-

1379 3567 1470 3623 lius
1495 3584 1540 3624 et
1574 3572 1783 3623 Zaccaria
1806 3608 1822 3638 ‚
1863 3590 1974 3640 opp.
2016 3583 2062 3623 et
2085 3574 2197 3622 locis
2223 3573 2391 3622 citatis.
