2514 4218
561 208 717 244 PART.
763 205 803 241 1.
852 206 971 243 CAP.
1019 206 1106 242 111.
1151 206 1220 242 1>ss
1261 205 1533 244 EGGLESIAE
1575 204 1752 245 mons.

2098 189 2212 249 191

107 348 416 408 Ecclesiam
449 345 791 407 orientalem
827 346 946 407 sive
984 366 1225 426 graecam
1263 357 1322 406 et
1357 365 1828 427 ἕπεο-Γυθεᾶται,
1862 359 1992 410 tum
2012 351 2213 412 Eccle-

105 446 215 503 sias
257 441 610 502 britannicas
656 440 792 500 fidei
845 453 904 501 et
950 441 1374 503 communionis
1420 443 1708 502 unitatem
1752 463 1875 527 prae
1908 465 1970 504 se
2016 446 2165 508 ferre
2189 493 2215 522 .,

102 540 222 598 imo
268 548 495 619 partem
533 538 885 597 constituere
923 535 1181 597 Ecclesiae
1213 536 1531 598 catholicae.
1581 538 1812 598 Etenim
1861 539 1923 598 1⁰
1966 541 2213 603 Ecclesia

102 653 316 714 graeca
346 654 411 693 ac
434 645 743 714 propterea
781 653 960 714 graeco
963 651 1181 704 —russa,
1204 652 1333 712 quae
1377 645 1467 692 est
1500 632 1575 693 ab
1605 633 1704 694 illa
1739 635 2075 715 progenita,
2087 659 2216 698 an-

104 730 283 789 terior
305 740 394 788 est
417 751 781 810 quacumque
800 727 1080 798 Ecclesia;
1104 726 1578 809 quandoquidem
1593 750 1663 789 ex
1679 729 1900 790 oriente
1913 753 2213 812 progressa

101 836 219 894 est,
260 823 360 882 ubi
387 824 583 905 religio
625 824 936 884 christiana
971 822 1184 902 coepit„
1218 832 1277 880 et
1304 822 1474 882 unde
1509 824 1571 882 in
1605 824 1745 884 alias
1779 825 1988 885 mundi
2016 826 2212 909 plagas

102 931 187 980 est
231 919 623 979 disseminata.
664 920 733 979 2⁰
767 916 982 978 Eadem
1019 915 1266 976 Ecclesia
1307 938 1474 976 suam
1510 916 1894 979 hierarchiam
1926 942 2032 1003 per
2068 943 2212 981 con-

102 1016 390 1074 tinuatam
415 1016 829 1097 Episcoporum
850 1011 1271 1073 successionem
1293 1009 1580 1095 perpetuo
1601 1017 2003 1090 conservavit3
2030 1017 2214 1078 idem·

100 1132 212 1192 que
247 1110 564 1170 dicendum
595 1109 668 1169 de
698 1106 945 1173 Ecclesia
975 1127 1354 1186 graeco-mssa
1376 1153 1394 1184 ,
1432 1130 1511 1168 ex.
1534 1130 1649 1191 quo
1677 1131 1786 1192 per
1811 1112 2209 1192 evangelicam

97 1206 570 1287 praedicationem
597 1204 861 1265 instituta
894 1213 1004 1269 est.
1039 1202 1107 1262 30
1139 1203 1401 1286 Utraque
1439 1204 1689 1266 Ecclesia
1721 1218 1994 1267 centrum
2030 1207 2211 1269 habet

98 1303 337 1363 unitatis
377 1325 392 1362 ε

96 1547 411 1604 Methodistoe,
428 1544 684 1612 Baptistae,
699 1544 944 1610 Jumperz‘,
972 1542 1104 1594 Uni-

91 1633 307 1690 tariam‘,
359 1626 789 1679 Universalistae...
832 1624 1106 1674 Socialistoe

89 1695 171 1762 seu
193 1712 449 1776 Owenitce3
469 1729 579 1760 nam
601 1719 647 1759 et
675 1709 773 1757 haec
801 1717 920 1758 secta
951 1710 1105 1756 novis·

90 1798 203 1844 sime
226 1795 394 1860 prodiit
429 1796 480 1842 in
513 1791 700 1858 Anglia.
732 1789 924 1842 Addicti
952 1791 1102 1840 eidem

89 1883 198 1926 sunt
220 1878 432 1926 homines
462 1875 886 1941 impudentissimi,
907 1873 991 1940 qui
1017 1873 1103 1922 Dei

88 1961 371 2008 existentiam
405 1968 458 2007 ut
478 1955 778 2024 probabilem
809 1955 1101 2020 defendunt3

88 2042 349 2090 daemonum
370 2078 384 2102 ‚
415 2042 614 2101 inferni,
659 2040 793 2100 eoeli,
823 2038 934 2105 legis
962 2047 1102 2086 natu-

87 2123 195 2170 ralis
222 2125 510 2172 existentiam
527 2131 699 2187 negant
727 2133 865 2188 atque
889 2120 1100 2182 irrident,

89 2204 397 2270 omnibusque
413 2203 747 2269 cupiditatibus
765 2203 1030 2268 indulgent.
1046 2201 1100 2249 In

88 2285 186 2333 dies
222 2287 482 2350 turpissima
510 2280 612 2332 haec
654 2293 772 2332 secta
814 2283 1104 2332 ibidem'au-

91 2369 250 2432 gemit,
277 2382 451 2433 magno
485 2368 624 2414 etiam
656 2364 806 2414 civilis
842 2356 1105 2429 reipublicae

90 2451 382 2499 detrimento.
433 2449 567 2515 Quod
614 2459 767 2506 autem
825 2459 997 2514 spectat
1046 2447 1104 2496 ad

90 2532 363 2597 professores
392 2533 514 2596 ipsos
547 2524 850 2590 oxonienses,
883 2540 932 2578 ut
959 2532 1106 2595 magis

90 2616 327 2681 magisque
364 2623 546 2677 pateat,
591 2613 718 2679 quod
763 2628 910 2677 nuper
954 2613 1104 2676 attigi-

91 2715 194 2745 mus
214 2734 227 2758 ,
260 2714 404 2762 quam
432 2713 596 2762 parum
618 2697 741 2743 inter
762 2713 808 2743 se
825 2696 1105 2743 conveniant

93 2779 161 2827 vel
196 2780 245 2826 in
279 2778 418 2827 rebus
458 2779 737 2843 gravissimis
758 2814 771 2837 ,
812 2776 1104 2828 luculentum

92 2860 280 2909 afferam
319 2860 585 2924 exemplum
633 2861 683 2907 in
717 2868 1008 2922 argumento,
1046 2858 1105 2907 de

91 2959 184 3006 quo
211 2943 406 3006 agimus.
432 2941 612 2990 Palmer
640 2940 936 2989 Methodistas
965 2940 1103 2989 dissi-

93 3022 248 3075 dentes
292 3034 418 3072 extra
475 3022 730 3072 Ecclesiam
777 3023 1050 3071 catholicam
1086 3060 1101 3084 ‚

89 3101 294 3170 adeoque
334 3115 380 3154 et
406 3105 697 3169 anglicanam
728 3107 779 3152 in
822 3106 922 3170 ejus
952 3103 1101 3169 hypo-

91 3182 226 3244 thesi,
247 3203 346 3243 esse>
373 3187 686 3252 pronunciat3
715 3186 863 3252 Pusey
889 3204 915 3235 e
945 3196 1102 3236 contra

90 3262 385 3330 Wesleyanos
401 3287 478 3322 seu
497 3269 801 3317 Methodistas
817 3270 866 3316 in
884 3270 1101 3332 cit.epist.

90 3356 218 3394 vocat
244 3350 492 3401 sectionem
522 3369 599 3400 seu
626 3351 895 3416 portionem
930 3348 984 3400 E
983 3348 1100 3398 ccle-

93 3429 178 3475 siae
220 3436 389 3478 nostroe
408 3464 424 3490 ‚
452 3449 625 3498 eosque
655 3433 948 3486 commendat
974 3469 987 3492 ,
1016 3450 1101 3498 op-

91 3511 315 3574 ponitque
369 3527 531 3562 eorum
578 3514 833 3564 doctrinam
883 3515 1099 3564 doctrinae

93 3595 461 3641 romanistarum.
496 3591 672 3644 Palmer
710 3598 820 3645 item
841 3634 856 3658 ‚
887 3607 941 3646 ut
979 3596 1098 3646 vidi-

91 3690 193 3720 mus
213 3672 508 3733 ‚-Ecclesiam
541 3692 660 3724 rom.
690 3688 862 3741 spectat
891 3681 958 3739 uti
991 3696 1093 3743 par-

434 1300 678 1362 Ecclesia
712 1298 950 1381 quidem
985 1319 1167 1379 graeca
1208 1299 1274 1358 in
1311 1300 1640 1380 patriarcha
1673 1324 1779 1362 suo
1810 1304 2171 1365 oecumenico
2188 1349 2210 1379 ‚7

1192 1553 1284 1591 tem
1310 1542 1523 1593 Ecclesiae
1539 1543 1800 1606 catholicae,
1819 1563 1926 1596 cum
1948 1565 2042 1612 qua
2056 1547 2213 1598 adhuc

1189 1643 1286 1674 esse
1297 1627 1580 1692 conjunctas
1590 1626 1816 1677 Ecclesias
1830 1629 2088 1694 anglicanas
2101 1642 2215 1679 con--

1189 1709 1367 1767 tendit‚·
1394 1719 1595 1758 attamen
1623 1707 1845 1759 Newman
1876 1714 1977 1777 ejus
2003 1711 2173 1777 collega
2191 1747 2206 1771 ,

1187 1793 1238 1839 in
1267 1809 1353 1857 op.-
1370 1791 1598 1840 Lectures
1624 1808 1688 1840 on
1709 1792 1786 1842 the
1805 1793 2109 1859 prophetie-al
2134 1794 2207 1859 ofl-

1181 1874 1272 1937 fiee
1303 1874 1364 1939 bf
1377 1873 1453 1922 the
1480 1873 1659 1923 churck
1677 1911 1691 1934 ,
1724 1884 1797 1924 etc
1816 1911 1831 1932 ‚
1847 1893 1929 1924 seu
1955 1875 2208 1924 Lectiones

1186 1955 1244 2004 de
1270 1972 1468 2004 munere
1491 1955 1763 2024 prophetico
1792 1956 2028 2006 Ecclesioe
2040 1997 2058 2019 ‚
2099 1975 2206 2024 spe-

1185 2045 1310 2086 ctato
1340 2039 1398 2085 in
1431 2037 1660 2086 relatione
1689 2038 1756 2085 ad
1778 2041 2128 2087 romanismum
2164 2050 2210 2088 et

1177 2120 1622 2188 protestantismum
1668 2119 1954 2187 popularem
1990 2157 2005 2181 ,
2052 2121 2205 2171 Lond-

1193 2201 1320 2270 1837
1349 2241 1363 2265 ‚
1401 2203 1487 2252 lib.
1527 2220 1755 2274 111‚1pag.
1793 2220 1877 2252 ιοι
1917 2191 1961 2253 et
1982 2220 2116 2270 seqq.
2155 2214 2207 2252 ut

1185 2296 1342 2350 postea
1375 2286 1663 2343 videbimus,
1710 2303 1812 2334 eam
1849 2297 2080 2351 comparat
2108 2286 2207 2334 dae-

1186 2368 1407 2415 maniaco
1426 2404 1439 2428 ,
1481 2384 1604 2429 rom,
1638 2366 1907 2415 Pontificem
1939 2379 2074 2415 vocat
2097 2367 2207 2414 dia-

1186 2447 1364 2509 bolum,
1379 2460 1518 2499 etc...
1537 2448 1623 2500 His
1642 2456 1750 2499 vero
1767 2448 2015 2498 subscribit
2030 2449 2203 2522 Pusey‚

1187 2532 1238 2578 in
1266 2548 1338 2595 ep.
1372 2533 1450 2579 cit.
1475 2530 1534 2579 In
1564 2530 1876 2580 Tractatibus
1893 2549 1998 2580 vero
2019 2531 2152 2580 editis
2178 2549 2204 2580 a

1187 2612 1454 2662 doctoribus
1496 2613 1706 2679 ejusdem
1742 2615 2050 2664 universitatis
2082 2612 2206 2662 Oxo-

1168 2695 1358 2742 ·niensis
1386 2705 1431 2743 et
1458 2697 1688 2761 inscriptis
1711 2712 1802 2762 pro
1840 2704 2044 2760 tempore
2074 2712 2205 2761 prae-

1186 2775 1346 2837 senti,
1374 2792 1422 2839 v,
1453 2795 1500 2826 ιιι
1518 2813 1533 2842 ,
1557 2796 1608 2828 n.
1640 2794 1703 2826 20
1724 2816 1737 2839 ‚
1763 2796 1863 2843 pag.
1885 2777 1913 2824 3
1933 2815 1946 2838 ‚
1979 2778 2201 2826 admirata

1185 2858 1398 2908 Ecclesiae
1444 2860 1678 2908 catholicae
1718 2877 1797 2908 seu
1839 2875 2043 2907 romanae
2078 2863 2201 2907 anti-

1189 2943 1394 3008 quitate,
1429 2941 1768 2992 universalitate
1803 2958 1858 2989 ac
1883 2943 2056 2989 unitate
2074 2978 2089 3003 ,
2117 2959 2203 2990 nec

1185 3041 1282 3071 non
1298 3022 1648 3086 pulchritudine
1661 3026 1761 3089 ejus
1785 3026 2062 3088 systematis,
2088 3040 2200 3072 con-

1185 3105 1383 3153 cludunt
1412 3122 1427 3154 ε
1458 3104 1561 3154 Nos
1585 3105 1841 3170 nequimus
1872 3120 1970 3153 non
1993 3104 2200 3168 sundere

1182 3187 1397 3252 suspiria
1414 3186 1684 3252 coqitando‚
1703 3186 1829 3250 quod
1855 3187 2010 3244 simus
2024 3186 2093 3235 vab
2111 3186 2201 3236 hac

1182 3266 1406 3318 Ecclesia
1442 3269 1671 3334 separati.
1726 3268 1799 3316 En
1843 3269 2077 3335 quomodo
2132 3269 2201 3317 hae

1182 3350 1430 3416 anglicanae
1472 3350 1689 3400 Ecclesiae·
1737 3350 1966 3409 columnae
2015 3353 2065 3405 in
2102 3353 2198 3414 ipsa

1181 3433 1415 3495 catholicae
1441 3432 1656 3482 Ecclesiae
1680 3435 1868 3482 notione
1896 3435 2015 3482 inter
2043 3450 2090 3480 se
2121 3449 2199 3479 co-

1180 3514 1404 3564 haereant!
1443 3526 1487 3564 et
1512 3514 1682 3581 quibus
1714 3514 1996 3570 solidissimis
2033 3513 2198 3562 funda-

1181 3600 1348 3647 mentis
1365 3597 1610 3648 aedisicium
1629 3634 1644 3659 ,
1664 3597 1790 3664 quod
1803 3600 1890 3663 ipsi
1913 3606 2035 3645 tanta
2055 3597 2197 3649 animi

1174 3682 1418 3729 securitate
1448 3680 1702 3741 extollunt,
1738 3679 1990 3728 innitatur!
