2514 4218
427 192 585 229 PART.
631 193 665 227 1.
717 191 872 229 snc'r.
917 192 983 228 11.
1033 192 1156 232 car.
1206 194 1272 229 11.
1325 193 1392 229 nu
1437 189 1669 230 rmum.
1717 191 1941 231 marm.
2089 173 2209 234 373

83 335 292 394 falsum
335 330 455 406 estg
492 354 601 392 nec
639 333 798 393 enim
840 333 1121 394 Catholici
1158 356 1227 394 ex
1264 334 1670 395 convenientia
1696 380 1713 411 ‚
1764 335 2072 395 commodo
2107 349 2209 397 aut

82 430 332 489 utilitate
352 473 367 502 ‚
414 449 540 508 quae
580 449 651 487 ex
680 430 936 510 primatu
968 429 1042 488 ad
1071 430 1357 489 unitatem
1397 428 1654 489 Ecclesiae
1678 429 2032 490 firmandam
2066 454 2210 513 pro·-

82 526 330 585 veniunt
359 569 375 594 ,
420 530 683 604 unquam
735 524 989 583 intulere
1038 525 1327 604 primatus
1373 524 1552 606 ipsius
1591 524 1966 583 existentiam
2020 537 2199 608 atque

82 619 548 691 institutionem3
595 619 697 677 sed
732 640 765 677 e
815 630 1014 677 contra
1063 618 1395 676 certissimis
1449 617 1678 676 biblicis
1723 639 1788 677 ac
1817 618 2210 680 traditionali-

81 713 190 771 bus
231 713 592 771 documentis
619 713 942 772 ostendunt
966 713 1288 793 primatum
1319 734 1350 770 a
1379 712 1611 771 Christo
1647 713 1709 770 in
1748 712 1994 772 Ecclesia
2021 725 2203 773 statu-

81 819 209 867 tum
235 829 298 866 ac
335 811 504 866 Petro
543 808 816 867 collatum
838 853 854 881 ,
887 818 948 866 et
984 827 1055 866 ex
1083 804 1290 865 iisdem
1325 805 1691 865 documentis
1714 807 1970 888 probant
1994 853 2009 882 a
2049 808 2209 869 hunc

83 907 400 986 primatum
454 917 805 987 perpetuum
856 903 1192 962 institutum
1232 923 1355 960 esse
1394 901 1470 960 ad
1524 901 1787 962 Ecclesiae
1835 901 2098 980 bonum⁷
2141 927 2209 965 ac

82 1001 369 1059 unitatem
417 1000 552 1059 fidei
581 1011 641 1059 et
666 998 1090 1059 communionis
1139 996 1492 1063 servandam
1515 1041 1531 1067 .‚
1571 1019 1682 1057 nec
1720 1009 2028 1079 propterea
2068 1021 2201 1062 cum

84 1096 241 1154 Petri
266 1095 429 1153 obitu
461 1095 779 1155 terminare
815 1091 1099 1152 debuisse.
1135 1092 1343 1153 Nullus
1371 1093 1548 1172 igitur
1565 1092 1658 1152 hic
1675 1093 1848 1152 datur
1867 1099 2207 1173 conjecturae

82 1188 278 1264 Ιοουε,
328 1202 428 1248 aut
465 1188 780 1258 arbitrariae
823 1208 925 1247 seu
972 1188 1237 1267 gratuitae
1269 1186 1553 1295 illationi,
1578 1198 1644 1248 ut
1678 1209 1988 1270 perperam
2006 1189 2207 1300 adver-

82 1286 266 1343 sarius
295 1284 463 1343 nobis
498 1282 740 1362 affingit.

166 1380 303 1439 545.
351 1381 496 1438 Cum
530 1399 670 1438 vero
715 1399 786 1437 ex
815 1377 959 1436 falso
987 1379 1290 1461 supposito
1327 1379 1584 1460 applicet
1610 1381 1766 1438 casui
1810 1392 2011 1440 nostro
2037 1382 2207 1462 prin-

83 1478 299 1558 cipium
329 1473 616 1550 Bossueti‚
661 1474 819 1554 quod
861 1473 933 1532 ad
962 1494 1087 1532 rem
1116 1485 1468 1554 praesentem
1494 1494 1616 1532 non
1655 1473 1789 1532 facit
1810 1519 1825 1547 .‚
1865 1495 2115 1556 cumque
2135 1499 2207 1536 ex

84 1571 239 1629 falsis
260 1569 566 1651 praemissis
588 1567 898 1631 concludat
926 1567 1323 1643 adversarius7
1357 1590 1478 1628 non
1506 1589 1674 1650 posse
1704 1567 1923 1627 anobis
1953 1569 2206 1629 demon-

85 1665 252 1724 strari
278 1709 294 1732 .
323 1662 599 1723 collatum
624 1684 748 1723 esse
787 1664 960 1722 Petro
984 1684 1016 1721 a
1043 1663 1272 1723 Christo
1297 1665 1548 1722 Domino
1574 1663 1898 1744 primatum
1927 1675 1995 1723 ut
2017 1666 2208 1744 objec-

84 1773 212 1819 tum
247 1781 619 1839 permanens
637 1803 653 1833 ,
677 1780 752 1818 ne
768 1779 902 1817 cum
928 1759 1203 1840 temporis
1218 1758 1524 1840 dispendio
1537 1757 1628 1817 his
1643 1758 1977 1819 refellendis
2006 1759 2209 1839 singil·

82 1854 248 1913 latim
270 1857 651 1912 immoremur
667 1898 682 1928 ‚
708 1854 843 1912 satis
869 1853 981 1912 erit
997 1853 1122 1912 haec
1137 1854 1332 1912 omnia
1349 1853 1536 1914 veluti
1556 1859 1787 1934 aloyica
1802 1865 2202 1914 contemnere.

84 1954 197 2008 Ista
223 1972 360 2010 vero
391 1949 705 2009 adversarii
736 1947 943 2028 agendi
972 1949 1120 2006 ratio
1157 1947 1510 2007 luculentius
1532 1947 1722 2007 adhuc
1743 1960 1986 2031 apparet
2009 1949 2071 2006 in
2096 1969 2166 2008 eo
2187 1994 2204 2023 .,

85 2045 241 2126 quod
284 2056 580 2125 postremo
624 2043 854 2121 subjicit
905 2043 1068 2117 loco7
1122 2065 1195 2103 ex
1240 2043 1497 2124 primatu
1535 2044 1692 2102 Petri
1731 2064 1853 2100 non
1895 2064 2069 2124 posse
2102 2064 2207 2102 nos

88 2139 374 2199 deducere
398 2146 513 2218 jus
562 2141 846 2198 divinum
895 2140 1180 2221 primatus
1226 2138 1492 2215 romani,
1530 2139 1664 2219 quia
1695 2138 1889 2219 potuit
1940 2137 2207 2197 Christus

88 2232 257 2293 illum
296 2234 559 2293 conferre
589 2236 761 2293 Petro
805 2235 866 2292 in
903 2234 1213 2314 praemium
1236 2234 1410 2307 fidei,
1449 2232 1556 2293 zeli
1596 2254 1661 2292 ac
1699 2231 2029 2292 dilectionis
2052 2253 2206 2305 suae,

88 2330 151 2387 in
190 2350 304 2411 quo
351 2330 658 2389 manifeste
703 2328 1099 2403 adversarius,
1145 2340 1211 2388 ut
1245 2326 1422 2410 paulo
1467 2338 1610 2387 ante
1644 2326 2205 2399 animadvertimus,

90 2424 400 2504 permiscet
426 2423 1054 2484 causaminstitutionis
1077 2423 1363 2506 primatus
1384 2444 1518 2482 cum
1537 2422 1780 2496 motiv0‚
1805 2443 1921 2504 quo
1943 2420 2208 2480 Christus

8 2567 11 2570 s
94 2518 264 2577 illum
300 2522 471 2579 Petro
504 2520 695 2600 potius
735 2539 914 2599 quam
951 2518 1117 2579 alteri
1159 2517 1438 2601 Apostolo
1466 2516 1796 2578 contulerit.

880 2778 1286 2834 PROPOSITIO
1326 2779 1395 2829 ΙΙ.

92 2951 309 3009 Petrus
349 2951 609 3033 Romam
653 2956 814 3008 venit
835 2997 851 3020 ,
877 2963 1054 3030 atque
1078 2952 1264 3029 hujus
1293 2950 1470 3008 urbis
1505 2954 1912 3028 episcopatum
1945 2951 2216 3007 instituit

589 3050 858 3125 reci-itque
894 3066 1082 3124 usque
1119 3030 1207 3104 ad
1235 3046 1467 3103 obitum
1496 3065 1698 3104 suum.

180 3282 318 3344 546.
351 3266 503 3345 xFere
525 3286 710 3367 sopita
736 3296 858 3345 erat
889 3283 997 3343 sub
1024 3285 1206 3344 finem
1240 3284 1418 3344 seculi
1446 3281 1628 3364 elapsi
1657 3286 2051 3346 controversia
2085 3284 2226 3344 haec*

88 3377 310 3451 critica,
343 3399 471 3459 quae
495 3380 567 3440 de
603 3380 860 3440 adventu
885 3380 1041 3439 Petri
1077 3380 1138 3437 in
1177 3378 1398 3438 Urbem
1433 3383 1670 3458 ejusque
1706 3400 1950 3438 romano
1990 3379 2215 3461 episco-

86 3481 230 3552 patu
263 3492 328 3530 ac
354 3473 415 3530 in
443 3474 642 3534 eadem
666 3474 810 3535 urbe
833 3473 1113 3556 martyrio
1136 3474 1347 3554 agitata
1372 3473 1472 3532 diu
1506 3473 1616 3532 fuit
1649 3473 1805 3534 inter
1827 3483 2220 3557 protestantes-

88 3575 147 3624 et
179 3565 486 3626 catholicos
528 3570 752 3650 ingenti
806 3570 986 3630 animi
1036 3569 1433 3628 contentione.
1480 3568 1689 3629 Perciti
1737 3569 2025 3651 siquidem
2067 3589 2216 3649 pro·-

89 3670 368 3721 testantes
413 3661 674 3744 plerique
706 3666 883 3725 totius
946 3664 1309 3747 antiquitatis
1358 3663 1619 3746 pondere
1648 3710 1664 3741 7
1719 3684 2072 3745 suorumque
2107 3662 2219 3723 do,-
