2514 4218
887 184 1086 224 TRAc'r.
1135 186 1204 224 DE
1247 183 1399 225 Locls
1444 185 1815 226 Tffnotoalms.

269 164 386 224 516

342 329 490 389 760.
537 328 626 388 Ad
684 327 791 403 3¹¹¹,
831 328 983 409 Ney.
1037 330 1161 388 Hoc
1209 329 1368 388 enim
1417 340 1505 388 est
1552 329 1831 409 effugium
1878 330 2268 411 excogitatum
2323 334 2399 394 ad

269 423 622 486 eludendam
678 423 1005 485 traditioni-s
1065 426 1206 483 vim.
1263 411 1506 506 Concipi
1554 436 1752 484 autem
1809 427 2050 508 nequit,
2104 428 2399 508 quomodo

267 521 492 602 possint
518 521 824 580 Pontifices
857 519 1069 600 singuli
1097 541 1171 579 ex
1202 519 1479 580 cathedra
1511 541 1769 580 errorem
1800 520 1863 579 in
1890 521 2012 582 fide*
2035 522 2398 584 credendum

266 617 530 677 Ecclesiae
580 636 946 698 proponere,
993 626 1056 675 et
1103 626 1301 675 tamen
1347 617 1411 674 in
1457 614 1801 675 eorumdem
1850 617 2200 678 Pontificum
2236 620 2399 680 'serie

267 714 405 773 fidei
454 711 929 773 indefectibilitas
976 723 1321 794 permaneat
1349 711 1463 791 (1).
1498 710 1757 788 Deinde,
1804 734 1926 770 non
1955 712 2144 771 solum
2190 715 2393 793 seriei,

265 809 368 869 sed
402 808 779 868 Pontificibus
816 808 1052 888 singulis
1084 830 1300 867 munus
1342 805 1634 867 incumbit
1672 808 2059 867 confirmandi
2095 808 2303 870 fratres
2331 811 2398 872 in

265 904 413 978 fide;
454 926 593 964 eum
629 925 768 965 vero
797 905 861 963 in
890 903 1048 964 hunc
1081 904 1261 963 finem
1293 903 1556 963 christus
1589 902 1702 962 illis
1727 901 2156 963 infallibilitatis
2196 892 2396 967 dotem

268 1000 616 1077 contulerit,
655 1011 856 1082 patet,
883 1011 985 1058 aut
1021 998 1196 1058 nullis
1231 1011 1331 1058 aut
1354 998 1593 1081 singulis
1629 997 1791 1059 illam
1828 1010 2162 1082 competere
2195 1000 2308 1082 (2).

344 1095 485 1156 761.
533 1096 629 1155 Ad
670 1095 779 1170 4¹1¹,
827 1094 979 1176 Ney.
1036 1094 1126 1154 Ad
1175 1087 1419 1154 effatum
1457 1115 1595 1155 vero
1640 1095 1848 1154 Leonis
1893 1096 2003 1170 M.‚
2038 1099 2191 1156 Dist.
2225 1096 2399 1158 Aliud

263 1202 401 1251 sunt
446 1192 611 1253 sedes
654 1190 812 1250 aliud
847 1189 1266 1273 praesidenteS‚
1306 1200 1595 1272 quatenus
1639 1190 1867 1250 sedium
1902 1195 2038 1270 jura
2083 1213 2207 1251 non
2251 1214 2395 1276 pen-

262 1288 442 1348 deant
495 1310 569 1348 ex
619 1287 840 1348 meritis
890 1298 991 1346 aut
1045 1286 1356 1347 demeritis·
1404 1285 1811 1369 personalibus
1872 1285 2226 1368 praesulum,
2283 1310 2397 1371 pro

262 1399 531 1470 tempore
569 1385 933 1459 sedentium,
973 1405 1175 1453 cone.,·
1217 1395 1507 1465 quatenus
1536 1388 1666 1462 jura
1706 1381 1934 1442 sedium
1989 1406 2113 1443 non
2149 1406 2394 1468 compe-

261 1493 393 1542 tant
427 1479 878 1565 praesidentibus
901 1526 917 1555 .,
956 1501 1082 1560 neq.
1112 1479 1378 1539 Profecto
1417 1478 1593 1537 aliam
1625 1479 1688 1537 in
1713 1478 1823 1538 hoc
1856 1479 2030 1539 effato
2066 1502 2187 1539 non
2217 1480 2395 1542 fuisse

268 1588 529 1638 mentem
564 1579 622 1637 S.
653 1577 883 1651 Leonis7
912 1586 1078 1658 patet
1104 1596 1177 1635 ex
1204 1579 1327 1653 ejus
1344 1596 1550 1655 scop0.,
1570 1574 1852 1634 nimirum
1880 1587 2064 1635 sartos
2093 1587 2392 1660 tectosque

263 1672 626 1733 custodiendi
654 1672 903 1730 nicaenos
942 1692 1230 1743 canoneS,
1261 1671 1364 1752 qui
1393 1692 1498 1729 sua
1535 1670 1742 1752 cuique
1778 1670 1902 1730 sedi
1929 1676 2065 1750 jura
2099 1672 2387 1733 servanda

265 1768 664 1850 praefinierant
683 1812 699 1841 ,
738 1788 931 1848 neque
954 1765 1249 1841 sinebant,
1288 1777 1355 1824 ut
1377 1765 1452 1825 ob
1491 1766 1864 1849 personalem
1894 1768 2149 1828 Dioscori
2178 1769 2392 1850 impie-

260 1877 443 1924 tatem
477 1862 745 1944 secundae
779 1862 929 1923 sedis
957 1867 1051 1941 jus
1079 1861 1437 1922 adimeretur
1477 1862 1885 1922 Alexandrinae
1912 1874 1974 1924 et
2004 1864 2068 1922 in
2099 1865 2389 1924 Constan-

260 1959 711 2043 tinopolitanam
740 1959 1156 2019 transferretur
1179 1957 1295 2039 (3).
1332 1958 1609 2018 Ceterum
1635 1980 1757 2017 non
1786 1980 1896 2042 pro
1924 1958 2061 2018 sede
2092 1960 2384 2035 Romana,

327 2222 399 2285 (l)
439 2221 569 2270 Circa
600 2221 690 2270 hoc
727 2221 937 2270 Bossueti
963 2220 1188 2286 effugium
1216 2221 1286 2270 le-

259 2305 438 2370 gendus
476 2307 666 2352 omnino
702 2314 769 2352 est
794 2302 933 2354 Com.
970 2305 1028 2353 de
1059 2303 1284 2364 Maistre,

260 2391 311 2436 in
343 2406 423 2454 op.
455 2387 537 2438 Du
573 2385 738 2455 Pape,
773 2381 852 2438 liv.
887 2406 932 2448 1,
963 2388 1042 2438 ch.
1077 2405 1129 2437 11
1155 2427 1168 2450 ,
1202 2389 1287 2437 ubi

261 2473 380 2519 inter
401 2481 556 2519 cetera
597 2470 756 2518 scribit
788 2486 803 2518 ε
843 2467 972 2518 C’est
1000 2470 1036 2517 «i
1054 2486 1155 2535 peu
1172 2471 1289 2536 pres

261 2569 440 2602 comme
480 2552 556 2600 s'il
599 2558 617 2615 (
640 2553 864 2615 Bossuet‘)
903 2554 1036 2601 auoit
1077 2552 1153 2599 dit
1195 2570 1286 2618 que

260 2645 366 2683 tous
407 2634 471 2683 les
508 2652 782 2701 empereurs
830 2637 1049 2683 romains
1097 2635 1289 2684 doivent

260 2719 358 2766 ecre
403 2718 675 2766 consideres
721 2735 901 2769 comme
947 2717 997 2765 la
1039 2734 1287 2783 personne

262 2799 535 2864 d’Auquste
564 2801 815 2848 continues
826 2818 845 2861 ‚·
871 2816 962 2864 que
979 2801 1024 2847 si
1040 2798 1087 2847 la
1103 2816 1286 2864 saqesse

260 2891 306 2929 et
322 2882 603 2931 l’humanite
624 2891 706 2930 ont
723 2899 858 2947 paru
878 2880 1169 2946 quelquefois
1190 2887 1286 2930 'tre-

262 2962 535 3012 buchersur
554 2982 603 3012 ce
629 2966 764 3012 irone
788 2965 913 3012 dans
935 2964 998 3014 les
1023 2981 1285 3030 personnes

262 3043 322 3092 de
333 3045 703 3111 quelques-uns,
725 3046 810 3094 tels
834 3063 924 3111 que
949 3046 1128 3094 Tibere
1143 3084 1157 3107 ‚
1188 3046 1286 3095 Νό-

260 3142 352 3175 ron
368 3161 383 3187 ,
417 3127 643 3193 Caliyula
657 3167 669 3188 ,
698 3137 786 3177 etc.
806 3144 869 3176 on
885 3145 946 3176 ne
970 3131 1157 3176 sauroit
1175 3128 1285 3177 dire

262 3211 549 3257 neonmoins
574 3210 760 3275 qu'elles
786 3213 923 3259 aient
933 3213 1126 3277 Jamais
1148 3228 1284 3259 man-

260 3296 352 3357 que
374 3294 705 3355 entierement,
730 3293 1041 3359 puisqu'elles
1068 3294 1286 3342 devoient

261 3376 539 3423 res-susciter
558 3374 740 3423 biencot
760 3375 883 3423 dans
909 3375 1043 3424 celles
1064 3375 1147 3423 des
1169 3377 1219 3425 A
1223 3394 1283 3423 n-

260 3459 404 3505 tonin
422 3495 435 3518 ‚
470 3457 550 3505 des
576 3456 792 3520 Trajan,
813 3467 902 3507 etc.
932 3458 1083 3524 Atque
1105 3469 1155 3507 ut
1173 3459 1285 3508 alibi

261 3539 472 3588 observat
494 3577 508 3602 ‚
541 3540 685 3587 series
712 3539 988 3589 Pontificum
1011 3551 1125 3590 esset
1146 3541 1286 3589 infal-

263 3620 405 3669 libilis
429 3659 444 3681 ,
486 3625 568 3671 etsi
607 3622 856 3670 Pontifices
885 3623 1053 3687 singuli
1101 3633 1289 3689 possent

263 3703 458 3754 haeretici
476 3723 592 3757 esse.
605 3706 703 3758 Cfr.
716 3703 788 3755 De
802 3690 1001 3771 I'quise
1013 3706 1255 3770 qallicane
1265 3741 1282 3770 ,

1371 2222 1453 2271 liv.
1486 2235 1521 2270 n
1541 2258 1555 2283 ,
1591 2221 1667 2271 ch.
1709 2236 1767 2270 12
1789 2258 1803 2283 ,
1839 2221 2014 2271 scilicet
2045 2220 2316 2283 Pontifices,
2347 2222 2399 2269 in

1372 2302 1579 2353 Bossueti
1605 2304 1885 2373 hypothesi,
1917 2305 1971 2352 in
1990 2303 2226 2353 abstracto
2250 2314 2399 2353 essent

1375 2384 1664 2447 infallibiles,
1694 2386 1910 2436 fallibiles
1940 2404 2048 2436 vero
2076 2388 2131 2434 in
2161 2395 2396 2435 concreto.

1440 2469 1509 2532 (Ξ)
1545 2467 1677 2518 Certe
1707 2465 2142 2535 S.Augustinus‚in
2155 2467 2246 2517 Pe.
2267 2467 2396 2516 cont.

1364 2561 1499 2618 part.
1534 2551 1759 2612 Donati,
1787 2570 1899 2601 cum
1932 2551 2189 2618 scripsisset
2234 2568 2248 2600 ε
2281 2549 2392 2598 Nu-

1372 2642 1550 2682 merate
1577 2632 1854 2682 Sacerdotes
1899 2633 1978 2683 vel
2017 2633 2078 2681 ab
2117 2635 2226 2700 ipsa
2256 2629 2397 2681 Petri

1371 2716 1479 2764 sede
1499 2754 1512 2776 ‚
1548 2724 1593 2764 et
1626 2718 1683 2764 in
1717 2715 1886 2764 ordine
1918 2716 2000 2765 illo
2033 2714 2244 2765 Pate-um
2282 2716 2394 2780 quis

1371 2798 1455 2848 cui
1473 2800 1700 2846 successit
1726 2798 1880 2847 videte
1898 2837 1912 2860 ,
1942 2798 2106 2847 subdit
2135 2815 2150 2847 ε
2183 2796 2312 2846 Hoec
2325 2805 2395 2845 est

1363 2888 1505 2946 petra
1520 2918 1533 2937 ‚
1563 2898 1709 2946 quam
1734 2898 1834 2929 non
1862 2882 2063 2930 vincunt
2081 2881 2297 2947 superbae
2315 2880 2393 2926 in-

1364 2964 1578 3027 ferorum
1604 2973 1757 3029 portae
1775 3001 1789 3020 ,
1817 2966 2008 3030 perinde
2032 2981 2086 3012 ac
2111 2965 2149 3011 si
2175 2962 2344 3027 diceret
2374 2978 2388 3009 :

1369 3043 1440 3093 In
1465 3046 1552 3094 hoc
1580 3048 1896 3096 successionis
1919 3044 2089 3094 ordine
2102 3042 2266 3092 nullus
2286 3043 2393 3092 Do-

1370 3128 1550 3177 natisea
1586 3131 1836 3195 episcopus
1870 3127 2153 3189 invenitur3
2194 3129 2232 3175 si
2266 3128 2394 3175 enim

1372 3213 1442 3261 vel
1467 3231 1586 3262 unus
1614 3212 1957 3261 Donatistarum
1974 3210 2207 3258 erroribus
2232 3211 2392 3276 inqui—

1369 3305 1505 3343 natus
1533 3297 1806 3360 reperiretur
1828 3329 1842 3350 ‚
1884 3294 1992 3340 satis
2033 3292 2192 3340 fuisset
2225 3291 2282 3339 ad
2308 3297 2394 3339 'se-

1368 3380 1486 3425 riem
1508 3377 1639 3426 illam
1661 3375 1933 3422 vitiandam.
1951 3374 2050 3422 cfr.
2072 3374 2291 3423 Ballerin.
2309 3389 2392 3438 op.

1368 3464 1447 3509 cit.
1500 3460 1573 3507 De
1609 3459 1663 3505 vi
1699 3465 1742 3505 et
1777 3465 1874 3506 rat.
1909 3459 2093 3523 prim„
2139 3473 2245 3522 cap.
2297 3453 2390 3515 15,

1371 3541 1396 3608 §
1427 3540 1487 3602 5,
1524 3559 1572 3588 n.
1607 3555 1691 3589 20.

1438 3622 1502 3686 (3)
1549 3622 1693 3671 l‘rout
1739 3620 2053 3672 contendebat
2103 3620 2343 3670 Anatolius
2367 3658 2380 3681 ,

1371 3723 1511 3773 quem
1538 3706 1701 3756 acriter
1733 3707 1880 3771 arguit
1898 3705 1984 3754 hac
2002 3704 2195 3771 epistola
2210 3700 2259 3773 S?
2280 3701 2392 3753 Leo·
