2514 4218
249 138 367 198 366

896 161 1099 199 TRAGT.
1145 160 1215 199 DE
1258 161 1409 200 LOCIS
1457 163 1836 205 THEOLOGIGIS.

247 308 543 386 originem
577 305 911 364 institueret
957 314 1017 363 et
1058 326 1241 362 unam
1278 302 1619 381 Ecclesiam,
1655 309 1743 367 uti
1783 311 2109 393 Cyprianus
2146 314 2266 392 (l);
2294 314 2392 375 alii

247 405 395 461 bono
416 405 674 460 unitatis
696 403 770 460 B.
805 402 1061 460 Petram
1093 401 1393 479 Apostolis
1431 404 1716 462 omnihus
1741 411 2040 487 proeferri
2064 407 2390 484 meruisse,

245 498 330 556 uti
356 499 605 578 Optatus
632 495 751 577 (2);
790 495 887 554 alii
923 506 994 555 ut
1024 499 1326 556 unitatem
1360 499 1664 576 fundaret
1694 523 1766 558 ea·
1802 525 1958 572 uno,
1997 517 2061 564 ut
2097 509 2156 566 S.
2202 508 2396 567 Pacia-

245 616 353 652 nus
392 593 510 675 (3);
546 593 642 652 alii
686 603 750 651 ut
791 593 1081 651 inferrent
1107 639 1123 667 .,
1155 592 1237 652 ibi
1287 616 1413 654 esse
1446 596 1784 655 Ecclesiam
1808 642 1823 672 ,
1858 600 1971 657 ubi
2014 613 2100 660 eet
2129 604 2389 675 Petrus,

238 690 326 749 uti
356 692 412 749 S.
447 688 786 749 Ambrosius
821 687 947 769 (li);
989 687 1086 747 alii
1126 700 1191 749 ut
1231 690 1295 749 in
1321 712 1442 749 ano
1473 692 1653 760 Petro
1682 696 1987 771 formaret
2012 697 2349 758 Ecclesiam
2372 743 2387 766 ,

240 785 736 870 quemadmodum
762 786 820 844 S.
853 779 1211 866 Augustinus
1242 787 1367 869 (5);
1400 798 1575 870 atque
1605 789 1690 847 uti
1715 790 2005 851 unitatem
2033 793 2388 873 significaret:

309 980 374 1045 (1)
414 978 560 1043 Epist.
610 995 649 1025 m
700 988 744 1027 et
795 979 930 1043 epist.
977 994 1061 1027 Lxx
1091 995 1106 1041 3
1161 980 1273 1027 item

239 1065 285 1110 in
328 1063 410 1110 lib.
457 1060 525 1110 De
570 1062 761 1109 unitate
802 1059 994 1111 Eccles.
1037 1062 1150 1110 edit.
1189 1063 1270 1112 cit.

237 1163 343 1211 pag.
378 1143 502 1211 195,
534 1155 578 1193 et
610 1144 722 1192 alibi
749 1146 943 1209 passim.

310 1227 375 1292 (2)
415 1226 547 1275 Ado.
578 1225 821 1274 Parmen.
855 1225 974 1275 edit.
1023 1223 1271 1292 Albaspin.

239 1312 329 1359 lib.
366 1326 461 1368 vn,
496 1325 606 1375 pag.
647 1324 737 1374 ³⁰7
760 1346 775 1369 .‚
811 1311 891 1374 qui
929 1318 1147 1374 praeterea
1175 1313 1270 1375 jam

239 1395 523 1460 praemiserat
542 1426 556 1454 ,
586 1391 672 1439 lib.
693 1406 762 1450 11,
795 1409 904 1456 pag.
940 1389 1006 1454 48
1034 1408 1048 1438 :
1081 1391 1272 1454 Neqare

239 1495 338 1527 non
358 1485 495 1544 potes
515 1513 529 1537 ‚
557 1477 680 1523 scire
698 1477 754 1523 in
768 1485 810 1521 te
826 1474 942 1521 urbe
960 1474 1110 1522 Roma
1128 1473 1270 1524 Pet-ro

230 1564 397 1628 primo
430 1558 702 1608 cathedram
721 1556 1043 1624 episcopalem
1068 1574 1167 1605 esse
1181 1558 1271 1607 col·

239 1644 386 1692 latam
407 1681 419 1703 ‚
438 1645 497 1690 in
510 1658 606 1707 qua
624 1641 795 1688 sederit
810 1642 1031 1688 omnium
1052 1641 1100 1688 A
1103 1650 1268 1706 posto-

239 1726 393 1773 lorum
425 1725 585 1791 Caput
606 1721 780 1772 Petrus
798 1761 811 1779 ‚
852 1723 982 1771 tonde
1009 1732 1053 1770 et
1081 1722 1270 1789 Cephas

238 1810 505 1877 appellat-us
554 1819 669 1866 est,·
722 1810 779 1855 in
827 1824 924 1872 qua
963 1824 1064 1854 aaa
1102 1807 1262 1856 cathe-

241 1894 331 1942 dra
355 1896 519 1942 unitas
547 1891 606 1939 ab
628 1891 852 1939 omnibus
879 1900 1180 1953 servaretur,
1208 1908 1269 1939 ‘ne

242 1979 388 2027 ceteri
434 1973 653 2042 Apostoli
699 1972 921 2038 sinqalas
986 1973 1083 2020 sibi
1136 1975 1268 2038 quis-

240 2077 330 2126 que
353 2057 688 2124 defenderent3
734 2066 788 2103 ut
802 2057 911 2120 jam
931 2055 1267 2104 schismaticus

242 2153 286 2192 et
290 2151 522 2210 peccator
532 2151 666 2201 esset,
685 2143 771 2205 qni
786 2146 952 2188 contra
969 2138 1266 2204 sinqularem

237 2227 517 2276 cathedram
556 2225 756 2273 alteram
804 2219 1072 2273 collocaret.
1132 2221 1265 2288 Erqo

239 2310 466 2359 cathedra
507 2325 606 2356 una
646 2315 743 2368 est,
772 2324 878 2371 quse
906 2314 975 2354 est
1008 2308 1174 2372 prima
1205 2307 1265 2354 cle

237 2393 424 2442 dotibus
446 2428 460 2452 ἢ
487 2402 579 2441 etc.
605 2390 742 2438 Haud
771 2393 933 2454 ignoro
955 2423 972 2449 ,
1009 2389 1264 2437 nonnullos

161 2530 166 2535 .
237 2485 543 2542 protestantes
562 2510 577 2535 ,
598 2491 715 2540 quos
743 2476 865 2521 inter
886 2475 1115 2537 praecipue
1129 2471 1262 2520 Chil-

235 2561 479 2627 lingworth
498 2598 511 2621 ‚
543 2577 597 2608 ac
611 2569 742 2608 aetate
762 2559 849 2606 hac
867 2569 1021 2606 nostra
1044 2554 1261 2622 ejusdem

234 2648 421 2710 vestigia
461 2662 680 2711 premens
730 2646 940 2690 minister
988 2643 1261 2708 anglicanus

239 2728 298 2777 D.
338 2729 508 2787 Poole‚
559 2727 615 2775 ad
648 2727 909 2774 elidendam
956 2726 1100 2790 hujus
1140 2728 1264 2774 testi-

240 2814 384 2859 monii
428 2813 521 2860 vim
540 2848 552 2869 ‚
599 2809 882 2858 contendere
903 2846 914 2868 ‚
949 2809 1180 2874 quidquid
1207 2826 1260 2855 eo

239 2896 287 2940 in
315 2894 415 2941 loco
440 2895 495 2942 de
530 2911 722 2940 romana
763 2889 904 2941 Petri
934 2890 1160 2938 cathedra
1192 2902 1261 2939 at-

240 2993 331 3041 que
348 2978 534 3024 unitate
557 2977 788 3040 scripserit
805 2973 1000 3040 Optatus
1017 3012 1030 3036 ‚
1053 2991 1149 3021 non
1168 2973 1257 3021 Ec-

238 3058 426 3106 clesiam
459 3061 721 3107 universam
755 3069 986 3123 spectare,
1033 3057 1111 3104 sed
1141 3057 1258 3105 illud

237 3139 486 3187 dumtaxat
525 3142 756 3204 peculiare
794 3139 992 3188 schisma
1037 3139 1199 3187 Romae
1232 3158 1258 3188 a

238 3222 491 3271 Donatistis
507 3225 900 3283 excitatum‚dum
921 3223 1064 3271 alium
1082 3222 1258 3270 ibidem

238 3307 450 3353 factionis
476 3322 566 3352 suae
596 3309 860 3371 episcopum
886 3345 898 3366 ,
933 3306 1223 3354 Macrobium
1242 3342 1257 3368 ‚

236 3388 532 3437 collocaram.
582 3386 671 3436 Sed
720 3392 860 3437 nimis
913 3389 961 3437 id
1005 3407 1029 3437 a
1069 3390 1261 3438 veritate

235 3470 471 3520 abhorret.
520 3470 703 3518 Etenim
747 3470 940 3535 Optatus
981 3480 1029 3519 1⁰
1056 3472 1260 3538 loquitur

235 3558 450 3603 adversus
465 3554 731 3601 Donatistas
748 3554 805 3601 de
822 3557 941 3601 notis
957 3590 971 3612 ‚
988 3554 1159 3620 quibus
1180 3572 1258 3602 ca-

237 3641 403 3688 tholica
424 3658 478 3688 ac
505 3656 609 3687 vera
631 3637 801 3706 Christi
820 3637 1021 3686 Ecclesia
1054 3639 1255 3686 discerni

234 3735 413 3788 posset,
448 3740 502 3771 ac
536 3724 683 3788 primo
713 3720 955 3769 interillas
976 3719 1251 3769 cathedram

1358 990 1580 1029 recenset.
1619 979 1689 1028 De
1717 998 1771 1028 ea
1806 983 1947 1047 igitur
1993 983 2208 1032 cathedra
2235 1003 2387 1034 sermo

1357 1072 1487 1119 erat,
1529 1079 1635 1129 quae
1664 1073 1808 1111 totam
1849 1074 2076 1128 spectaret
2106 1065 2383 1118 Ecclesiam.

1358 1151 1410 1192 2⁰
1438 1144 1667 1211 Loquitur
1703 1146 1761 1193 de
1785 1145 1905 1194 Sede
1934 1165 2130 1196 romana
2158 1160 2385 1216 tanquam

1354 1231 1504 1276 unica
1555 1240 1599 1277 et
1639 1230 1882 1294 sinqulari
1924 1231 2064 1281 relate
2099 1234 2157 1281 ad
2187 1244 2387 1282 coeteras

1354 1311 1486 1359 sedes
1506 1347 1519 1370 ‚
1547 1311 1607 1359 ab
1631 1311 1746 1359 aliis
1763 1313 2010 1378 Apostolis
2038 1327 2210 1364 erectas
2234 1354 2246 1375 ‚
2274 1316 2385 1364 nul-

1355 1393 1547 1460 lamque
1565 1434 1578 1455 ,
1605 1396 1712 1443 licet
1741 1396 2052 1461 apostolicam
2067 1435 2079 1457 ‚
2096 1398 2315 1447 adversus
2334 1400 2384 1448 il·

1354 1474 1448 1524 lam
1476 1479 1575 1524 sine
1600 1477 1858 1525 schismatis
1876 1490 1984 1526 nota
2013 1495 2230 1544 exurgere
2253 1498 2384 1545 posse

1353 1557 1571 1607 affirmat.
1601 1559 1670 1607 De
1707 1577 1760 1607 eo
1795 1562 1935 1625 igitur
1969 1564 2160 1609 unitatis
2200 1561 2384 1612 disserit

1353 1651 1512 1688 centro
1532 1678 1544 1699 ‚
1565 1643 1615 1688 in
1635 1641 1763 1706 quod
1782 1652 1954 1690 caeterae
1972 1644 2111 1690 simul
2128 1648 2379 1695 convenire

1352 1722 1578 1771 deberent
1606 1723 1839 1772 Ecclesiae.
1872 1723 1925 1771 3ο
1945 1725 2183 1792 Loquitur
2212 1729 2268 1776 de
2297 1746 2377 1776 ca-

1352 1804 1514 1853 thedra
1536 1806 1614 1854 illa
1645 1805 1768 1854 Petri
1791 1843 1803 1864 ‚
1821 1823 1912 1871 per
1940 1824 2085 1872 quam
2117 1825 2269 1856 venam
2289 1827 2381 1858 cae-

1350 1896 1454 1935 terae
1487 1887 1701 1936 Ecclesiae
1724 1898 1847 1936 notae
1880 1891 2021 1936 simul
2045 1891 2378 1954 probarentur.

1349 1970 1520 2019 Subdit
1545 1974 1671 2019 enim
1705 1991 1721 2018 .·

1350 2055 1435 2114 tri,
1466 2071 1573 2118 quoe
1590 2064 1754 2101 nostra
1770 2061 1840 2101 est
1855 2092 1868 2109 ,
1887 2072 1981 2120 per
2006 2058 2163 2120 ipsam
2181 2062 2228 2104 et
2245 2067 2381 2106 coete-

1347 2153 1429 2184 ras
1444 2138 1571 2184 dotes
1588 2136 1720 2202 apud
1738 2153 1825 2184 nos
1840 2153 1939 2184 esse
1961 2173 1975 2200 ‚
2001 2154 2105 2203 cap.
2136 2156 2170 2206 9
2184 2176 2196 2199 ‚
2223 2158 2270 2204 p.
2289 2138 2375 2204 38,
2392 2129 2402 2147 ⁸

1348 2219 1462 2268 edit.
1496 2218 1673 2284 Dupin.
1696 2217 1850 2284 Optati
1879 2230 2082 2268 mentem
2104 2221 2249 2270 solide
2272 2225 2377 2271 vin·

1348 2301 1538 2360 dicavit,
1566 2302 1782 2350 adversus
1799 2302 1961 2361 Poole‚
1995 2306 2200 2369 egregius
2231 2303 2287 2353 F.
2315 2303 2376 2354 C.

1350 2383 1625 2433 Husenbeth
1644 2423 1657 2444 ‚
1679 2384 1936 2435 catholicus
1962 2388 2169 2435 sacerdos
2204 2387 2376 2454 anglus

1345 2470 1395 2517 in
1414 2486 1550 2535 opere
1574 2469 1647 2517 St.
1683 2468 1904 2533 Cyprian
1930 2468 2214 2516 vindicated
2225 2504 2241 2530 ‚
2283 2479 2373 2519 etc.

1346 2570 1427 2600 seu
1447 2550 1502 2600 S.
1534 2551 1817 2616 Cyprianus
1843 2550 2124 2598 vindicatus
2141 2551 2374 2599 adversus

1343 2634 1580 2699 quasdam
1618 2633 1854 2681 doctrinm
1896 2635 2000 2699 ejus
2038 2635 2371 2699 perversiones

1337 2716 1496 2781 factas
1519 2718 1574 2763 in
1600 2715 1721 2763 libro
1738 2733 1836 2765 rev.
1868 2716 1932 2764 G.
1958 2714 2024 2765 A.
2048 2713 2190 2765 Poole
2209 2755 2222 2777 ‚
2250 2716 2288 2764 N
2295 2734 2371 2765 or-

1343 2801 1461 2848 wich
1497 2798 1625 2867 1839
1646 2835 1660 2862 ‚
1697 2819 1742 2864 p.
1768 2797 1837 2863 64
1866 2810 1911 2848 et
1934 2818 2069 2866 seqq.
2096 2799 2195 2848 Cfr.
2227 2802 2370 2849 etiam

1345 2882 1541 2933 Dublin’
1583 2883 1774 2930 Review
1798 2921 1812 2943 ‚
1858 2882 2046 2948 August.
2101 2879 2229 2948 1839
2258 2917 2274 2939 ,
2318 2884 2370 2930 in

1342 2967 1558 3033 praeclaro
1601 2966 1797 3014 articulo
1833 2966 2054 3014 adversus
2082 2964 2369 3013 Oxonienses

1762 1971 1834 2018 Et
1856 1990 1950 2038 per
1971 1973 2251 2021 cathedram
2282 1973 2379 2025 Pe-

1342 3054 1514 3099 inserto
1562 3088 1575 3110 ‚
1638 3052 1772 3115 cujus
1818 3059 1979 3097 auctor
2033 3057 2101 3095 est
2149 3046 2367 3095 Nicolaus

1343 3135 1587 3184 Wiseman
1619 3170 1634 3192 ‚
1675 3134 1734 3183 R.
1776 3133 2031 3198 Episcopus
2086 3131 2320 3196 Mellipot.
2345 3170 2360 3194 ‚

1344 3232 1559 3270 strenuus
1578 3220 1641 3267 rei
1663 3217 1897 3265 catholicae
1926 3227 2264 3280 propugnator.

1416 3304 1485 3368 (3)
1519 3302 1685 3368 Epist.
1709 3318 1780 3360 111,
1809 3299 1877 3348 ad
1900 3296 2165 3366 Sympro‘n.
2191 3303 2239 3347 in
2274 3299 2365 3348 Bi-

1343 3386 1508 3435 blioth.
1539 3382 1767 3434 Patra-m.
1799 3383 1972 3443 Goion,
2004 3383 2185 3449 Agripp.
2214 3381 2362 3444 1618,

1345 3480 1461 3519 tom.
1501 3485 1579 3527 iv,
1606 3486 1712 3532 pag.
1749 3466 1846 3530 241
1869 3504 1881 3526 ‚
1911 3467 2003 3514 col.
2037 3482 2077 3512 1.

1409 3550 1477 3616 (li)
1515 3549 1585 3598 I‘n
1606 3548 1796 3598 Psalm.
1823 3566 1878 3597 xi.
1904 3587 1917 3610 ‚
1946 3568 1995 3599 n.
2020 3551 2083 3599 30
2102 3587 2115 3608 ,
2135 3545 2367 3614 col.879.

1408 3633 1475 3697 (5)
1516 3632 1672 3682 Serm.
1691 3649 1897 3694 cxxxvii,
1925 3633 2005 3681 De
2022 3632 2180 3681 verbis
2195 3646 2368 3695 evanq.

1338 3718 1488 3768 Joan.
1516 3737 1567 3770 n.
1598 3718 1627 3766 3
1652 3757 1663 3779 ,
1697 3728 1813 3768 tom.
1849 3737 1893 3779 v,
1920 3719 2004 3767 col.
2024 3715 2143 3780 664.
