2514 4218
297 180 420 239 142

914 201 1111 239 TRAGT.
1160 202 1228 237 DE
1273 202 1422 240 LOCIS
1465 205 1841 246 THEOLOGICIS.

304 347 407 429 qui
448 335 581 427 cogi
610 346 795 428 possit
830 346 905 404 ad
943 343 1213 403 eamdem
1254 344 1433 403 fidem
1468 348 1896 428 profitendam,
1938 364 1997 412 et
2040 353 2113 412 ad
2159 355 2428 416 eamdem

294 441 651 505 servandam
680 441 1173 502 communionem.
1208 440 1362 500 Hinc
1393 440 1601 501 eodem
1620 447 1788 522 jure7
1817 470 1933 530 quo
1956 448 2204 531 quilibet
2234 472 2435 511 sacro-

294 562 443 600 rum
480 541 883 600 emendatores
928 535 1002 595 ab
1036 557 1159 597 aevo
1200 537 1517 619 apostolico
1553 560 1737 621 usque
1764 542 1840 601 ad
1874 565 2014 622 nos,
2052 547 2115 606 id
2152 558 2240 606 est
2270 568 2301 606 a
2330 548 2434 607 Ni-

293 636 522 697 colai'tis
548 647 607 696 et
639 633 990 693 Simonianis
1026 654 1212 715 usque
1249 633 1325 693 ad
1361 632 1656 708 Quakeros
1677 682 1692 711 7
1731 638 2112 702 Methodistas
2145 665 2247 703 seu
2276 645 2432 704 Wes-

293 732 534 816 leyanos
552 776 569 807 7
594 728 1105 806 Whitefieldistas7
1139 729 1487 790 Kilhamitas
1507 777 1523 802 7
1554 734 1591 791 J
1596 753 1871 814 ulnperos
1890 777 1906 809 7
1939 732 2247 818 Irvingitas
2271 785 2288 816 ‚
2318 751 2429 800 etc.

290 831 744 890 insurrexerunt
791 825 1070 887 adversus
1112 827 1416 909 Apostolos
1463 840 1521 887 et
1570 828 1893 889 Ecclesiam
1943 832 2290 894 catholicam
2328 858 2432 896 seu

294 944 605 985 romanam
626 968 641 997 7
671 922 972 1003 insurgere
1000 934 1241 1005 possunt
1257 923 1535 984 adversus
1560 928 2037 987 communionem
2052 950 2153 988 seu
2179 942 2399 991 coetum
2418 978 2433 1006 7

295 1023 360 1081 in
389 1043 513 1104 quo
545 1019 815 1079 instituta
847 1031 988 1079 sunt
1010 1020 1319 1082 individua
1347 1021 1574 1104 singula
1595 1070 1610 1097 7
1652 1045 1718 1083 ac
1743 1045 1928 1083 novos
1951 1036 2135 1085 coetus
2158 1026 2431 1086 condere.

294 1119 387 1179 Sic
418 1117 627 1178 eodem
652 1118 815 1194 jure7
854 1139 971 1199 quo
993 1118 1331 1193 novatiani7
1376 1116 1718 1195 donatistas,
1767 1122 1932 1199 graeci
1959 1165 1975 1195 7
2012 1122 2161 1181 russi
2190 1168 2207 1197 7
2248 1122 2437 1203 angli—

293 1215 426 1275 cani
448 1260 464 1289 7
489 1235 690 1294 prava
719 1214 782 1271 in
820 1212 1019 1272 Galliis
1046 1215 1318 1286 ecclesia,
1353 1237 1384 1272 a
1417 1226 1620 1274 centro
1665 1216 1907 1275 unitatis
1942 1238 2188 1276 romano
2219 1218 2437 1278 scilicet

294 1311 577 1372 Pontifice
609 1321 1007 1385 recesserunt7
1047 1310 1255 1370 eodem
1300 1321 1586 1392 poterunt
1626 1316 1757 1389 jure
1799 1313 2070 1373 recedere
2115 1336 2147 1374 a
2196 1318 2438 1396 proprio

301 1405 631 1491 patriarcha
652 1452 668 1480 7
709 1405 962 1489 primate
982 1452 997 1481 7
1026 1407 1336 1489 episcopo7
1373 1418 1476 1466 aut
1511 1407 1809 1467 sacerdote
1847 1431 2054 1468 eorum
2086 1409 2306 1470 subditi
2326 1456 2342 1485 7
2381 1422 2440 1471 et

300 1509 365 1565 in
401 1526 586 1566 novas
625 1504 929 1563 societates
958 1504 1111 1564 coire
1139 1505 1251 1583 (1).
1278 1505 1432 1564 Sane
1469 1506 1836 1586 experientia
1868 1507 2158 1584 ostendit,
2184 1509 2263 1568 ita
2289 1530 2440 1568 sem·

298 1624 402 1686 per
426 1603 649 1662 sactum
685 1621 827 1661 esse.
858 1600 1031 1675 Quod
1055 1601 1102 1658 si
1130 1599 1306 1682 plena
1338 1599 1640 1659 dissolutio
1668 1602 1880 1681 integri
1926 1614 2109 1663 coetus
2132 1604 2442 1683 cujuslibet

296 1720 421 1758 non
455 1697 730 1776 contigit7
770 1695 904 1756 ideo
940 1708 1028 1755 est
1054 1706 1155 1755 aut
1181 1696 1317 1777 quia
1354 1694 1625 1755 homines
1667 1719 1790 1756 non
1826 1718 2061 1780 semper
2098 1698 2208 1758 sibi
2250 1699 2441 1760 cohae-

297 1805 469 1868 rent7
513 1804 615 1852 aut
649 1793 784 1874 quia
825 1811 1007 1851 causae
1046 1792 1362 1852 exteriores
1406 1802 1466 1852 et
1510 1792 1760 1875 politicae
1800 1791 2154 1876 plerumque
2194 1794 2441 1855 obstite-

298 1901 441 1950 runt
471 1888 579 1970 (2).
617 1887 788 1963 Quod
818 1890 864 1947 si
892 1911 1086 1950 sermo
1115 1890 1190 1948 sit
1226 1887 1300 1947 de
1340 1887 2050 1971 ultra—protestantismo7
2088 1901 2156 1950 ut
2186 1902 2439 1964 vocant7

298 1989 402 2071 qui
427 1998 680 2068 systema
704 1987 1017 2068 profitetur
1046 1983 1217 2043 liberi
1254 1984 1541 2044 examinis
1564 2030 1580 2060 7
1613 2007 1705 2045 res
1743 1985 1938 2046 adhuc
1966 1986 2297 2046 evidentior
2331 1988 2436 2061 fitg

299 2083 513 2144 exinde
533 2082 693 2142 enim
715 2093 857 2141 ortae
883 2094 1023 2141 sunt
1052 2080 1461 2142 fluctuationes
1482 2127 1497 2157 7
1524 2082 1881 2143 mutationes
1901 2127 1918 2158 7
1951 2082 2164 2165 phases
2180 2127 2197 2157 ‚
2227 2084 2440 2166 quibus

374 2323 446 2387 (l)
484 2319 607 2370 Sane
629 2320 795 2369 eodem
825 2322 958 2384 jure,
990 2335 1084 2384 quo
1105 2356 1118 2379 7
1157 2336 1229 2367 ex.
1260 2336 1332 2383 gr.

302 2405 496 2454 Photius
524 2412 603 2452 aut
635 2402 832 2450 Michael
853 2401 1122 2449 Caerularius
1156 2417 1205 2449 se
1222 2401 1335 2448 sub·

302 2495 539 2537 traxerunt
581 2485 640 2533 ab
679 2485 950 2532 auctoritate
996 2485 1178 2531 romani
1207 2483 1328 2532 Pon·

304 2571 440 2619 tificis
458 2604 475 2631 ‚
502 2568 664 2618 eodem
683 2577 902 2632 poterunt
924 2567 1099 2631 singuli
1115 2566 1333 2633 Episcopi

306 2670 354 2702 se
380 2651 651 2702 subtrahere
685 2649 746 2697 ab
772 2652 1042 2698 auctoritate
1071 2649 1334 2714 patriarchas

302 2732 812 2799 -Constantinopolitani
845 2768 858 2791 ,
901 2733 996 2780 imo
1045 2749 1071 2779 a
1109 2731 1331 2794 fortiori;

306 2838 416 2870 cum
443 2819 589 2885 hujus
618 2815 956 2883 patriarchatus
985 2817 1220 2863 institutio
1258 2832 1334 2864 ec-

307 2902 557 2953 clesiastica
591 2902 649 2949 sit
678 2937 693 2961 ‚
746 2902 994 2947 auctoritas
1045 2909 1200 2946 autem
1250 2916 1331 2946 su-

308 2988 458 3052 premi
495 2986 657 3050 capitis
692 2984 744 3031 in
790 2984 1003 3030 universa
1043 2980 1245 3031 Ecclesia
1277 2981 1335 3028 sit

308 3073 424 3137 juris
469 3070 614 3119 divini
652 3103 667 3128 ‚
710 3077 764 3117 ut
812 3076 970 3133 postea
1016 3066 1332 3114 ostendemus,

312 3155 441 3204 Idem
466 3155 541 3204 dic
577 3170 656 3219 per
685 3152 947 3217 analogiam
970 3150 1027 3199 de
1059 3152 1220 3199 ceteris
1246 3166 1336 3198 coe-

315 3238 440 3288 tibus
463 3238 783 3286 schismaticis.
812 3234 945 3284 Idem
980 3232 1037 3282 de
1069 3233 1333 3296 haereticis3

310 3324 349 3372 si
374 3323 500 3371 enim
525 3320 658 3368 licuit
675 3322 898 3367 innovare
913 3315 1226 3366 hzeresiarchis
1243 3312 1329 3363 ad-

312 3422 467 3455 versus
506 3402 677 3451 Christi
714 3402 968 3451 Ecclesiam
989 3437 1003 3462 7
1053 3416 1197 3465 quare
1237 3415 1335 3446 non

310 3488 470 3539 licebit
486 3490 710 3535 innovare
723 3495 882 3534 contra
901 3483 1150 3550 peculiaria
1170 3483 1333 3530 unius·

311 3575 542 3638 cujusque
563 3569 875 3617 haeresiarchae
894 3570 1112 3632 dogmata
1130 3602 1143 3624 ‚
1167 3582 1220 3614 eo
1236 3582 1335 3613 ma-

311 3658 380 3721 gis
407 3653 533 3720 quod
567 3668 705 3700 nemo
735 3653 876 3716 possit
902 3649 990 3698 sihi
1021 3648 1226 3697 tribuere
1257 3650 1332 3694 in-

312 3737 634 3785 fallibilitatem
651 3770 664 3795 7
685 3750 827 3800 quam
846 3732 1065 3793 ecclesiae7
1090 3730 1216 3779 unde
1240 3729 1333 3777 dis·

1416 2322 1584 2378 cessit,
1630 2320 1875 2385 denegavit
1909 2323 1934 2368 ?
1980 2320 2040 2368 Et
2084 2319 2177 2369 hoc
2226 2320 2442 2370 adversus

1415 2402 1679 2467 anglicanos
1700 2420 1889 2469 quoque
1910 2403 2142 2471 objiciunt
2166 2403 2442 2452 dissidentes

1418 2489 1519 2552 ipso
1551 2487 1779 2536 referente
1809 2486 2020 2547 palmer,
2060 2491 2141 2553 qui
2176 2503 2437 2552 perperam,

1418 2580 1470 2618 ut
1500 2569 1560 2618 ab
1592 2567 1780 2617 illorum
1812 2569 1979 2616 ictibus
2004 2586 2136 2616 suam
2164 2577 2347 2617 tueatur
2369 2585 2443 2618 ec-

1416 2652 1625 2711 clesiam,
1649 2651 1708 2698 ad
1729 2653 1987 2714 speciosum
2015 2651 2095 2699 sed
2112 2653 2313 2717 gratuito
2330 2669 2442 2701 con-

1415 2734 1579 2782 fictum
1615 2732 1955 2782 Oxoniensium
2005 2734 2339 2784 modernorum
2363 2750 2439 2801 sy-

1419 2825 1569 2864 stema
1598 2815 1826 2880 confugit.

1486 2898 1555 2962 (2)
1592 2896 1773 2947 Exinde
1806 2900 1952 2946 oritur
1992 2905 2186 2964 systema
2215 2916 2440 2964 persecu—

1418 2983 1583 3040 tionis7
1623 2983 1795 3047 quaein
1829 2980 2050 3030 omnibus
2078 2984 2215 3031 sectis
2255 2983 2442 3032 acatho-

1417 3065 1551 3126 licis,
1602 3065 1725 3130 apud
1765 3083 1880 3131 quas
1936 3065 2114 3113 obtinet
2158 3067 2440 3130 principatus

1418 3146 1636 3212 politicus
1659 3182 1674 3206 ‚
1705 3147 1809 3212 plus
1851 3150 2007 3195 minus
2043 3148 2188 3211 viguit
2207 3164 2259 3195 ac
2294 3150 2435 3214 viget.

1418 3230 1537 3279 Satis
1579 3240 1644 3279 est
1687 3229 1747 3277 ad
1796 3230 1886 3277 hoc
1926 3228 2014 3277 sibi
2062 3230 2435 3294 persuadendum

1418 3315 1613 3363 lustrare
1640 3314 1848 3378 publicas
1886 3314 2205 3378 ephemerides
2224 3351 2237 3375 a
2277 3326 2320 3363 et
2351 3332 2439 3380 pu-

1418 3395 1542 3445 blica
1575 3396 1873 3445 documenta.
1892 3395 2127 3445 Nimirum
2145 3397 2270 3446 hisce
2298 3399 2441 3445 armis

1418 3496 1472 3528 ac
1501 3480 1722 3545 praesidiis
1769 3490 1932 3539 sectae,
1974 3498 2076 3546 quae
2118 3483 2247 3528 omni
2286 3490 2443 3529 carent

1418 3565 1510 3613 vita
1546 3601 1560 3625 ,
1614 3562 1912 3613 stabilitatem
1964 3564 2053 3613 sibi
2107 3579 2311 3630 quaerere
2360 3578 2439 3611 co-

1421 3656 1592 3695 nantur
1621 3648 1631 3694 Ξ
