2514 4218
316 143 436 204 334
931 159 1108 199 τιιΑοτ
1120 185 1133 198 .
1154 144 1156 147 ’
1182 162 1251 198 ms
1295 163 1448 200 mols
1491 164 1872 207 meoroelcis.

316 311 535 370 iterum
553 307 888 380 confirmat,
923 303 1222 364 Christum
1253 306 1426 364 Petro
1464 308 1669 366 orbem
1698 316 2064 374 commisisse
2088 314 2203 397 (l).
2235 315 2470 379 Ridicu-

311 407 444 466 lum
463 426 641 488 porro
664 416 753 464 est
775 450 789 478 7
816 401 974 485 quod
1002 401 1272 481 adjicitur
1295 401 1367 462 de
1392 405 1750 467 successione
1771 409 1912 470 Jesu
1941 411 2161 472 Christi
2182 459 2196 489 ,
2223 414 2470 496 perinde

316 524 383 563 ac
414 503 462 562 si
495 502 769 562 Christus
802 497 1050 558 haberet
1087 519 1497 560 successorem.

400 598 543 659 493.
598 596 684 658 Ad
712 597 822 671 6¹¹¹,
861 595 1016 677 Ney.
1066 594 1156 656 Ad
1199 617 1362 656 cons,
1409 599 1565 657 Dist.
1614 600 1726 659 Per
1763 601 2077 682 specialem
2121 605 2471 668 electionem

314 696 476 758 Petri
502 695 575 755 ad
604 693 1055 755 conversionem
1077 694 1115 752 J
1121 692 1424 754 udaeorum
1446 740 1462 767 7
1506 704 1566 753 et
1597 694 1762 759 Pauli
1785 697 1860 755 ad
1877 700 2318 762 conversionem
2334 725 2471 783 gen·

311 793 461 852 tium
482 837 498 867 ‚
535 812 730 873 neque
759 789 821 849 id
856 789 1097 872 quidem
1127 789 1457 866 exclusive,
1500 812 1665 851 eone.
1690 816 1710 860 ;
1740 815 1847 876 per
1877 793 2224 857 divisionem
2266 812 2438 860 aucto

311 889 502 949 ritatis
539 934 555 964 .,
605 910 739 969 neq.
783 887 990 947 Voluit
1037 887 1258 948 scilicet
1306 888 1520 948 Paulus
1579 887 1820 968 obJ‘ectis
1873 891 2065 953 verbis
2109 895 2465 975 significare,

306 984 633 1070 *specialem
673 985 922 1065 gratiam
974 996 1034 1045 et
1070 985 1444 1045 vocationem
1490 985 1692 1046 datam
1725 1009 1758 1045 a
1804 989 1928 1048 Deo
1970 989 2144 1050 fuisse
2183 993 2355 1051 Petro
2396 992 2473 1052 ad

314 1083 763 1144 conversionem
793 1080 1137 1142 Judaeorum
1165 1128 1182 1157 7
1231 1080 1342 1141 sibi
1390 1103 1531 1143 vero
1588 1082 1665 1142 ad
1700 1085 2148 1146 conversionem
2181 1088 2467 1168 gentium.

314 1179 383 1240 Id
408 1201 548 1241 vero
572 1180 636 1239 in
665 1201 842 1240 sensu
871 1177 1169 1241 exclusivo
1198 1178 1544 1261 Apostolum
1576 1181 1824 1241 minime
1849 1182 2191 1266 protulisse,
2214 1195 2378 1266 patet
2399 1205 2471 1245 ex

313 1278 500 1352 fact0‚
535 1299 671 1337 cum
694 1289 753 1337 et
791 1279 998 1336 Petrus
1027 1274 1299 1335 omniurn
1335 1277 1561 1358 primus
1593 1277 1895 1337 admiserit
1922 1279 2167 1359 gentiles
2191 1281 2254 1339 in
2277 1280 2473 1341 Eccle-

318 1374 467 1434 siam
494 1375 623 1455 (2)7
653 1374 867 1433 Paulus
914 1385 1115 1432 autem
1163 1384 1503 1433 constanter
1547 1375 1710 1457 prius
1762 1375 2107 1457 praedicaret
2134 1375 2353 1437 Judaeis
2411 1377 2475 1436 in

316 1472 623 1554 synagogis
658 1482 982 1553 antequam
1018 1491 1080 1530 se
1107 1481 1482 1530 converteret
1519 1469 1595 1528 ad
1626 1483 1827 1551 gentes
1860 1472 1974 1553 (3).

402 1569 543 1629 494.
592 1567 681 1628 Ad
730 1568 854 1643 71¹²,
918 1569 1078 1628 Dz'st.
1120 1566 1356 1626 Restitit
1386 1567 1747 1628 correctione
1790 1569 2082 1647 fraterna,
2121 1569 2318 1653 quoad
2342 1591 2474 1629 mo-

318 1666 464 1726 dum
491 1663 903 1739 conversandi,
938 1686 1054 1746 quo
1071 1661 1348 1722 utebatur
1377 1664 1585 1723 Petrus
1610 1709 1626 1739 7
1662 1675 1887 1735 tran3.;
1919 1667 2005 1726 uti
2026 1668 2297 1750 superior
2322 1666 2476 1727 infe·-

318 1764 458 1823 riori
483 1809 500 1839 .,
528 1774 629 1822 aut
646 1763 732 1821 uti
755 1760 962 1843 aequali
980 1809 996 1830 ‚
1027 1783 1159 1841 neq.
1191 1761 1416 1820 Omnes
1443 1772 1643 1821 autem
1672 1774 1913 1840 norunt,
1940 1785 2109 1846 posse
2137 1763 2471 1833 subditum,

318 1858 645 1920 dummodo
678 1858 876 1919 debita
909 1858 1244 1918 reverentia
1275 1858 1378 1916 fiat
1397 1903 1415 1934 ,
1452 1858 1816 1940 superiorem
1844 1862 2344 1920 commonefacere
2365 1906 2381 1934 ‚
2407 1882 2475 1920 ac

318 1958 511 2019 teneri
549 1957 913 2040 superiorem
950 1955 1076 2035 lege
1115 1953 1372 2013 naturali
1414 1964 1591 2036 atque
1629 1954 1831 2015 divina
1882 1956 2115 2015 veritati
2156 1967 2216 2015 et
2259 1957 2477 2017 rationi

319 2054 632 2136 legitimae,
688 2053 867 2113 etiam
918 2049 992 2110 ab
1040 2050 1318 2109 inferiore
1368 2048 1477 2108 sibi
1521 2051 1885 2132 propositae,
1922 2051 2256 2112 consentire
2298 2062 2476 2135 atque

312 2151 719 2233 acquiescere,
767 2149 966 2230 prouti
1015 2148 1206 2229 reipsa
1271 2148 1478 2206 Petrus
1527 2167 1589 2207 se
1639 2147 1814 2228 gessit
1858 2146 1973 2227 (4).
2022 2147 2477 2208 Transmisimus

319 2269 496 2330 porro
529 2247 790 2329 primum
831 2244 1229 2303 distinctionis
1268 2241 1614 2302 membrum
1637 2289 1652 2318 7
1688 2264 1825 2304 cum
1859 2242 2132 2304 nondum
2156 2243 2314 2303 inter
2349 2265 2479 2304 eru·

321 2344 474 2403 ditos
506 2344 822 2403 conveniat
843 2387 858 2416 ‚
896 2353 1100 2400 utrum
1131 2340 1342 2419 Cephoe
1375 2341 1620 2400 nomine
1645 2339 1757 2401 hoc
1792 2341 1854 2401 in
1894 2340 2020 2401 loco
2047 2341 2248 2404 veniat
2271 2343 2479 2401 Petrus

320 2462 398 2501 an
438 2439 585 2500 alius
616 2438 935 2522 discipulus
977 2460 1008 2497 a
1043 2439 1219 2497 Petro
1269 2436 1540 2498 diversus
1577 2437 1689 2518 (5)

391 2705 456 2771 (l)
495 2703 599 2752 lbid
629 2721 681 2751 n.
718 2716 768 2751 2.
792 2701 944 2749 Etiam
978 2700 1027 2750 S.
1061 2700 1357 2772 Bernardus‚'
1444 2709 1551 2748 sert.
1588 2701 1639 2747 in
1671 2717 1764 2765 qua
1815 2698 2030 2766 Cepham
2066 2718 2096 2749 a
2125 2697 2283 2751 Paulo
2319 2718 2478 2769 repre-

323 2786 395 2838 De
427 2785 612 2836 consid.
641 2784 729 2833 lib.
767 2801 802 2832 n
822 2821 835 2843 ,
867 2786 930 2833 ait
962 2801 975 2833 ε
1011 2781 1224 2831 Jacobus
1252 2799 1357 2830 una
1441 2782 1645 2830 hemum
1674 2777 1877 2831 Petrum
1913 2800 2014 2831 non
2041 2801 2139 2833 esse
2171 2784 2442 2835 ostenditur
2463 2823 2477 2847 ,

322 2867 958 2934 Hierosolymaeomentus‚
987 2867 1356 2914 universitatem
1442 2866 1564 2912 inter
1635 2881 1778 2930 opera
1814 2865 1984 2915 selecta
2042 2867 2193 2934 ejusd.
2236 2869 2475 2927 auctoris,

325 2954 472 3002 Petro
505 2952 645 3001 cedit.
703 2949 803 2999 Cfr.
853 2949 1071 2999 Bellarm.
1114 2947 1185 2997 De
1232 2965 1354 2999 rom.
1442 2945 1703 2996 Amstelod.
1762 2964 1889 3015 1709
1915 2985 1927 3007 ‚
1970 2967 2074 3014 pag.
2123 2964 2226 3017 920
2263 2959 2308 2998 et
2346 2967 2477 3017 seqq.

325 3036 518 3101 Pontis.
550 3034 637 3084 lib.
662 3052 678 3081 1
706 3070 721 3095 ‚
756 3052 858 3098 cap.
882 3030 967 3082 26.
1443 3030 1699 3082 Vallarsius
1728 3048 1915 3098 quoque
1939 3035 1988 3078 in
2017 3031 2396 3080 adnotationibus
2418 3031 2478 3080 ad

393 3119 462 3183 (2)
502 3121 602 3168 Act.
641 3139 667 3167 x
689 3156 702 3179 ‚
737 3136 795 3166 xv
816 3155 829 3178 ‚
869 3135 896 3184 7
918 3155 931 3176 ‚
966 3132 1043 3182 ¹7·
1448 3113 1713 3163 Commem.
1747 3113 1798 3163 S.
1833 3111 2110 3180 Hieronymi
2152 3116 2208 3161 in
2234 3116 2378 3180 epist.
2414 3113 2480 3163 ad

396 3201 463 3266 (3)
501 3202 624 3250 Ibid.
652 3219 766 3261 xm,
804 3218 912 3262 xiv,
941 3209 1031 3250 etc.
1447 3195 1608 3248 Galat.
1641 3198 1726 3248 lib.
1768 3215 1823 3259 1,
1869 3215 1973 3262 eap.
2025 3214 2053 3247 'z
2088 3236 2100 3258 ‚
2155 3200 2206 3246 in
2244 3197 2480 3246 Harduini

397 3284 463 3349 (4)
502 3283 599 3332 Csr.
623 3284 769 3334 Card.
806 3283 882 3332 Du
913 3283 1116 3342 Perron,
1147 3282 1239 3330 loc.
1274 3284 1353 3331 cit.
1445 3284 1723 3331 sententiam
1754 3280 2045 3347 propendit.‚
2069 3285 2179 3331 item
2196 3281 2409 3330 Zaccaria
2426 3284 2477 3330 in

326 3385 433 3435 pag.
468 3364 599 3434 457,
632 3367 713 3415 ubi
747 3367 978 3427 ostendit,
1016 3366 1246 3434 ejusmodi
1283 3383 1356 3414 re·
1444 3365 1739 3425 collectione,
1776 3367 1853 3412 cui
1876 3368 1945 3414 tit.
1980 3365 2087 3414 fecit
2120 3382 2132 3415 ε
2171 3363 2394 3413 Raccolta
2421 3362 2479 3411 ch·

328 3451 686 3517 prehensionem
720 3468 816 3498 non
852 3434 992 3499 fuisse
1019 3450 1321 3497 auctoritatis
1341 3486 1353 3496 .
1443 3445 1790 3496 disserlazioni
1831 3447 1884 3494 di
1917 3449 2067 3496 storia
2108 3447 2431 3497 ecclesiastiea
2462 3484 2475 3506 ,

329 3535 409 3584 sed
468 3533 724 3583 charitatis
755 3570 771 3591 ,
826 3534 1028 3598 allegatis
1084 3534 1356 3581 testimoniis
1440 3530 1590 3580 Roma
1632 3531 1758 3599 1793
1782 3569 1794 3591 ‚
1838 3543 1953 3583 tom.
1989 3549 2066 3592 111,
2102 3533 2285 3581 dissert.
2316 3548 2345 3579 x
2367 3568 2379 3586 ,
2402 3527 2479 3578 Su

328 3618 380 3666 S.
421 3618 667 3684 Augustini
702 3626 746 3665 et
774 3615 821 3663 S.
858 3616 995 3667 Joan.
1029 3616 1351 3682 Chrysostimi.
1447 3615 1567 3680 Cefa
1595 3616 1781 3681 ripreso
1812 3615 1875 3663 da
1918 3615 1971 3665 S.
2003 3614 2186 3672 Paulo,
2234 3633 2336 3680 pag.
2379 3628 2474 3660 202

402 3700 468 3764 (5)
508 3698 894 3749 Csr.Harduinus
926 3703 977 3746 in
1008 3699 1228 3764 peculiari
1256 3699 1352 3747 dis·
1445 3710 1490 3749 et
1525 3717 1680 3767 seqq.‚
1719 3699 1898 3767 aliique
1928 3717 2024 3749 non
2058 3701 2210 3765 pauci.
2238 3698 2477 3763 Antiquis-
