2514 4218
241 192 362 252 230

834 207 1030 245 TRAGT.
1075 207 1144 243 DE
1188 206 1341 244 mels
1382 207 1758 248 THROLOGIGIS.

243 353 668 416 controversias
696 363 921 435 posset,
960 370 1091 431 quae
1123 347 1385 431 quotidie
1421 351 1765 413 exoriuntur
1789 354 1912 415 sive
1941 354 2089 413 circa
2127 374 2363 434 germa-

243 471 391 510 num
423 448 857 529 Scripturarnm
883 465 1123 503 sensum
1143 488 1161 519 ,
1201 443 1325 506 sive
1358 443 1506 504 circa
1542 446 1817 527 quaelibet
1841 446 2119 509 doctrinae
2143 450 2329 532 capita
2350 494 2368 526 ,

242 544 407 604 nulla
436 555 588 605 esset
616 539 929 603 Catholicis
965 540 1113 599 ratio
1149 561 1210 599 se
1247 539 1511 602 Ecclesiae
1551 540 1936 604 decisionibus
1974 544 2319 624 subjiciendi
2349 590 2367 622 ,

244 652 302 701 et
325 638 659 723 captivandi
677 636 983 718 proprium
1000 634 1368 696 intellectum
1393 636 1659 715 ejusdem
1682 636 2140 701 definitionibuS.
2168 641 2373 702 Unus-

245 738 491 819 quisque
521 743 717 817 posset
742 755 848 813 pro
868 731 1060 791 lubitu
1086 734 1303 793 sentire
1333 745 1393 792 et
1418 732 1653 793 credere
1674 778 1692 803 ,
1718 732 2024 815 turbaeque
2047 739 2374 799 necessario

248 841 628 891 nascerentur
662 849 728 886 ac
751 828 1210 910 disputationes,
1246 829 1411 888 nullo
1446 850 1708 911 unquam
1742 840 2010 912 tempore
2043 830 2372 898 solvendae..

248 930 310 986 in
343 923 602 984 articulis
643 924 887 983 maximi
923 925 1247 1000 momenti,
1291 935 1350 985 et
1394 936 1680 1008 perpetua
1732 924 1872 985 inde
1921 926 2201 986 confusiO.
2246 928 2378 988 Sola

247 1019 537 1103 siquidem
567 1021 881 1080 auctoritas
910 1019 1328 1081 infallibilitate
1353 1021 1633 1081 destituta
1659 1020 1733 1081 ad
1755 1021 2209 1106 compescendas
2235 1043 2381 1081 con-

246 1117 560 1178 troversias
603 1116 897 1196 religionis
941 1116 1183 1176 minime
1221 1115 1412 1192 valet,
1452 1137 1561 1176 nec
1591 1117 1703 1176 nisi
1737 1116 2112 1198 tyrannidem
2151 1129 2382 1201 saperet

247 1212 401 1274 velle
453 1211 573 1272 sola
611 1213 959 1272 auctoritate
1003 1211 1273 1272 homines
1321 1215 1546 1272 ratione
1587 1212 1862 1294 praeditos
1909 1213 1986 1273 ad
2028 1212 2142 1273 hoc
2189 1213 2384 1295 potius

249 1331 425 1391 quam
452 1308 602 1368 illud
636 1308 754 1369 fide
791 1307 1155 1369 credendum
1189 1307 1494 1391 impellere
1529 1307 1641 1389 (1).

322 1555 388 1620 (1)
427 1554 550 1603 Cum
595 1554 785 1604 libertas
831 1557 1086 1616 examinis,
1137 1566 1277 1621 prout

256 1638 543 1687 ostendimus
564 1674 580 1703 ,
605 1641 661 1686 sit
679 1637 966 1703 principium
994 1638 1278 1687 fundamen-

255 1719 344 1770 tale
386 1722 748 1786 protestantismi
770 1758 783 1781 ‚
825 1720 918 1768 hoc
948 1723 1045 1785 ipso
1078 1732 1145 1769 est
1175 1722 1279 1769 sons

257 1805 526 1854 uberrimus
543 1802 888 1852 dissensionum
903 1820 957 1851 ac
973 1803 1276 1865 divisionum,

261 1892 328 1937 ita
359 1897 412 1936 ut
438 1886 511 1934 bis
541 1895 728 1934 centum
758 1895 890 1934 sectae
917 1903 972 1935 ex
1001 1903 1055 1934 eo
1078 1886 1280 1950 pullula-

263 1972 447 2030 verint,
477 1979 521 2017 et
552 1985 684 2017 novae
707 1969 915 2035 quotidie
929 1971 1156 2017 oriantur.
1176 1968 1280 2016 Non

260 2053 350 2102 alia
373 2054 551 2101 ratione
573 2060 828 2116 potuerunt
856 2050 1107 2099 Lutherani
1122 2086 1138 2110 ,
1165 2068 1281 2116 quos

263 2145 431 2185 vocant
457 2135 738 2183 orthodoxos
764 2134 780 2198 (
802 2151 911 2182 nam
952 2136 1070 2183 sicut
1097 2133 1281 2182 haben-

261 2230 338 2268 tur
375 2220 519 2282 graeci'
538 2216 804 2276 orthodoxi,
834 2216 969 2265 Russi
1002 2218 1282 2268 schismatici

259 2299 777 2365 orthodoxi‚Anglicani
792 2299 1055 2362 orthodoxi,
1065 2303 1130 2349 sic
1140 2303 1281 2350 etiam

259 2395 364 2433 sunt
381 2384 631 2432 Lutherani
647 2381 913 2442 orthodoxi,
926 2381 1188 2431 Calviniani
1202 2401 1283 2433 seu

257 2468 492 2517 reformati
521 2465 831 2532 orthodoxi),
858 2477 904 2517 et
920 2465 1175 2515 Reformati
1192 2469 1283 2515 im-

259 2551 417 2617 pedire
458 2550 644 2616 plenam
681 2552 872 2614 propriae
912 2561 1041 2599 sectae
1089 2549 1284 2599 dissolu-

266 2635 492 2682 lutionem
516 2670 531 2696 ,
581 2649 722 2698 quam
775 2633 1039 2697 adoptando
1086 2635 1285 2697 practice

262 2718 385 2765 viam
417 2716 728 2773 auctoritatis,
749 2732 890 2780 quam
921 2714 1178 2762 theoretice
1212 2731 1285 2763 re-

260 2799 452 2864 jiciunt.
490 2796 674 2844 Exinde
703 2806 766 2844 tot
798 2795 921 2860 apud
956 2798 1079 2860 ipsos
1119 2805 1286 2843 coactas

267 2881 432 2946 synodi
454 2918 468 2942 ‚
489 2889 554 2927 tot
582 2878 717 2928 editae
744 2876 856 2927 fidei
876 2879 1178 2944 professiones
1200 2916 1213 2939 ,
1236 2889 1285 2927 ut

264 2974 450 3028 possent
477 2964 635 3029 aliquo
665 2961 804 3011 modo
831 2964 882 3010 in
908 2979 1051 3010 unam
1077 2965 1199 3012 coire
1214 2980 1287 3012 so-

267 3046 478 3093 cietatem
515 3057 562 3095 et
610 3046 721 3095 fidei
769 3045 1120 3111 professionem.
1163 3045 1285 3094 Cum

265 3136 428 3176 tamen
445 3128 575 3177 nullo
597 3131 702 3194 jure
729 3129 777 3177 id
797 3138 1007 3194 praestare
1030 3131 1281 3193 potuerint,

269 3218 427 3275 utpote
458 3210 691 3259 infallibili
732 3212 1005 3260 auctoritate
1043 3210 1282 3272 destituti,

270 3295 407 3359 juxta
441 3296 724 3358 principium
758 3294 874 3344 illud
903 3293 1095 3342 Lutheri
1117 3330 1130 3355 ‚
1159 3297 1284 3361 quod

271 3377 343 3423 vir
364 3392 487 3423 unus
511 3376 762 3440 spiritualis
790 3395 845 3426 ac
867 3379 969 3443 pius
995 3376 1159 3425 melius
1180 3395 1286 3443 pos-

272 3457 331 3504 sit
351 3473 623 3521 cognoscere
646 3460 885 3507 veritatem
911 3475 1050 3526 quam
1076 3461 1286 3509 universa

269 3537 501 3601 Ecclesia,
533 3538 662 3586 nulla
693 3542 866 3588 ratione
898 3542 1143 3590 valuissent
1157 3541 1285 3590 illam

265 3621 616 3671 dissolutionem
669 3622 895 3686 impedire
915 3660 928 3683 ,
983 3641 1085 3690 quae
1123 3634 1286 3688 suapte

262 3712 426 3754 natura
468 3705 659 3771 emergit
693 3720 745 3751 ex
783 3705 1011 3772 principio
1045 3703 1272 3756 essentiali

1358 1566 1403 1605 et
1428 1557 1731 1605 constitutivo
1752 1559 2127 1622 protestantismi.
2149 1554 2389 1624 Quaprop-

1361 1648 1428 1686 ter
1448 1656 1532 1703 per
1551 1637 1819 1704 Principum
1845 1641 2119 1699 sanctioneS,
2140 1657 2220 1705 per
2237 1639 2387 1689 edicta

1362 1721 1546 1786 politica
1565 1757 1579 1780 ,
1607 1730 1689 1769 aut
1721 1723 1859 1769 etiam
1890 1738 1970 1786 per
2008 1721 2189 1770 decreta
2212 1725 2390 1771 consis-

1362 1805 1538 1853 torialia
1554 1841 1568 1864 ,
1620 1805 1706 1853 sub
1753 1807 2032 1870 gravissimis
2088 1809 2233 1871 poenis
2283 1809 2382 1871 cogi

1362 1885 1574 1934 membra
1593 1887 1772 1952 singula
1786 1887 2051 1936 debuerunt
2063 1889 2120 1936 ad
2145 1885 2258 1936 fidei
2281 1907 2386 1954 pro-

1361 1968 1581 2018 fessiones
1604 1971 1843 2017 communi
1865 1969 2043 2018 calculo
2071 1971 2383 2035 profitendas,

1362 2050 1486 2115 adigi
1505 2050 1562 2098 ad
1579 2052 1625 2098 id
1646 2051 1816 2100 debent
1842 2053 2112 2116 interposita
2127 2054 2393 2114 ‘juramenti'

1362 2132 1582 2197 religione
1603 2169 1617 2192 ,
1647 2135 1741 2182 sive
1765 2135 1912 2180 animi
1933 2135 2278 2199 persuasionem
2307 2134 2387 2182 ha-

1364 2216 1503 2264 beant
1517 2220 1610 2266 sive
1626 2235 1721 2264 non
1740 2254 1753 2275 ‚
1783 2216 1903 2264 nihil
1929 2217 2087 2265 refert.
2108 2216 2223 2277 Quis
2249 2233 2383 2281 porro

1364 2318 1459 2349 non
1487 2300 1647 2360 videt,
1679 2300 1909 2367 ejusmodi
1946 2301 2111 2366 agendi
2151 2302 2380 2348 rationem

1365 2382 1590 2431 absonam
1632 2385 1825 2432 omnino
1865 2399 1992 2443 esse,
2039 2385 2288 2432 eversivam
2315 2376 2384 2448 ip-

1366 2467 1460 2514 sius
1477 2469 1838 2531 protestantismi
1861 2466 2083 2532 principii
2106 2503 2119 2527 ,
2147 2484 2201 2514 ac
2229 2478 2383 2531 tyran·

1367 2548 1525 2597 nidem
1553 2567 1739 2615 sapere,
1762 2552 1829 2597 uti
1852 2551 2035 2615 copiose
2048 2565 2101 2597 ac
2124 2547 2384 2596 luculenter

1367 2632 1596 2691 ostendit,
1643 2632 1704 2682 D.
1731 2632 1812 2696 ‘De
1847 2632 2067 2701 Baudry‚
2101 2634 2151 2680 in
2185 2651 2263 2698 op.
2300 2634 2383 2681 cit.

1365 2708 1439 2760 La
1486 2712 1685 2778 religion
1723 2714 1791 2761 du
1837 2732 1995 2777 coeur,
2044 2713 2169 2762 Paris
2220 2712 2346 2778 1840
2366 2751 2380 2771 ‚

1367 2797 1494 2845 trois.
1518 2805 1635 2860 part.
1659 2797 1795 2864 chap.
1823 2814 1903 2855 111,
1932 2807 2018 2847 art.
2051 2796 2099 2846 3.
2126 2796 2260 2862 Quod
2281 2798 2386 2862 qui-

1367 2876 1473 2926 dem
1504 2878 1646 2927 fassus
1670 2889 1736 2927 est
1754 2880 1828 2929 vel
1843 2882 1940 2945 ipse
1957 2880 2206 2929 advocatus
2229 2878 2382 2944 Jayet,

1368 2977 1523 3008 unum
1568 2978 1622 3010 ex
1665 2964 1907 3028 praecipuis
1955 2961 2175 3011 membris
2231 2962 2384 3026 magni

1367 3043 1547 3091 consilii
1573 3047 1882 3109 protestantici
1902 3048 1952 3093 in
1970 3044 2181 3094 Helvetia
2197 3078 2213 3103 ‚
2233 3044 2282 3090 in
2300 3060 2385 3092 suo

1371 3125 1565 3193 Compte
1591 3126 1770 3188 rendu,
1792 3145 1900 3193 pag.
1933 3127 2030 3175 322
2051 3164 2065 3186 ,
2091 3127 2160 3173 his
2186 3124 2338 3174 verbis
2371 3142 2384 3173 z

1367 3209 1407 3256 J
1406 3227 1430 3258 e
1446 3228 1505 3260 ne
1521 3213 1709 3277 oonpois
1718 3227 1811 3276 pas
1827 3226 1920 3257 une
1938 3209 2203 3274 confession
2224 3207 2280 3256 de
2287 3209 2385 3273 foi

1368 3311 1483 3343 sans
1511 3292 1888 3360 Pinfaitlibiliaea.
1927 3291 2000 3339 La
2013 3291 2182 3357 parole
2214 3291 2383 3339 divi-ne

1368 3380 1517 3426 meme
1535 3416 1547 3438 ‚
1571 3379 1619 3425 si
1650 3375 1733 3425 elle
1753 3380 1970 3442 presente
1988 3374 2185 3440 quelque
2212 3373 2384 3422 obscu-

1369 3463 1461 3509 νῶτά
1481 3498 1493 3518 ,
1524 3478 1583 3509 ne
1608 3468 1728 3526 peut
1756 3461 1853 3507 &tre
1883 3460 2164 3524 interpretes
2179 3475 2279 3524 par
2305 3456 2385 3505 des

1368 3544 1481 3592 voia:
1506 3543 1778 3591 mmai-nes.
1824 3541 1907 3590 On
1937 3558 2060 3589 nous
2090 3558 2120 3587 a
2166 3540 2239 3588 dit
2274 3541 2306 3587 ὰ
2335 3538 2381 3585 la

1368 3627 1515 3674 verite
1537 3641 1625 3690 que
1642 3623 1779 3672 Dieu
1800 3642 1830 3672 a
1850 3623 2059 3691 employe
2082 3622 2164 3671 des
2188 3637 2381 3685 moyens

1360 3708 1591 3757 karnaim
1606 3724 1738 3775 pour
1748 3724 1797 3756 se
1811 3706 1988 3758 reveler
2009 3707 2040 3756 ὰ
2069 3722 2190 3755 nous
2203 3722 2222 3767 ,-
2248 3704 2371 3751 mais
