2514 4218
602 208 762 250 PART.
813 211 852 248 1.
902 209 1023 246 GAP.
1065 207 1155 244 111.
1206 206 1275 245 DE
1317 202 1587 244 EGCLRSIAE
1622 202 1802 241 NOTIS.

2121 176 2246 239 169

137 371 203 421 ut
228 355 570 419 miraculum
595 398 612 428 ‚
652 351 813 435 quod
840 350 1075 432 singulis
1108 349 1274 408 annis
1308 345 1548 428 Neapoli
1579 344 1863 424 contingit
1887 387 1904 417 a
1936 341 2009 402 de
2047 341 2264 424 lique-¹

129 437 383 515 vfactione
411 462 471 511 et
501 447 841 509 ebullitione
883 444 1175 526 sanguinis
1210 443 1396 503 sancti
1428 440 1684 502 Januarii
1705 484 1721 514 ,
1757 437 1899 499 dum
1924 436 2147 496 sistitur
2173 437 2250 496 in-

139 558 446 631 conspectu
479 545 682 627 capitis
715 546 773 603 S.
802 541 1067 623 Martyris
1083 538 1193 619 (l).
1222 538 1356 598 Haec
1388 537 1521 598 talia
1546 546 1706 610 sunt,
1732 545 1799 593 ut
1823 555 1857 592 a
1879 531 2040 611 nulla
2061 551 2249 594 seve*

138 644 272 703 riori
309 642 502 702 critica
538 639 981 700 concutiantur.·
1045 677 1048 679 Δ

137 838 201 883 ita
247 834 324 881 hic
371 842 527 880 auctor
576 813 796 879 describit
844 844 859 876 ε
906 821 1145 891 Praecepit

138 920 244 980 (rex
288 915 581 964 Hunnericus
603 914 616 975 )
641 912 806 961 comiti
826 907 1022 979 cuidam
1041 942 1055 966 ,
1091 911 1147 952 ut

138 1001 195 1046 in
229 996 384 1046 medio
394 997 502 1061 foro
527 1032 542 1052 ,
563 1001 843 1060 conqreqata
869 987 987 1055 illuc
1011 987 1148 1035 omni

132 1079 392 1145 provincia
410 1114 424 1141 ‚
457 1077 651 1143 linquas
667 1077 738 1124 eis
762 1081 808 1122 et
837 1086 1012 1119 man-us
1029 1067 1144 1118 dex-

141 1169 265 1208 teras
294 1159 531 1207 radicitus
555 1154 846 1206 abscidisset.
876 1149 1019 1215 Quod
1036 1165 1147 1198 cum

136 1243 323 1308 factam
351 1244 527 1307 suisset
542 1274 558 1302 ,
592 1237 783 1304 Spiritu
817 1233 994 1283 Sancto
1017 1249 1148 1299 proe-

142 1333 297 1374 stante
316 1363 329 1383 ‚
357 1323 579 1373 italocuti
608 1326 724 1368 sunt
743 1355 758 1380 ,
786 1325 833 1366 et
852 1316 1143 1382 loquuntur,

145 1406 375 1471 quomodo
412 1413 550 1453 antea
593 1400 920 1466 loquebantur.
961 1396 1065 1448 Sed
1103 1399 1150 1446 si

142 1491 252 1553 quis
282 1485 560 1536 incredulas
594 1500 691 1532 esse
720 1481 924 1531 voluerit
942 1519 956 1542 ‚
979 1489 1150 1547 perqat

142 1587 272 1619 nunc
304 1565 762 1631 Constantinopolim
797 1600 811 1626 ,
839 1572 885 1612 et
914 1564 987 1612 ibi
1019 1579 1151 1629 repe-

142 1652 235 1703 riet
283 1665 436 1697 unam
488 1647 545 1695 de
603 1646 705 1695 illis
736 1683 750 1703 ‚
803 1645 1150 1694 subdiaconum

145 1741 403 1779 ceraunon
444 1744 682 1777 sermones
702 1726 876 1794 politos
902 1728 1008 1775 sine
1051 1723 1151 1773 ulla

143 1814 399 1880 offensione
457 1812 737 1879 loquentem.
793 1810 968 1860 Eadem
1030 1809 1151 1859 rese-

143 1905 254 1943 runt
278 1895 527 1960 Procopius
546 1931 559 1955 ‚
591 1894 671 1942 lib.
691 1911 708 1941 1
724 1928 742 1956 ,
769 1891 849 1941 De
864 1891 983 1941 bello
1008 1889 1066 1939 V
1061 1906 1153 1937 an·-

145 1976 300 2026 dalico
314 1996 338 2038 ;
365 1976 530 2026 AEneas
564 1975 778 2026 Gazensis
795 2012 809 2037 ‚
854 1979 905 2023 in
946 1973 1120 2038 dialogo
1138 2007 1150 2031 ‚

145 2062 225 2126 qui
253 2059 517 2108 inscribitur
545 2057 902 2124 Theophrastus
919 2074 939 2118 ,·
956 2055 1155 2104 Marcel·

147 2142 273 2189 linus
300 2158 454 2189 comes
479 2178 492 2201 ‚
522 2144 575 2188 in
590 2136 831 2188 Chronico
855 2174 871 2201 ,
889 2138 971 2205 qui
1000 2155 1048 2187 se
1066 2148 1153 2186 tes-

142 2233 211 2271 tes
258 2223 315 2271 de
352 2225 454 2270 visu
499 2222 719 2271 exhibent
746 2223 889 2288 hujus
919 2221 1153 2269 miraculi.

143 2303 343 2352 Istorum
382 2304 639 2351 testimonia
671 2302 857 2351 exhibet
885 2302 1155 2351 Ruinartius

144 2389 195 2434 in
232 2384 585 2433 Commentario
615 2384 839 2433 historico
869 2386 1154 2450 persecutio-

142 2468 225 2515 m's
250 2465 571 2526 Vandalicas,
599 2476 721 2532 part.
748 2483 782 2514 n
795 2502 814 2528 ‚
843 2483 948 2531 cap.
984 2484 1011 2533 7
1035 2504 1049 2526 ,
1073 2466 1156 2515 ubi

145 2547 311 2619 adjecit
338 2550 656 2597 auctoritatem
698 2549 748 2596 S.
779 2548 987 2614 Gregorii
1013 2548 1081 2598 M.
1110 2558 1156 2598 et

146 2630 368 2696 Imperat.
385 2629 413 2678 J
418 2632 638 2679 ustiniani
662 2667 675 2691 ,
689 2632 769 2695 qui
785 2628 925 2694 hujus
942 2631 1154 2678 miraculi

146 2713 359 2760 meminit
390 2715 440 2760 in
462 2714 644 2762 constit.
676 2709 749 2760 De
765 2711 915 2778 officio
937 2712 1157 2778 proeficti

148 2793 388 2843 Proetorio
413 2831 428 2858 ‚
451 2794 535 2843 lib.
566 2811 583 2841 1
601 2830 616 2854 ‚
648 2793 764 2843 cod..
784 2793 956 2843 Justin.
983 2797 1056 2844 tit.
1073 2812 1151 2856 xv,

100 2904 103 2906 ,
149 2877 230 2941 qui
258 2884 304 2924 et
329 2878 424 2941 ipse
453 2885 672 2936 testatur,
708 2893 755 2925 se
781 2876 944 2925 vidisse
971 2875 1055 2925 Itos
1077 2894 1156 2926 oe·

149 2954 383 3004 nerabiles
421 2956 600 3021 fratres
619 2992 635 3019 ,
680 2958 766 3022 qai
808 2957 1035 3006 abscissis
1073 2974 1156 3006 ra·

151 3035 330 3086 dicitas
358 3036 540 3103 linquis
562 3054 733 3104 poenas
756 3054 870 3086 suas
903 3037 1155 3087 miserabi-

154 3114 261 3165 liter
284 3118 611 3184 loquebantur.
651 3120 748 3169 Cfr.
792 3118 1020 3168 Historia
1050 3136 1158 3186 per-

156 3201 410 3248 secutionis
442 3200 708 3250 vandalicae
726 3238 741 3262 ‚
774 3218 913 3267 opera
939 3211 985 3250 et
1010 3201 1160 3251 studio

159 3279 849 3345 DominiTheodoriciRuinart,
871 3283 998 3333 Paris
1017 3299 1033 3332 ι
1043 3280 1158 3352 694.

161 3361 281 3426 Quid
309 3379 443 3427 porro
468 3365 528 3414 ad
550 3366 646 3414 haec
671 3365 843 3431 Paley‘?

228 3443 295 3506 (l)
332 3442 459 3491 Nihil
498 3448 775 3499 intentatum
819 3448 1050 3514 reliquum
1089 3448 1158 3498 fe-

163 3534 326 3573 cerunt
352 3525 616 3575 heterodoxi
644 3538 688 3577 et
715 3529 945 3578 increduli
962 3566 975 3589 ‚
1007 3539 1061 3578 ut
1079 3567 1092 3590 ‚
1125 3532 1163 3579 si

164 3607 342 3656 celebre
373 3608 461 3656 hoc
492 3608 665 3658 factum
690 3627 853 3677 negare
888 3623 1161 3679 nequeunt,

168 3690 327 3739 saltem
377 3691 584 3739 miraculi
627 3693 720 3740 vim
772 3704 852 3743 aut
903 3695 1167 3746 inficientur

1230 814 1310 868 aut
1333 816 1618 869 extenuent.
1654 819 1745 870 Sed
1777 821 1974 884 frustra;
2012 819 2253 887 siquidem..

1233 918 1330 949 non
1356 901 1492 950 rudes
1522 911 1600 949 aut
1619 902 1787 969 plebeji
1811 887 2026 951 homines
2041 911 2241 962 tantum,

1232 984 1312 1033 sed
1342 986 1429 1033 viri
1458 985 1666 1050 apprime
1685 984 1807 1033 docti
1831 994 1930 1033 tum
1960 983 2124 1033 incolae
2142 993 2243 1031 tum

1233 1066 1422 1116 advenae
1453 1083 1511 1116 ex
1560 1066 1778 1115 omnibus
1820 1067 1944 1115 orbis
1990 1065 2196 1131 partibus
2226 1101 2241 1126 ,

1232 1150 1313 1213 qui
1340 1149 1453 1197 illuc
1480 1148 1725 1197 confluunt
1743 1187 1756 1208 ‚
1786 1158 1831 1197 et
1846 1157 2120 1213 spectatores
2136 1155 2250 1196 sunt

1233 1239 1278 1278 et
1319 1232 1479 1279 critico
1526 1230 1643 1278 illud
1695 1232 1895 1279 examini
1952 1228 2243 1296 subjiciunt,

1234 1311 1434 1377 probant
1454 1313 1824 1378 confirmantque
1835 1311 2246 1377 miraculum.Legi

1198 1404 1202 1408 ’
1235 1413 1290 1444 ex
1324 1394 1663 1461 antiquioribus
1693 1404 1892 1443 meretur
1914 1394 2076 1443 dehoc
2107 1410 2251 1460 argu-

1235 1488 1392 1527 mento
1409 1478 1663 1527 dissertatio
1689 1476 2246 1537 Bollandianorum,tom.

1235 1577 1284 1611 v1
1304 1600 1318 1623 ‚
1352 1580 1502 1612 mens.
1533 1561 1793 1628 Septembr.
1811 1561 1886 1609 die
1913 1578 1990 1609 xlx
2018 1597 2031 1622 ‚
2051 1576 2249 1626 praeser-

1235 1646 1322 1693 tim
1359 1643 1388 1711 ἓ
1419 1660 1502 1711 29.
1535 1645 1626 1694 Ubi
1656 1636 1949 1693 Bollandiani
1979 1642 2251 1692 luculentis-

1237 1731 1353 1777 sime
1389 1729 1659 1793 multiplicis
1684 1728 1824 1794 hujus
1855 1725 2065 1775 miraculi
2090 1727 2247 1774 verita-

1239 1820 1329 1859 tem
1373 1813 1595 1859 evincunt
1631 1847 1644 1870 ‚
1686 1819 1732 1859 et
1779 1818 2017 1875 proterunt
2066 1809 2251 1873 penitus

1238 1878 1401 1941 stultas
1418 1929 1433 1954 ,
1460 1910 1520 1942 ne
1556 1892 1710 1942 dicam
1744 1893 1930 1957 impias,
1959 1889 2251 1940 difficultates

1240 1973 1444 2023 Molinaei
1480 2010 1496 2038 ‚
1539 1974 1706 2024 Clerici
1750 1974 2040 2039 aliorumque
2066 1972 2253 2022 hetero—

1242 2057 1492 2108 doxorum.
1513 2058 1582 2107 Ex
1607 2056 1940 2107 recentioribus
1953 2044 2040 2105 cfr.
2057 2055 2119 2106 cl.
2136 2054 2265 2103 Rus-—

1240 2140 1325 2188 fini
1357 2142 1408 2188 in
1443 2157 1523 2208 op.
1554 2138 1841 2205 Riflessioni
1879 2136 2077 2187 critiche
2112 2152 2254 2203 sopra

1239 2222 1283 2271 il
1326 2225 1494 2288 saqqio
1532 2222 1756 2287 filosofico
1802 2224 1997 2271 intorno
2025 2219 2115 2269 alle
2139 2236 2254 2286 pro-

1240 2302 1444 2352 babilita
1472 2303 1549 2352 del
1572 2306 1741 2368 siqnor
1771 2313 1907 2352 conte
1941 2302 2021 2350 La
2054 2301 2207 2350 Place
2236 2338 2251 2363 ‚

1241 2385 1441 2434 Modena
1483 2382 1604 2434 1821
1631 2422 1645 2446 ,
1679 2387 1900 2433 memoria
1935 2401 2001 2443 iv,
2031 2393 2152 2448 part.
2183 2394 2260 2442 11,

1241 2465 1269 2533 g
1307 2467 1364 2515 31
1407 2476 1452 2515 et
1498 2483 1628 2533 seqq.
1678 2466 1761 2515 ubi
1815 2467 2011 2533 egregie
2052 2465 2258 2515 vindicat

1241 2549 1332 2597 hoc
1359 2549 1635 2597 miraculum
1664 2549 1723 2598 ab
1747 2547 2175 2613 impugnationibus
2188 2548 2256 2597 La

1244 2629 1400 2679 Croix.
1430 2628 1528 2678 cfr.
1567 2632 1678 2679 item
1722 2629 1908 2694 Fergola
1951 2632 2003 2678 in
2030 2627 2257 2679 Discorso

1241 2710 1528 2778 apoloqetico
1561 2710 1639 2760 sal
1667 2710 1898 2760 miracola
1932 2712 1987 2759 di
2017 2708 2076 2762 S.
2115 2711 2254 2760 Gen-

1241 2810 1363 2842 naro
1385 2831 1398 2853 ‚
1434 2796 1516 2861 qui
1545 2805 1611 2843 est
1640 2794 1700 2842 ad
1729 2794 1900 2843 calcem
1940 2809 2019 2858 op.
2051 2793 2258 2843 Teorica

1243 2875 1314 2924 ἅθ’
1340 2874 1597 2936 miracoli,
1629 2874 1796 2940 Napoli
1837 2875 1998 2942 18393
2026 2875 2110 2923 ubi
2143 2892 2253 2925 cum

1243 2958 1407 3006 doctus
1434 2969 1594 3007 auctor
1620 2958 1811 3007 celebris
1836 2957 2051 3024 physicus
2081 2973 2136 3006 ac
2151 2975 2256 3006 ma·-

1244 3039 1523 3088 thematicus
1565 3042 1664 3106 ejus
1693 3041 1931 3088 veritatem
1966 3033 2259 3089 adstruxisset

1247 3138 1302 3170 ac
1336 3131 1674 3187 propugnasset
1698 3121 1918 3170 adversus
1957 3121 2218 3170 incredulos
2235 3156 2254 3182 ‚

1248 3206 1330 3270 qui
1363 3204 1658 3252 difficultates
1700 3212 1860 3268 petunt
1902 3220 1955 3252 ex
1983 3203 2181 3272 physica
2211 3213 2257 3252 et
2320 3235 2323 3238 -

1251 3285 1430 3334 chemia
1465 3322 1479 3346 ,
1521 3287 1727 3350 apposite
1770 3282 1798 3350 ὃ
1846 3300 1941 3352 29,
1972 3285 2208 3348 concludit
2241 3301 2256 3333 ε

1255 3365 1347 3415 Gli
1363 3369 1462 3415 atei
1475 3364 1590 3414 nell’
1613 3365 1800 3414 eludere
1829 3365 1878 3414 la
1903 3367 2058 3416 verita
2073 3367 2144 3414 ἅθ’
2161 3366 2255 3414 mi-

1250 3447 1399 3497 racoli
1432 3448 1488 3496 di
1528 3456 1690 3496 nostra
1727 3447 1958 3514 religione
1980 3487 1994 3510 ‚
2022 3467 2048 3497 e
2081 3446 2161 3495 nel
2183 3462 2260 3496 oo-

1252 3529 1382 3579 terne
1421 3532 1644 3578 smentire
1677 3529 1724 3578 la
1750 3540 1963 3580 certezza
1979 3567 1992 3590 ‚
2034 3544 2147 3578 sono
2182 3544 2262 3577 co-

1253 3616 1407 3663 stretti
1416 3631 1448 3662 a
1462 3613 1577 3663 dare
1591 3614 1643 3662 in
1656 3612 2028 3681 millefhllie.Ed
2042 3615 2097 3662 in
2110 3615 2265 3679 questi

1256 3696 1449 3747 ridicoli
1476 3697 1572 3746 loro
1596 3696 1954 3748 sbalordimenti
1987 3715 2011 3746 e
2039 3698 2261 3764 pertina-
