2514 4218
2166 186 2283 248 537

208 390 442 444 VERSIO
466 388 697 441 LATINA
731 386 1074 451 LOCORUM,
1109 386 1260 450 QUAE
1293 384 1382 436 EX
1405 383 1855 437 SCRIPTORIBUS
1890 385 2096 438 rmus
2128 387 2253 477 VEL

595 485 846 538 ITALICE
879 485 949 535 IN
983 483 1111 536 HOC
1146 480 1485 534 VOLUMINE
1521 464 1863 535 clTA'NTUR.

229 692 333 746 Pag.
362 690 459 734 156.
475 690 538 734 Ex
551 687 755 746 operibus
781 690 824 732 S.
851 686 1070 731 Francisci
1098 686 1264 730 Salesii.

223 801 322 854 Ipse
353 799 553 844 Christus
580 797 758 842 consilia
779 796 1024 851 evangelica
1051 796 1097 839 in
1111 795 1276 851 praxim
1302 793 1505 847 deduxit,
1528 797 1574 838 et
1595 797 1647 837 ut
1676 792 1734 838 ab
1761 793 1956 839 Ecclesia
1987 794 2210 850 primitiva
2237 797 2287 840 in

167 867 332 921 praxim
347 865 661 909 deducerentur
672 865 864 918 curavit;
886 865 1030 907 omnia
1055 863 1215 918 scripta
1234 863 1337 905 su'nt
1362 865 1408 906 et
1420 862 1699 917 consignata3
1727 862 1836 918 quid
1863 865 1930 906 est
1948 865 2040 906 tota
2053 864 2286 908 salvatoris

185 935 299 986 vita,
339 934 425 976 nisi
456 933 650 976 fidelium
692 933 839 987 regula
876 935 921 975 et
948 931 1409 974 instructio?.1)ebuit
1446 943 1548 985 ergo
1577 930 1769 974 Ecclesia
1793 930 1876 975 hoc
1901 930 2161 975 documento
2188 933 2286 986 uti,

167 1000 275 1044 adeo
295 1001 470 1056 quidem
484 1004 534 1043 ut
548 1001 663 1043 inter
689 1000 928 1044 christianae
944 999 1165 1053 religionis
1179 998 1378 1042 exercitia
1391 999 1536 1055 praxis
1561 998 1692 1054 hujus
1705 1000 1977 1054 paupertatis
1989 1031 2003 1053 ,
2032 999 2298 1045 obedientia·

164 1072 212 1112 et
243 1069 425 1124 propriae
459 1069 758 1123 abnegationis
788 1070 1129 1112 recenserentur.
1161 1070 1218 1109 Et
1246 1078 1395 1111 revera
1425 1067 1545 1111 omni
1583 1070 1708 1110 aetate
1744 1068 1937 1111 Ecclesia
1970 1070 2172 1112 exercitia
2197 1069 2290 1113 haec

162 1137 434 1189 observavit3
467 1137 582 1189 unde
608 1137 855 1191 colligitur,
883 1134 1031 1179 eadem
1044 1135 1128 1190 ipsi
1155 1136 1330 1192 propria
1351 1148 1462 1179 esse.
1478 1135 1545 1178 Ad
1571 1135 1678 1191 quid
1695 1139 1843 1179 autem
1869 1135 2059 1180 dedisset
2076 1136 2288 1181 Dominus

163 1204 253 1248 haee
270 1205 451 1248 consilia
466 1237 478 1257 ‚
500 1206 537 1247 si
555 1217 680 1248 nemo
696 1217 746 1248 ea
761 1203 886 1258 sequi
902 1203 1108 1247 deberet?
1123 1204 1233 1247 Hinc
1247 1207 1388 1259 patet,
1416 1204 1462 1246 in
1476 1215 1579 1248 vera
1592 1204 1755 1248 Christi
1772 1204 1963 1248 Ecclesia
1976 1204 2287 1261 perfectionem

159 1285 308 1317 veram
335 1273 430 1316 vitae
457 1272 698 1330 christianae
723 1270 1020 1328 splendescere
1047 1270 1220 1315 debere.

215 1409 320 1462 Pag.
346 1407 443 1451 169.
470 1409 532 1450 Ex
554 1405 618 1450 Gl.
634 1404 834 1460 *Pergolae
859 1417 988 1460 opere
1005 1435 1020 1458 ,
1050 1403 1169 1461 quod
1194 1404 1454 1449 inscribitur
1482 1419 1494 1449 ε
1524 1405 1717 1452 Theoi-ia
1743 1406 2098 1462 miraculorum,
2112 1407 2138 1463 ἓ
2157 1409 2231 1452 29.

210 1531 325 1573 Dum
343 1529 459 1573 athei
486 1527 796 1571 miraculorum
822 1527 1053 1572 veritatem
1065 1558 1079 1581 ,
1097 1539 1187 1583 qua
1204 1526 1388 1570 fulcitur
1399 1529 1549 1570 nostra
1567 1527 1717 1583 religio
1732 1559 1746 1582 ,
1776 1528 1952 1572 eludere
1970 1529 2080 1573 etin
2102 1528 2289 1572 dubium

157 1609 356 1648 revocare
383 1598 622 1648 conantur,
651 1596 698 1638 in
726 1595 918 1638 absurda
935 1595 1077 1637 multa
1102 1595 1172 1639 vel
1198 1595 1325 1639 inviti
1352 1594 1580 1648 incidunt;
1610 1599 1655 1639 et
1680 1608 1730 1640 ex
1760 1595 1957 1639 ridiculis
1988 1609 2145 1641 eorum
2164 1609 2288 1653 com-

158 1666 319 1710 mentis
347 1667 392 1708 et
418 1663 660 1720 pertinacia
687 1663 797 1707 mire
824 1662 973 1706 elucet
996 1663 1158 1707 veritas
1185 1661 1287 1705 fidei
1315 1662 1576 1725 christianae.

211 1802 319 1856 Pag.
346 1800 445 1843 268.
474 1801 537 1841 Ex
563 1795 691 1841 card.
719 1781 974 1842 Pallavicini
999 1795 1122 1841 Hist.
1149 1798 1283 1840 Conc-
1314 1795 1442 1841 Trid.
1470 1795 1551 1840 lib.
1579 1798 1668 1852 xl,
1696 1809 1790 1854 cap.
1817 1799 1901 1852 18,
1930 1810 1974 1841 ιι.
2003 1801 2046 1844 9.

206 1907 308 1952 Ideo
335 1909 452 1951 inter
469 1906 715 1950 chistianos
733 1909 887 1950 natum
919 1908 987 1949 est
1014 1904 1227 1959 schisma,
1256 1906 1361 1960 quia
1376 1905 1634 1962 Eutychiani
1661 1919 1759 1950 cum
1778 1907 1878 1950 aliis
1899 1910 2014 1963 ,qui
2043 1921 2069 1952 a
2098 1909 2286 1961 Concilio

151 1976 458 2020 calcedonensi
492 1974 687 2018 damnati
725 1973 925 2027 fuerant,
956 1973 1220 2030 objiciebant
1258 1973 1494 2016 Ecclesiam
1534 1987 1756 2019 romanam
1794 1975 1896 2019 huic
1937 1977 2127 2020 Concilio
2162 1990 2287 2022 suam

154 2043 514 2099 approbationem
539 2042 799 2097 denegasse,
827 2041 932 2084 dum
950 2040 1210 2097 approbavit
1236 2040 1479 2085 concilium
1499 2044 2030 2100 constantinopolitanum
2050 2046 2287 2090 secundum

149 2098 399 2168 (quintam
418 2110 640 2172 synodum
671 2110 1031 2165 oecumenicam).
1063 2112 1118 2154 At
1133 2111 1175 2153 S.
1205 2110 1438 2165 Gregorius
1469 2111 1626 2166 saepius
1666 2112 1778 2155 hanc
1810 2115 2092 2168 apparentem
2117 2118 2289 2159 contra-

148 2178 388 2224 dictionem
414 2178 570 2232 diluit,
597 2178 828 2222 ostendens
855 2177 1048 2221 concilia
1075 2178 1164 2221 haec
1190 2177 1275 2220 sibi
1303 2178 1546 2221 consentire
1579 2180 1626 2222 in
1661 2180 1885 2235 probanda
1915 2193 2019 2225 vera
2051 2181 2249 2226 doctrina
2268 2213 2283 2236 ,

148 2251 195 2292 et
234 2249 282 2290 in
325 2246 571 2290 damnanda
606 2246 759 2290 haeresi
803 2245 1017 2290 Theodori
1044 2278 1058 2299 ,
1095 2246 1354 2290 Theodoreti
1405 2248 1450 2289 et
1486 2247 1587 2290 Ibae.
1614 2245 1751 2303 quue
1779 2249 1991 2304 praecipue·
2019 2249 2213 2293 declarat
2239 2251 2286 2293 in

147 2315 336 2371 epistola
351 2326 432 2358 sua
450 2313 507 2357 ad
534 2315 817 2358 Constantem
843 2315 1105 2370 Episcopum
1132 2313 1528 2367 Mediolanensem3
1560 2316 1608 2358 in
1636 2328 1724 2371 qua
1752 2316 1980 2368 observat,
2012 2318 2130 2373 quod
2144 2322 2190 2362 et
2206 2331 2286 2363 nos

147 2381 360 2434 diximus,
396 2382 588 2426 Concilia
614 2383 732 2426 inter
759 2394 806 2426 se
834 2395 922 2427 non
949 2381 1182 2426 dissentire
1209 2382 1354 2438 quoad
1381 2382 1584 2438 dogmata
1611 2383 1741 2437 fidei,
1771 2384 1849 2427 sed
1877 2385 2022 2440 quoad
2049 2399 2284 2442 personas,

146 2449 202 2493 de
249 2450 413 2505 quibus
456 2452 638 2504 egerant
677 2452 832 2494 Patres
858 2449 1226 2503 calcedonenses,
1267 2453 1498 2506 postquam
1526 2463 1673 2496 veram
1701 2452 1943 2496 doctrinam
1971 2453 2283 2498 definivissent·

147 2518 271 2569 Quod
304 2518 440 2571 igitur
467 2517 520 2560 de
554 2518 754 2573 personis
777 2520 1056 2572 statuerunt,
1089 2530 1176 2563 non
1203 2522 1300 2563 erat
1327 2519 1540 2564 articulus
1568 2519 1698 2574 fidei,
1726 2532 1807 2567 nec
1833 2520 1891 2564 ad
1915 2521 2281 2567 infallibilitatem

157 2585 356 2630 Ecclesiae
385 2585 590 2641 pertinet.

214 2723 316 2776 Pag.
344 2722 440 2765 577.
468 2724 528 2765 Ex
554 2724 680 2767 Joan.
708 2724 868 2767 villani
893 2723 1133 2776 Historia,
1160 2723 1238 2768 lib.
1257 2725 1342 2778 IX,
1373 2735 1465 2781 cap.
1484 2726 1580 2769 264.

212 2844 417 2899 Magister
432 2846 618 2890 Joannes
632 2846 685 2890 de
712 2846 934 2892 Giandone
959 2851 1005 2892 et
1030 2849 1237 2903 Magister
1263 2849 1482 2893 Marsilius
1508 2850 1745 2895 Patavinus
1773 2851 2014 2896 doctissimi
2040 2851 2279 2898 fueruntin

177 2924 301 2955 erum
319 2914 588 2958 naturalium
615 2916 796 2959 scientia
825 2919 870 2960 et
895 2916 942 2959 in
969 2917 1206 2971 astrologia
1222 2948 1236 2970 ‚
1266 2917 1342 2961 sed
1370 2918 1417 2960 in
1444 2918 1597 2962 multis
1623 2918 1813 2964 haeretici
1845 2923 2004 2976 reperti
2033 2927 2154 2966 sunt.

210 3063 268 3104 Et
294 3073 344 3106 cx
371 3061 448 3105 lib.
474 3064 541 3114 X,
571 3075 669 3119 cape
694 3065 789 3107 102.

210 3169 291 3212 Die
315 3169 757 3226 decimoseptembris
786 3174 972 3216 Corneto
1001 3172 1184 3228 profecti
1210 3178 1341 3226 sunt,
1375 3178 1532 3218 etcum
1569 3178 1921 3221 Montem-altum
1951 3181 2272 3235 pervenissent,

158 3238 358 3279 mortuus
382 3241 451 3281 est
476 3238 682 3293 Magister
708 3239 927 3283 Marsilius
942 3239 1175 3285 patavinus
1184 3241 1374 3298 perfidus
1393 3243 1619 3287 haereticus
1640 3248 1685 3289 et
1699 3246 1908 3302 magister
1927 3250 1972 3291 et
1985 3247 2070 3292 dux
2087 3250 2244 3294 Bavari
2260 3281 2273 3300 ,

157 3303 235 3358 qui
262 3302 333 3348 die
358 3306 412 3347 15
438 3306 707 3363 Septembris
733 3309 932 3364 pervenit
958 3308 1185 3353 Grossedo.

209 3440 313 3493 Pag.
339 3440 439 3484 465.
465 3443 527 3484 Ex
553 3442 670 3486 Petri
697 3445 968 3488 Tamburinii
994 3444 1187 3502 Aualysi
1209 3448 1606 3505 proescriptionmn
1635 3451 1932 3507 Tertulliani,
1962 3453 1987 3508 5
2015 3456 2102 3496 Lx.

210 3548 272 3588 Ex
294 3557 372 3597 eo,
402 3548 521 3602 quod
548 3548 781 3594 infallibile
794 3552 1005 3606 judicium
1021 3553 1075 3597 de
1096 3555 1438 3609 quaestionibus,
1457 3570 1550 3612 qum
1567 3558 1622 3600 ad
1640 3558 1768 3602 fidem
1783 3561 2032 3615 pertinent,
2061 3572 2271 3605 consensu

156 3613 394 3656 universali
431 3615 625 3659 omnium
657 3618 965 3672 ecclesiarum,
994 3623 1039 3664 et
1065 3622 1291 3666 concordia
1334 3625 1528 3667 omnium
1555 3629 1778 3681 pastorum
1807 3627 1933 3670 unice
1961 3628 2269 3680 constituitur,

156 3674 395 3726 necessario
426 3684 650 3739 sequitur,
685 3698 837 3731 omnes
861 3687 1011 3732 fideles
1045 3689 1213 3734 lumina
1244 3703 1323 3735 sua
1355 3694 1588 3749 praestarc,
1615 3695 1776 3751 quibus
1808 3695 1993 3740 aliorum
2026 3697 2268 3741 infirmitati
