2514 4218
208 131 329 192 492

809 152 1005 192 TRAGT.
1055 154 1124 190 DE
1169 153 1319 192 Locis
1362 152 1741 193 THEOLOGICIS·

292 297 433 357 716.
483 295 571 356 Ad
606 295 713 371 411¹,
753 298 928 378 Resp.
962 296 1113 354 nihil
1146 296 1322 378 plane
1360 296 1564 356 absoni
1598 297 1811 358 exinde
1843 301 2010 375 oriri,
2048 301 2159 360 nisi
2192 302 2348 384 quod

213 393 285 453 ab
323 393 656 472 anticipatis
694 391 1159 453 adversariorum
1183 391 1415 470 judiciis
1445 392 1930 475 apprehenditur.

293 487 439 547 717.
486 486 617 565 Obj.
674 487 945 546 secunda.
999 489 1063 546 1ο
1108 488 1347 547 Certum
1382 499 1510 562 est,
1554 489 1953 571 metropolitas
2001 503 2061 551 et
2098 490 2348 572 synodos
2387 520 2390 524 ·

211 583 606 667 provinciales
636 584 871 665 pacifica
894 584 1259 666 possessione
1287 583 1361 642 ad
1390 583 1560 666 plura
1597 584 1788 644 secula
1819 585 2141 647 obtinuisse
2174 600 2349 670 atque

214 679 534 739 exercuisse
562 683 730 757 jura,
767 699 897 759 quae
943 678 1217 760 deinceps
1262 678 1336 737 ad
1387 700 1447 738 se
1490 679 1780 761 privative
1833 691 2145 741 traxerunt
2196 704 2348 742 rom.

212 777 544 836 Pontifices.
589 776 657 832 20
698 777 831 834 Haec
868 787 1067 834 autem
1124 777 1424 859 usurpatio
1474 776 1734 857 legitima
1784 778 1910 837 fieri
1954 801 2076 838 non
2130 789 2353 860 potest,

215 873 336 934 sive
363 870 788 931 nonnullorum
821 871 1334 954 metropolitarum
1363 873 1534 955 culpa
1558 884 1617 933 et
1647 874 1908 953 ignavia,
1933 875 2055 936 sive
2085 874 2356 957 frequen-

215 967 372 1027 tibus
422 967 497 1026 ad
555 969 900 1029 Pontificem
949 967 1277 1028 recursibus
1335 981 1437 1028 aut
1477 969 1953 1032 devolutionibus
2006 993 2352 1047 causarum,

216 1065 337 1124 sive
367 1063 726 1144 synodorum
762 1065 1213 1147 provincialium
1245 1066 1679 1126 intermissione
1700 1113 1715 1142 ,
1760 1067 1884 1128 sive
1924 1067 2182 1148 denique
2210 1079 2356 1127 tem-

215 1160 372 1242 poris
407 1160 610 1242 lapsu,
654 1183 788 1220 cum
825 1161 987 1220 nulla
1040 1161 1213 1221 detur
1249 1161 1529 1223 adversus
1570 1161 1895 1242 legitimam
1933 1162 2357 1245 possessionem

215 1257 579 1339 praescriptio
613 1257 723 1338 (l).
769 1257 834 1316 30
875 1256 1254 1317 Incommoda
1292 1280 1468 1340 porro
1490 1302 1505 1333 ,
1547 1279 1675 1339 quae
1711 1280 1783 1317 ex
1825 1259 1935 1317 hac
1970 1280 2119 1317 rom.
2154 1258 2357 1316 Ponti-

217 1353 394 1412 ficum
422 1352 769 1414 dominandi
795 1353 1039 1414 libidine
1065 1354 1364 1428 oriuntur,
1394 1365 1562 1414 aetate
1584 1359 1711 1433 jam
1739 1376 1842 1413 sua
1884 1353 2107 1414 deflens
2148 1354 2205 1412 S.
2228 1354 2367 1413 Ber*

218 1449 440 1509 nardus
461 1495 477 1523 ,
520 1449 876 1530 querebatur
914 1451 984 1509 de
1003 1450 1426 1510 Ecclesiarum
1458 1451 1941 1520 detruncatione,
1975 1473 2098 1529 qna
2128 1451 2360 1509 subdu-

222 1556 454 1604 cuntur
480 1547 724 1605 abbates
753 1548 1102 1626 Epz‘scopiS,
1130 1547 1197 1605 hi
1225 1547 1727 1626 metropolz'tani3‚
1757 1548 1824 1606 hi
1850 1548 2232 1626 patriarchis
2262 1567 2363 1605 sen

214 1644 595 1720 primatibus
619 1643 728 1723 (2).
765 1645 830 1700 40
852 1645 1028 1717 Sane,
1065 1664 1134 1702 ex
1162 1663 1279 1724 quo
1308 1641 1601 1722 regulares
1634 1643 1751 1702 suis
1781 1643 2076 1725 Episcopis
2091 1641 2362 1701 subducti

223 1747 401 1813 sunt,
439 1737 689 1797 relaxari
728 1740 1046 1798 monastica
1087 1737 1391 1823 disciplina
1429 1739 1646 1821 coepit,
1686 1750 1862 1821 atque
1909 1760 1980 1798 ex
2015 1738 2365 1822 appellatio-

222 1831 397 1891 nibus
429 1833 503 1892 ad
533 1856 680 1893 rom.
713 1837 1057 1895 Pontificem
1088 1834 1434 1896 clericorum
1467 1835 1819 1895 facinoribus
1860 1834 2134 1894 omnibus
2172 1833 2363 1893 aditus

223 1929 458 2011 aperiri.
496 1931 561 1989 50
584 1935 838 1992 Demum
867 1933 979 1991 nisi
1000 1931 1088 1991 'ad
1117 1933 1377 2014 pristinae
1408 1931 1730 2014 disciplinae
1757 1954 2030 1990 normam
2059 1940 2367 1990 revocetur

224 2026 537 2107 pontificiae
569 2029 927 2088 auctoritatis
954 2029 1298 2088 exercitium
1320 2074 1337 2104 ,
1380 2048 1649 2110 quaenam
1686 2027 1883 2108 regula
1923 2027 1975 2086 ei
2009 2025 2228 2108 praefigi
2256 2023 2367 2107 po-

232 2121 371 2180 terit
394 2167 409 2196 ,
456 2144 532 2182 ne
570 2123 680 2183 sibi
715 2136 922 2184 cuncta
961 2125 1283 2207 surripiat?
1325 2126 1492 2205 ErgO.

312 2217 457 2279 718.
506 2222 679 2303 Resp.
736 2221 826 2281 Ad
882 2222 985 2296 1¹1²,
1042 2223 1196 2282 Dist.
1252 2223 1334 2281 Ex
1393 2222 1763 2282 concessione
1810 2241 1958 2281 rom.
2018 2218 2368 2280 Pontificum

300 2443 366 2507 (Ι)
407 2441 604 2502 Scheill,
623 2458 731 2489 cum
753 2443 803 2488 in
830 2441 1172 2508 adjectionibus
1198 2440 1255 2489 ad

230 2525 257 2593 ξ
287 2524 383 2589 240
418 2524 588 2573 Instit.
634 2521 872 2572 Schenklii
925 2527 1088 2572 merito
1140 2526 1255 2590 reje-

231 2613 364 2659 cisset
388 2613 565 2676 jurium
593 2609 953 2658 accidentalium
976 2609 1177 2667 natales,
1206 2618 1259 2656 ut

231 2695 328 2758 ipse
356 2692 565 2759 loquitur
584 2727 597 2753 ,
631 2710 658 2739 a
684 2691 927 2738 nonnullis
959 2693 1257 2756 excogitatos,

232 2795 400 2843 nempe
439 2776 742 2840 Pontificum
776 2774 1121 2835 ambitionem,
1159 2774 1262 2822 Isi·

233 2859 340 2906 dori
356 2858 510 2923 falsas
546 2856 829 2918 decretales,
874 2856 1032 2905 secula
1077 2856 1226 2904 rudia
1246 2894 1261 2916 ‚

233 2940 530 3005 reqularium
549 2940 679 3006 Papae
704 2942 956 3006 imperium
977 2957 1259 3005 promoven-

245 3027 363 3072 tium
391 3033 587 3072 conatus
601 3064 614 3087 ‚
650 3026 764 3074 alios
785 3031 882 3090 ipse
902 3025 1077 3073 natales
1096 3025 1168 3072 his
1184 3028 1264 3092 ju—

244 3108 375 3156 ribus
409 3108 657 3166 adscribit,
692 3108 853 3157 saltem
885 3119 1109 3174 tanquam
1134 3126 1266 3174 proe-

245 3192 419 3257 cipuas
444 3206 615 3238 causas
636 3230 649 3252 ‚
682 3192 894 3240 videlicet
911 3189 1266 3257 Episcoporum

248 3284 293 3322 et
322 3271 717 3338 Metropolitarum
744 3277 793 3322 in
819 3275 1145 3323 conservandis
1175 3276 1268 3322 suis

243 3357 430 3422 juribus
464 3357 738 3412 incuriam,
784 3368 827 3405 et
870 3361 1069 3406 maxime
1114 3356 1268 3419 neqli·

246 3440 464 3502 qentiam
495 3440 552 3486 in
584 3438 735 3504 officio
753 3473 770 3499 ,
805 3439 1075 3489 facilitatem
1109 3450 1154 3488 et
1187 3442 1269 3487 in-

249 3520 546 3586 dulqentiam
573 3524 793 3583 nimiam,
819 3534 897 3570 aut
929 3534 1089 3572 contra
1119 3526 1268 3588 impe-

251 3604 487 3653 riosiorem
514 3604 877 3653 dominationem
893 3642 906 3665 ,
935 3606 1270 3671 impotentiam

253 3701 411 3735 eorum
443 3689 500 3736 ad
530 3687 702 3737 abusus
732 3688 1081 3753 reprimeudOS‚
1109 3706 1270 3754 perpe-

1346 2451 1477 2500 tuum
1508 2457 1757 2488 recursum
1787 2451 1831 2488 et
1859 2457 2105 2488 causarum
2124 2438 2182 2487 ad
2199 2437 2369 2503 Papam

1345 2525 1700 2584 remissionem,
1741 2522 2123 2588 infrequentiam
2169 2520 2373 2587 synodo-

1346 2624 1455 2654 rum
1495 2605 1913 2673 provinczhlinm,
1950 2607 2209 2655 simoniam
2232 2643 2245 2665 ,
2292 2606 2373 2652 in-

1347 2692 1700 2738 continentiam
1721 2724 1736 2750 ,
1800 2690 2092 2756 aliorumque
2152 2690 2375 2738 vitiorum

1349 2776 1543 2838 impune
1584 2776 1890 2839 grassantium
1940 2771 2133 2834 labem,
2185 2782 2230 2820 et
2266 2770 2375 2818 inde

1351 2865 1499 2904 ortam
1529 2858 1844 2904 necessitatem
1873 2895 1884 2916 ,
1931 2866 1984 2903 ut
2024 2871 2209 2903 summa
2233 2851 2376 2901 Sedes

1351 2941 1669 2987 auctoritatem
1711 2956 1840 2987 suam
1884 2940 2231 3002 interponeret,
2270 2934 2377 2981 has·-

1354 3040 1446 3089 que
1480 3023 1672 3071 demum
1708 3039 1869 3070 causas
1902 3020 1988 3069 sibi
2022 3027 2253 3080 servaret3
2287 3014 2375 3081 jus

1344 3104 1678 3172 patriarchale
1710 3122 1830 3154 rom.
1863 3101 2099 3152 Pontificis
2128 3118 2206 3165 per
2241 3098 2375 3148 Occi-

1354 3191 1573 3251 dentem,
1613 3208 1667 3239 ac
1681 3193 1774 3256 jus
1797 3185 2116 3236 devolutionis
2140 3185 2201 3233 ob
2233 3186 2378 3232 omis-

1355 3294 1425 3325 sas
1448 3276 1647 3341 synodos
1668 3272 1988 3339 provinciales.
2015 3269 2275 3319 Fatendum
2310 3279 2377 3316 ta-

1356 3377 1463 3408 men
1513 3368 1578 3407 est
1622 3357 1748 3404 hunc
1788 3366 2020 3403 auctorem
2079 3369 2173 3418 prae
2219 3352 2379 3400 ceteris

1356 3442 1644 3489 moderatum
1693 3456 1739 3487 se
1782 3437 2030 3495 exhibere,
2067 3446 2113 3485 et
2142 3435 2379 3484 addictum

1358 3522 1409 3572 S.
1442 3521 1571 3571 Sedi.

1425 3605 1489 3669 (2)
1529 3603 1608 3652 Dc
1642 3602 1879 3654 consider.
1908 3603 1994 3653 lib.
2039 3617 2125 3663 ιιι,
2180 3616 2282 3665 cap.
2316 3594 2389 3660 4,,

1356 3704 1491 3737 num.
1536 3683 1610 3749 14.
