2514 4218
2061 156 2182 214 415

359 186 518 223 PAR‘r.
570 185 610 220 1.
661 182 813 221 SEGT.
856 184 918 220 11.
964 181 1084 229 CAJ’.
1129 182 1189 219 11.
1237 182 1303 216 DE
1348 180 1572 218 PRlMA'r.
1622 180 1848 215 PERPET.

67 330 129 386 in
166 328 321 386 Petri
373 325 691 406 primatum
726 321 1078 396 succedunt,
1107 323 1194 380 uti
1227 342 1295 380 ex
1329 319 1610 378 hactenus
1648 317 1815 378 dictis
1839 315 2183 376 luculentis-

64 424 211 482 sime
248 431 432 502 patet,
467 424 592 496 jam
648 417 853 477 eodem
888 420 1020 495 jure
1055 416 1162 476 hac
1196 413 1634 498 praeeminentia
1677 424 1737 471 et
1779 412 2185 494 superioritate

67 519 128 576 in
154 517 486 574 universam
526 512 835 571 Ecclesiam
864 511 1077 592 gaudet
1108 511 1353 571 Ecclesia
1384 530 1623 569 romana
1645 554 1660 583 ,
1690 529 1787 567 seu
1815 508 2007 589 potius
2032 530 2182 568 rom.
2213 582 2219 587 η

68 611 352 673 Pontifex.
379 610 626 670 Lubenti
672 610 869 674 animo
898 609 991 668 hic
1025 608 1199 666 etiam
1239 605 1599 688 gratulamur
1625 604 1953 677 adversario
1981 602 2056 662 de
2092 626 2182 680 ec,

64 706 226 789 quod
262 708 590 788 profitetur,
625 725 684 764 se
707 703 1038 786 plenissime
1057 700 1399 777 admittere3
1435 722 1633 760 verum
1661 721 1805 781 opus
1822 708 1939 774 est,
1970 699 2015 756 si
2045 699 2186 758 velit

69 803 374 864 veritatem
412 802 699 880 integram
749 817 1090 878 agnoscere,
1137 807 1202 853 ut
1252 794 1491 868 ulterius
1532 794 1967 876 progrediatur,
2009 804 2185 875 atque

68 881 338 955 admittat
350 900 519 974 juxta
546 893 919 976 apostolicam
954 889 1333 950 traditionem
1366 889 1650 969 ejusmodi
1675 889 2182 971 praeeminentiam

68 992 244 1074 plane
271 991 343 1049 de
369 996 523 1068 jure
550 992 776 1048 divino.
805 985 1100 1068 Siquidem
1119 1006 1190 1044 ex
1216 985 1385 1045 dictis
1408 1030 1424 1059 ,
1470 1007 1597 1067 quae
1630 986 1752 1067 ipse
1789 984 1930 1044 falso
1971 982 2185 1044 funda-

38 1086 268 1148 =mento
296 1086 682 1167 superstruxit
707 1085 771 1143 in
806 1080 1202 1158 conclusione,
1238 1080 1549 1140 concidant
1580 1102 1811 1140 necesse
1838 1091 1926 1139 est
1967 1079 2075 1161 (l).

150 1182 289 1241 598.
339 1181 472 1260 Obj.
514 1180 702 1240 tertia.
751 1178 814 1237 10
869 1180 910 1235 A
959 1176 1160 1236 divino
1205 1181 1338 1254 jure
1386 1177 1567 1257 repeti
1622 1176 1858 1258 nequit,
1907 1175 2065 1258 quod
2113 1197 2186 1236 ex

65 1299 228 1338 mero
271 1277 522 1335 hominis
561 1272 802 1333 arbitrio
843 1270 1172 1353 dependet;
1219 1271 1351 1330 talis
1384 1294 1560 1352 porro
1589 1283 1678 1331 est
1716 1271 1992 1331 successio
2025 1293 2177 1330 rom.

65 1373 409 1432 Pontificum
451 1372 512 1429 in
561 1368 721 1427 Petri
773 1368 1110 1450 primatum.
1164 1367 1396 1425 Etenim
1454 1365 1613 1446 quod
1691 1367 1888 1424 Petrus
1937 1368 2186 1426 Romam

55 1469 246 1550 potius
292 1468 354 1525 in
405 1463 603 1524 sede'm
664 1463 902 1543 elegerit
961 1484 1140 1545 quam
1189 1459 1398 1520 urbem
1443 1459 1614 1519 aliam
1657 1459 2182 1542 qualemcumque,

55 1564 271 1622 factum
317 1571 405 1619 est
443 1580 601 1618 mere
634 1558 995 1626 humanum,
1036 1580 1068 1616 a
1112 1554 1292 1616 libera
1323 1555 1538 1615 scilicet
1575 1556 1730 1614 Petri
1765 1554 2068 1615 voluntate
2102 1556 2188 1615 ita

55 1678 177 1716 sese
204 1649 631 1714 determinante
678 1652 1039 1734 dependens,
1093 1652 1160 1710 20
1202 1653 1337 1710 Jam
1377 1672 1512 1711 vero
1530 1655 1625 1728 jus
1663 1649 1934 1712 divinum
1969 1672 2002 1709 a
2035 1651 2185 1709 facto

54 1752 313 1811 humano
353 1771 587 1831 prorsus
626 1747 1030 1828 independens
1076 1759 1183 1807 est.
1227 1747 1328 1821 3⁰,
1365 1745 1876 1819 Quemadmodum
1911 1746 2086 1827 igitur
2121 1747 2186 1806 in

51 1847 293 1908 arbitrio
319 1847 474 1906 Petri
502 1847 613 1905 fuit
644 1847 839 1904 Romae
878 1846 1068 1927 potius
1103 1866 1279 1926 quam
1318 1843 1456 1903 alibi
1488 1842 1826 1903 cathedram
1867 1865 2032 1902 suam
2055 1843 2185 1902 col-

52 1943 240 2003 locare
258 1988 274 2015 ,
319 1944 400 2001 ita
425 1954 485 2001 et
512 1943 573 2000 in
619 1940 858 1999 arbitrio
883 1939 1148 2000 Ecclesiae
1183 1951 1269 2000 est
1302 1940 1458 1998 Petri
1496 1938 1833 1998 cathedram
1857 1937 1970 1997 alio
1994 1949 2186 1997 trans-

57 2038 236 2110 ferre,
274 2058 365 2096 ex.
395 2058 476 2116 gr.
496 2035 916 2110 Mediolanum,
948 2035 1334 2117 Petropolim‚
1353 2034 1706 2108 Berolinum,
1727 2045 1838 2095 etc.
1867 2034 1913 2092 si
1936 2055 2178 2115 praeser-

54 2132 162 2189 tim
194 2131 257 2189 id
276 2152 474 2190 rerum
501 2131 772 2208 adjuncta
798 2142 974 2212 atque
1006 2130 1264 2190 Ecclesiae
1291 2131 1468 2212 ipsius
1502 2128 1720 2188 utilitas
1757 2140 2177 2211 exposcerent3

55 2247 361 2309 perperam
393 2248 528 2305 ergo
573 2247 723 2284 rom.
754 2227 1059 2286 Pontifices
1081 2230 1175 2305 jus
1207 2225 1475 2285 divinum
1504 2224 1834 2285 obtendunt
1863 2224 1926 2283 in
1956 2246 2185 2284 succes-

52 2322 215 2382 sione
239 2323 300 2381 in
330 2323 483 2381 Petri
511 2323 827 2404 primatum
852 2322 959 2403 (2).

129 2527 193 2590 (l)
231 2526 319 2575 Hic
348 2526 498 2575 obiter
542 2525 764 2587 observo,
797 2526 1077 2575 Palmerium

63 2609 250 2657 technas
276 2625 462 2657 movere
486 2608 709 2657 adversus
741 2611 1079 2657 successionem

58 2708 183 2740 rom.
200 2690 477 2739 Pontificum
492 2690 543 2738 in
561 2690 682 2739 Petri
703 2694 955 2757 primatum
959 2693 1081 2757 jure

57 2773 232 2819 divino
252 2810 265 2832 ,
298 2790 351 2821 eo
380 2773 504 2838 quod
533 2773 629 2821 haec
661 2774 856 2822 formula
889 2776 1080 2822 nonin·

76 2856 284 2903 veniatur
315 2871 526 2919 expressa
559 2858 607 2903 in
650 2855 837 2904 Patrum
873 2859 1082 2904 testimo-

74 2938 183 2994 niis,
210 2938 335 2997 licet,
357 2946 408 2984 ut
433 2937 630 2985 vidimus
646 2974 659 2995 ‚
684 2955 780 2986 rem
796 2941 959 3004 ipsam,
985 2957 1084 3005 quae

75 3018 272 3068 formula
288 3019 368 3068 illa
383 3021 685 3085 significatur,
702 3024 787 3087 ipsi
801 3024 1083 3087 apertissime

78 3100 273 3149 tradant.
311 3100 432 3150 Cum
472 3120 578 3151 vero
614 3106 706 3168 agit
748 3104 806 3153 de
847 3102 1083 3152 infallibili

1225 2527 1297 2591 (ᾖ)
1338 2527 1403 2575 lta
1436 2526 1471 2574 F
1475 2525 1694 2575 chronius
1721 2529 1908 2593 ejusqus
1935 2536 2178 2576 sectatores

1161 2612 1331 2675 passim
1352 2629 1365 2669 ;
1385 2619 1522 2675 atque
1536 2609 1699 2658 exinde
1712 2609 1945 2674 ejusmodi
1963 2611 2173 2675 quaestio,

1163 2702 1319 2740 utrum
1352 2691 1566 2740 Ecclesiae
1610 2694 1877 2739 auctoritate
1905 2709 1931 2739 a
1961 2689 2082 2740 Sede
2099 2708 2177 2739 ro-

1166 2791 1302 2821 mana
1335 2775 1386 2821 in
1416 2773 1551 2822 aliam
1580 2775 1800 2838 primatus
1841 2775 1985 2837 possit
2029 2783 2181 2822 trans·

1166 2857 1273 2904 ferri
1295 2891 1308 2913 ,
1341 2853 1534 2904 celebris
1559 2855 1718 2905 effecta
1750 2864 1847 2916 est,
1884 2855 1942 2902 de
1968 2870 2061 2918 qua
2081 2856 2180 2920 jam

1165 2937 1224 2986 ab
1261 2956 1385 2986 anno
1425 2936 1548 3004 1782
1580 2939 1759 3002 scripsit
1779 2946 1930 2985 auctor
1946 2933 2180 3002 Epistola·

1165 3021 1222 3068 in
1240 3036 1387 3068 cauea
1416 3036 1430 3070 z
1463 3020 1553 3067 An
1577 3017 1807 3066 Summus
1829 3018 2179 3084 pontificatue

1163 3119 1366 3150 romana
1402 3100 1618 3152 Ecclesia
1650 3100 1791 3151 avelli
1823 3101 1984 3151 etalio
2019 3109 2181 3154 trane-

79 3180 286 3230 Ecclesiae
303 3186 568 3233 auctoritate
590 3222 604 3246 ‚
633 3203 771 3252 quam
789 3188 888 3251 ipse
918 3188 1084 3250 pariter
1156 3185 1283 3248 ferri
1307 3187 1493 3250 possit?
1526 3185 1676 3250 Atque
1701 3201 1824 3232 anno
1864 3182 1984 3250 1787
2029 3184 2180 3233 Ticini
2216 3200 2223 3206 ·

78 3279 173 3310 non
207 3263 304 3311 vult
347 3265 591 3316 admittere
611 3305 625 3328 ‚
667 3268 775 3317 licet
804 3285 1011 3332 expresse
1037 3277 1083 3316 et

76 3353 230 3409 aperte
262 3349 466 3395 certatim
501 3348 655 3399 Patres
689 3351 816 3399 illam
847 3350 1082 3398 inculcent

74 3425 162 3475 alia
210 3431 382 3476 ratione
430 3437 543 3481 tune
582 3436 784 3499 ipsorum
824 3436 1080 3484 testimonia

73 3509 237 3558 eludit.
286 3510 358 3560 Ita
403 3515 592 3578 proinde
632 3531 729 3566 sese
759 3521 999 3584 gessisset,
1044 3520 1081 3566 si

72 3596 237 3659 apertis
249 3594 400 3644 verbis
423 3598 634 3648 eamdem
661 3600 906 3651 formulam
926 3600 1079 3651 Patres

70 3675 406 3725 adhibuissent.

1163 3269 1301 3316 thesis
1328 3269 1428 3316 haec
1456 3267 1648 3333 publicae
1669 3268 1967 3333 disputationi
1998 3285 2166 3333 propo-

1164 3353 1248 3399 sita
1276 3349 1396 3399 fuit:
1427 3348 1477 3396 E
1472 3351 1750 3415 piscopatui
1773 3367 1969 3399 romano
1991 3366 2088 3397 non
2105 3350 2174 3396 ita

1162 3447 1407 3479 annexum
1441 3448 1537 3478 esse
1558 3431 1767 3480 dicimus
1787 3435 2060 3498 primatum
2084 3467 2098 3490 ‚
2119 3437 2178 3477 ut

1162 3511 1381 3563 Ecclesia
1410 3512 1550 3561 illum
1576 3515 1631 3561 in
1652 3512 1803 3562 aliam
1830 3527 2179 3579 quamcumque

1161 3595 1433 3644 cathedram
1463 3595 1718 3661 transferre
1733 3613 1831 3644 non
1840 3596 2011 3661 poscit.
2030 3593 2138 3642 Dixi
2162 3631 2175 3652 ‚

1160 3678 1332 3728 exinde
1357 3677 1579 3747 celebrem
1599 3680 1766 3729 factam
1791 3696 1887 3729 esse
1900 3675 2021 3727 hanc
2050 3692 2175 3744 quae-
