2514 4218
2055 187 2174 248 513

424 215 584 256 PART.
629 216 670 251 1.
721 212 869 251 31:01⁸.
914 206 975 249 11.
1020 210 1146 249 cn.
1192 207 1275 249 IV.
1319 208 1389 247 DE
1431 207 1613 247 DO'HB.
1661 207 1818 247 Pluu-

60 376 214 423 teros
239 362 317 420 ita
341 380 402 419 se
427 365 728 438 gesserunt
749 352 1010 433 Pelagius
1036 373 1101 412 ac
1121 349 1416 411 Caelestius
1431 395 1446 424 ,
1488 370 1745 432 quorum
1770 349 1947 426 alter,
1978 349 2175 413 oblata

63 455 401 517 Innocentio
429 453 454 511 Ι
482 451 619 510 fidei
648 449 1006 508 confessione
1027 492 1043 521 ,
1076 445 1373 506 concludit
1405 468 1418 503 :
1451 447 1565 510 Sin
1590 457 1791 505 autem
1819 448 1941 508 liceo
1963 459 2172 508 nostra

62 554 340 631 confessio
390 547 747 626 apostolatus
791 547 888 603 tui
908 543 1156 621 judicio
1202 542 1628 622 comprobatur
1638 564 1658 608 ‚⁰
1687 544 2052 621 quicumque
2084 565 2181 603 me

64 648 374 708 maculare
415 643 524 722 (al.
559 640 845 722 culpare)
868 641 1150 708 voluerit,
1178 660 1235 697 se
1266 641 1652 718 imperitum,
1682 640 1773 696 vel
1795 641 2177 711 malevolum,

64 745 153 802 vel
179 745 360 801 etiam
398 760 516 797 non
552 738 949 807 catholicum,
974 732 1094 793 non
1126 755 1212 792 me
1241 734 1589 792 haereticum
1617 735 2031 813 comprobabit
2051 734 2176 814 (l)3

73 837 225 897 alter
269 856 410 896 vero
457 853 794 914 quanquam
831 830 1086 908 objectos
1137 826 1245 886 sibi
1280 849 1314 887 a
1350 826 1591 887 Paulino
1637 849 1859 888 errores
1900 829 2182 891 damnare

66 932 288 1004 noluit,
325 930 430 988 ced
460 930 636 987 beati.
657 927 846 1005 Papoe
887 927 1233 986 Innocentii
1261 926 1475 982 litteris
1508 945 1629 987 non
1666 935 1751 983 est
1780 946 1968 984 ausus
1996 928 2185 985 obsis-

72 1033 189 1085 tere
199 1047 220 1095 ,·
253 1030 440 1084 immo
476 1045 533 1082 se
560 1026 799 1098 omnia,
839 1012 972 1100 quoe
999 1020 1172 1078 Sedes
1212 1021 1321 1078 illa
1349 1020 1711 1104 damnaret,
1748 1020 2185 1083 damnaturum

66 1123 346 1201 promisit
361 1163 383 1191 ,
422 1119 738 1198 Augustino
760 1125 908 1177 teste
939 1114 1052 1193 (2).
1087 1116 1379 1187 Quorsum
1408 1135 1546 1172 vero
1576 1113 1726 1189 haec,
1748 1115 1861 1175 nisi
1884 1127 2188 1199 receptum

69 1227 212 1275 tunc
237 1214 517 1296 temporis
543 1212 763 1286 fuisset,
786 1230 936 1269 rom.
963 1210 1270 1269 Pontifices
1297 1210 1359 1268 in
1377 1209 1489 1269 fide
1514 1209 1846 1270 errare‘non
1871 1233 2038 1294 posse
2063 1211 2187 1292 (3)?

69 1313 273 1370 Postea
302 1308 541 1390 quidem
584 1313 778 1366 amota
804 1303 966 1365 larva
985 1348 1002 1378 ,
1035 1325 1170 1362 cum
1205 1326 1267 1363 se
1301 1304 1609 1364 damnatos
1637 1305 1893 1366 viderint
1914 1351 1930 1382 ,
1963 1307 2182 1389 patefe-

71 1417 276 1465 cerunt
299 1426 415 1487 quo
445 1403 638 1462 animo
664 1399 766 1458 illa
792 1399 1188 1472 affirmarent3
1223 1398 1326 1458 sed
1347 1399 1571 1459 interea
1598 1401 2004 1462 testimonium
2027 1423 2180 1483 prae-

72 1496 455 1560 clarissimum
488 1494 799 1579 prodidere
838 1494 911 1554 de
947 1493 1241 1553 catholicae
1280 1493 1539 1554 Ecclesiae
1580 1515 1774 1553 sensu.

152 1593 293 1656 754.
323 1593 405 1652 Ex
426 1589 885 1650 luculentissimo
917 1589 1028 1648 hoc
1049 1610 1222 1648 sensu
1244 1588 1606 1648 traditionali
1627 1589 1847 1648 factum
1863 1612 2147 1653 essereor
2162 1639 2179 1669 ,

71 1702 138 1750 ut
159 1688 432 1770 gallicana
457 1685 723 1759 Ecclesia,
742 1705 925 1765 usque
950 1683 1025 1743 ad
1048 1682 1337 1746 celebrem
1362 1685 1502 1743 anni
1521 1683 1680 1743 1682
1690 1683 2145 1747 declarationem
2161 1733 2178 1765 ,

72 1784 339 1846 eamdem
372 1791 708 1841 constanter
747 1779 1006 1862 professa
1047 1777 1350 1838 nobiscum
1396 1779 1571 1838 fuerit
1618 1777 1976 1858 doctrinam,
2010 1794 2188 1864 prout

72 1902 144 1941 ex
180 1877 508 1940 certissimis
550 1874 912 1936 documentis
948 1885 1176 1933 constat
1209 1873 1318 1954 (4).

146 2071 210 2135 (1)
247 2067 346 2119 cfr.
384 2066 602 2117 Libellus
626 2064 747 2131 fidei
772 2060 990 2134 Pelaqii,
1026 2066 1091 2116 ad
1158 2064 1323 2134 judea·
1357 2066 1546 2116 desinat
1587 2084 1684 2116 esse
1707 2067 1900 2134 judea,
1946 2085 2054 2118 cum
2097 2069 2187 2117 ad-

75 2153 418 2201 Innocentium
435 2187 450 2213 ‚
480 2153 531 2199 in
557 2151 757 2216 append.
785 2168 891 2216 opp.
920 2150 972 2201 S.
997 2152 1091 2199 Au-

76 2236 254 2303 gustini
274 2271 288 2294 ,
320 2244 435 2282 tom.
454 2252 482 2281 x
497 2270 511 2293 ‚
544 2232 705 2281 Varia
727 2235 910 2298 scripta
926 2239 973 2281 et
986 2248 1088 2280 mo-

78 2324 309 2364 numenta
328 2314 395 2363 ad
428 2312 806 2378 Pelaqianorum
840 2313 1090 2362 historiam

72 2396 367 2462 pertinentia
386 2433 400 2456 ,
428 2395 519 2445 col.
546 2411 635 2462 97.
1035 2442 1045 2454 ‚

151 2479 215 2542 (ἢ)
251 2477 356 2527 Lib.
391 2476 472 2525 De
488 2485 681 2544 peccato
697 2476 951 2543 oriq‘inali,
975 2495 1017 2526 0.
1039 2494 1089 2544 7.

83 2561 184 2610 Cfr.
205 2562 264 2610 de
282 2559 371 2609 hoe
386 2571 655 2626 argumento
676 2560 879 2610 Lud.Du
897 2560 1084 2620 mesnil,

84 2644 193 2693 Soc.
222 2643 268 2694 J.
299 2642 539 2691 Doctrina
567 2654 611 2691 et
642 2642 902 2709 disciplina
926 2641 1093 2693 Eccle-

84 2727 191 2775 sioe.
220 2724 388 2773 Colon.
428 2725 583 2792 1730,
622 2735 738 2774 tom.
766 2741 801 2772 11
821 2762 835 2787 ,
867 2723 955 2774 lib.
993 2741 1056 2773 xx
1075 2761 1089 2785 ,

82 2826 133 2855 n.
158 2804 223 2855 38
257 2816 302 2855 et
328 2823 460 2873 seqq.

153 2888 223 2953 (3)
258 2888 382 2936 Hinc
415 2889 579 2936 merito
615 2904 877 2954 anonymus
901 2897 1090 2947 auctor,

85 2973 295 3035 quamvis
324 2970 520 3019 adversae
548 2972 715 3035 partis,
748 2972 798 3017 in
835 2969 1005 3017 Traite
1037 2969 1093 3016 ele

74 3050 313 3100 l‘autorite
328 3052 394 3099 du
403 3048 553 3117 Pape,
565 3051 630 3099 La
641 3050 767 3116 Haye
786 3066 803 3098 1
816 3066 934 3118 720,
949 3050 1035 3098 lib.
1053 3064 1088 3108 ι,

81 3149 186 3196 cap.
226 3134 288 3193 3,
326 3151 376 3182 n.
414 3130 477 3194 8,
518 3151 621 3198 pag.
656 3149 722 3199 90
754 3150 768 3180 ε
801 3131 1090 3191 Memoriae,

76 3217 304 3282 priorum
337 3218 716 3281 reformatorum,
736 3218 908 3282 inquit,
934 3224 1002 3262 est
1020 3231 1103 3262 ar-

83 3305 372 3362 qumentnm
409 3300 575 3362 maqni
612 3297 840 3365 ponderis
876 3296 1103 3345 adversus

86 3375 586 3444 ipsos.Disputationic
598 3381 747 3428 initio
759 3379 963 3444 confessi
969 3386 1100 3439 sunt,

89 3459 285 3524 Papam
319 3475 416 3506 esse
447 3477 723 3526 supremum
753 3461 937 3510 Christi
972 3463 1103 3508 vica-

98 3545 230 3587 rium
246 3561 265 3598 ;
298 3556 385 3588 neo
422 3543 525 3606 ejus
540 3544 871 3590 auctoritatem
913 3544 969 3591 in
1002 3542 1093 3589 du-

93 3622 229 3670 bium
275 3640 491 3672 revocare
535 3633 773 3692 ,caeperunt
785 3661 804 3688 ,
851 3627 956 3694 nisi
991 3643 1100 3675 cnm

95 3713 259 3752 contra
298 3707 424 3770 ipsos
461 3705 706 3772 definivit,
741 3707 944 3772 perinde
973 3725 1029 3757 ac
1061 3710 1105 3757 si

179 3787 244 3848 T.
301 3789 443 3846 Vlll.

1174 2166 1339 2198 versus
1353 2149 1569 2214 aliquam
1577 2159 1769 2217 partem
1784 2153 2070 2199 sententiam
2079 2168 2189 2218 pro-

1176 2233 1404 2292 nuntiat,
1432 2231 1508 2280 vel
1531 2234 1579 2280 ei
1613 2235 1789 2281 veritae
1809 2269 1825 2289 ,
1864 2250 1974 2281 cum
2003 2236 2194 2283 incom-

1177 2314 1318 2362 moda
1359 2330 1456 2361 esse
1501 2315 1715 2379 incipit,
1764 2317 1941 2363 veritas
1980 2315 2191 2382 amplius

1176 2411 1275 2443 non
1297 2396 1380 2443 sit.

1248 2477 1314 2541 (A)
1353 2476 1642 2541 Hyacinthus
1659 2475 1799 2544 Serry
1814 2512 1827 2537 ‚
1850 2479 1899 2524 in
1922 2474 2192 2543 Appendice

1177 2560 1393 2608 historica
1413 2557 1491 2607 De
1517 2568 1671 2607 mente
1682 2557 1916 2609 Eccleeioe
1933 2559 2189 2625 qallicanoe

1179 2651 1225 2690 et
1261 2642 1523 2690 academioe
1567 2642 1872 2690 Parisiensis
1907 2646 2035 2693 cirea
2067 2661 2198 2693 rom.

1181 2725 1440 2788 Pontifieie
1468 2722 1897 2788 infallibilitatem,
1933 2743 2074 2791 quam
2109 2726 2191 2774 ad·-

1176 2810 1287 2874 jecit
1305 2806 1698 2856 dissertationibus
1716 2807 1897 2855 duabus
1909 2804 1982 2856 De
1995 2823 2193 2857 romano

1181 2890 1419 2954 Pontifice
1446 2925 1460 2951 ,
1517 2907 1651 2938 num.
1706 2888 1766 2939 15
1815 2908 1830 2940 τ
1879 2889 2032 2939 Anno
2082 2899 2194 2939 tan-

1179 2981 1280 3020 tum
1318 2968 1443 3019 1682
1465 3008 1478 3031 ,
1509 2973 1660 3037 inquit
1678 3008 1691 3031 ,
1723 2987 1868 3019 novos
1896 2971 1952 3019 de
1969 2988 2193 3020 romano-

1179 3069 1291 3101 rum
1324 3052 1618 3116 Pontificum
1647 3051 1998 3116 infallibilitate
2025 3070 2195 3104 sensus

1182 3134 1349 3182 induit
1383 3133 1537 3182 clerus
1561 3132 1860 3198 qallicanue‚
1893 3143 1936 3182 et
1971 3124 2030 3183 ab
2060 3141 2193 3186 avita

1184 3233 1380 3265 suorum
1398 3216 1616 3264 doctrina
1638 3215 1827 3280 deflexit
1840 3251 1856 3278 ‚
1885 3216 2001 3265 dum
2023 3217 2191 3266 solem-

1184 3315 1294 3347 nem
1323 3299 1381 3348 de
1399 3298 1715 3347 ecclesiastica
1731 3306 1960 3365 potestate
1984 3300 2196 3348 deelara-

1184 3382 1360 3429 tionem
1405 3383 1463 3429 in
1497 3381 1710 3429 comitiis
1750 3380 2052 3445 qeneralibus
2087 3381 2192 3430 edi-

1186 3462 1318 3512 dit...
1355 3460 1439 3511 En
1470 3464 1688 3527 primam
1721 3464 1937 3528 antiquae
1968 3462 2197 3511 doctrinm

1179 3544 1236 3592 de
1264 3560 1383 3592 rom.
1419 3544 1709 3607 Pontificum
1740 3542 2088 3610 infallibilitate
2112 3543 2196 3592 de-

1183 3628 1434 3675 sertionem
1445 3663 1460 3687 ,
1473 3625 1671 3692 publico
1689 3626 1810 3676 cleri
1820 3627 2014 3677 nomine
2030 3624 2197 3674 solem-

1188 3709 1314 3758 niter
1335 3709 1582 3776 factam...
1604 3708 1692 3758 En
1718 3724 1830 3758 vera
1860 3717 2077 3773 certaque
2097 3723 2208 3756 mu-

1892 3787 1968 3846 33
