2514 4218
2097 188 2221 250 481

341 208 498 249 PART.
544 210 585 245 1.
635 209 785 247 SECT.
829 208 893 246 11.
944 209 1067 248 CAR*
1114 208 1202 248 111.
1252 209 1320 247 DE
1367 208 1500 248 ΝΔΤ.
1549 210 1616 247 m·
1659 209 1785 253 mn.
1829 208 1983 248 Pam.

102 347 238 408 fidei
263 347 492 409 decreta
521 347 811 429 suscipere
836 369 901 407 ac
931 350 1199 409 venerari
1243 350 1328 409 uti
1361 346 1689 409 infallibilia
1739 371 1841 410 seu
1886 351 2221 411 irretracta-

101 442 284 503 bilia?
316 444 452 517 Haec
486 442 643 500 enim
665 487 681 517 ,
719 443 806 501 uti
833 443 1236 518 ostendimus,
1279 444 1402 504 vim
1443 442 1668 503 habent
1705 465 1780 504 ex
1821 466 1883 504 se
1925 444 2224 526 obligandi

104 560 338 597 omnem
377 536 718 612 Ecclesiam,
749 538 828 596 ita
870 549 938 596 ut
956 537 1120 596 nullo
1163 538 1341 598 modo
1381 539 1565 621 possit
1604 539 1887 622 suspendi
1921 562 2221 618 assensus,

104 634 286 693 donec
314 632 545 692 accedat
585 634 900 714 acceptatio
941 633 1118 691 totius
1162 632 1446 692 Ecclesiae.
1477 632 1647 693 Addo
1666 679 1681 708 ,
1729 635 1853 694 fieri
1879 656 2000 693 non
2019 655 2188 716 posse
2209 682 2226 713 ,

103 739 174 788 ut
204 727 447 794 Ecclesia
469 727 808 787 adversetur
830 727 1085 787 Concilio
1113 725 1373 807 legitimo
1399 729 1761 788 oecumenico
1779 774 1795 803 ,
1828 727 1988 810 quod
2010 750 2231 812 reprae-

105 834 298 882 sentat
313 821 621 882 Ecclesiam
649 823 865 904 ipsam,
900 821 1158 903 alioquin
1193 821 1301 880 sibi
1336 823 1447 904 ipsi
1467 822 1912 899 adversaretur,
1941 824 2100 906 quod
2139 836 2228 886 est

104 917 421 976 absurdum
469 929 530 976 et
564 928 762 976 contra
808 916 1254 999 pollicitationes
1299 916 1536 975 Christi.
1581 916 1750 990 Quod
1785 916 2027 977 demum
2070 941 2231 1001 spec-

103 1023 191 1071 tat
227 1011 300 1070 ad
328 1011 457 1071 illos
492 1012 790 1092 theologos
821 1031 1136 1082 romanos,
1184 1033 1330 1093 quos
1368 1011 1734 1072 adversarius
1772 1033 1844 1071 ex
1881 1014 2231 1076 auctoritate

103 1108 393 1169 Bouvierii
419 1117 837 1167 commemorat
855 1150 872 1181 ,
901 1126 1010 1164 nec
1042 1107 1167 1165 sine
1202 1105 1394 1189 aliqua
1421 1105 1767 1167 infidelitate
1797 1106 1911 1188 (l),
1944 1108 2075 1168 illos
2102 1131 2228 1170 non

102 1225 436 1277 moramur3
479 1225 613 1262 cum
645 1202 821 1262 iidem
844 1222 966 1259 non
1005 1201 1125 1260 sint
1143 1205 1420 1276 romani,
1450 1200 1553 1261 sed
1595 1201 1690 1261 vel
1723 1204 2059 1280 janseniani
2080 1250 2095 1280 ,
2137 1205 2236 1266 vel

104 1298 180 1357 de
199 1299 657 1376 jansenianismo
693 1296 982 1378 suspecti,
1019 1317 1166 1377 quos
1189 1317 1379 1378 nuper
1415 1295 1866 1356 confutavimus.
1920 1297 2056 1358 Ideo
2083 1301 2235 1360 Jan-

105 1393 328 1452 seniani
354 1392 465 1452 hoc
487 1392 760 1471 effugium
789 1390 1223 1470 excogitarunt,
1254 1400 1320 1449 ut
1338 1434 1356 1465 ,
1382 1390 1430 1448 si
1451 1389 1808 1465 Concilium,
1841 1391 1919 1451 ad
1947 1394 2106 1475 quod
2135 1417 2236 1479 ap-

101 1487 424 1571 pellarunt,
444 1485 833 1547 celebraretur
849 1531 866 1559 ,
889 1496 1132 1568 possent
1152 1489 1276 1563 ejus
1300 1482 1536 1544 eludere
1558 1485 1968 1546 auctoritatem
1991 1532 2008 1562 ,
2032 1489 2232 1570 prouti

104 1582 338 1646 eludere
381 1578 570 1642 adnisi
615 1592 754 1660 sunt
797 1581 1243 1641 constitutiones
1287 1580 1614 1663 pontificias
1639 1625 1655 1655 ,
1707 1573 1770 1639 a‘
1791 1580 2003 1662 quibus
2060 1584 2230 1646 toties

105 1678 365 1738 damnati
397 1687 538 1736 sunt
575 1686 750 1759 atque
785 1676 1020 1759 protriti
1052 1676 1163 1759 (2).

175 1899 240 1964 (l)
277 1897 384 1947 Dixi
407 1934 420 1957 ,
438 1915 534 1946 non
556 1899 657 1946 sine
672 1896 831 1963 aliqua
847 1895 1124 1945 infidelitate

107 1983 423 2030 auctoritatem
436 1979 498 2028 cl.
516 1976 937 2038 Bouvieriiafferri,
964 1977 1022 2026 ab
1042 1978 1125 2026 ad-

110 2064 341 2124 versari03
382 2078 492 2108 nam
531 2063 628 2125 ipse
665 2062 731 2108 sic
767 2059 906 2108 refert
935 2060 1126 2124 perinde

108 2162 163 2193 ac
185 2146 222 2191 si
237 2144 315 2192 ille
330 2142 510 2191 dixisset
530 2178 543 2201 ,
573 2142 752 2207 aliquos
773 2141 1011 2207 theologos
1028 2145 1127 2207 opi-

108 2227 225 2285 nari,
242 2224 462 2272 Ecclesiae
492 2223 872 2288 approbationem
889 2232 1033 2271 totam
1049 2241 1127 2272 au·

113 2309 370 2355 ctoritatem
403 2304 612 2353 Concilio
643 2306 842 2369 generali
888 2305 1124 2366 tribuere;

111 2397 180 2437 ast
210 2384 330 2435 illud
355 2395 498 2435 totam
531 2386 589 2435 de
617 2402 700 2434 suo
731 2386 900 2453 adjecit
925 2385 1125 2435 Palmer.

110 2469 209 2518 Cfr.
236 2469 343 2518 edit.
358 2468 501 2519 Paris.
525 2465 675 2531 1834,
699 2479 809 2517 tom.
824 2485 868 2530 1,
888 2486 990 2535 pag.
1005 2467 1121 2518 353.

112 2550 326 2600 Ceterum
352 2550 550 2599 Bouvier
578 2568 674 2599 non
716 2553 807 2616 agit
837 2553 928 2599 nisi
966 2551 1024 2599 de
1046 2569 1129 2599 au-

113 2636 324 2681 ctoritate
360 2618 613 2681 extrinseca
643 2670 656 2693 ,
691 2643 744 2680 ut
770 2642 895 2698 patet
931 2643 1032 2680 tum
1071 2648 1126 2681 ex

117 2715 348 2765 solutione
373 2718 516 2764 tertiae
546 2714 818 2781 objectionis
836 2754 850 2776 ,
868 2715 950 2765 ubi
977 2717 1088 2765 dicit
1111 2733 1126 2764 :

115 2798 178 2864 19
184 2801 281 2847 itur
288 2798 341 2846 E
342 2797 521 2846 cclesiae
532 2801 790 2864 acceptatio
803 2800 1129 2846 auctoritatem

117 2879 330 2932 Concilio
355 2897 452 2928 non
477 2880 681 2942 tribuit5
710 2891 813 2930 tum
843 2884 895 2929 in
921 2882 1010 2930 loc.
1043 2879 1126 2930 cit.

117 2963 175 3011 ab
206 2965 463 3012 adversario
482 3002 499 3023 ,
525 2962 609 3011 ubi
639 2973 743 3027 post
776 2966 963 3011 recitata
995 2962 1130 3011 verba

117 3048 380 3096 immediate
412 3047 567 3095 subdit
589 3043 692 3096 :At
713 3062 858 3110 qrave
873 3047 1133 3094 incommo-
1180 3043 1181 3046 ’

116 3127 232 3174 dum
253 3129 366 3176 inde
391 3145 490 3176 non
509 3129 728 3193 sequitur
740 3145 760 3189 ‚-
772 3143 890 3174 nam
913 3126 1000 3174 ubi
1016 3142 1132 3173 con-

117 3207 262 3256 stabit
278 3243 292 3269 ,
317 3209 592 3260 Concilium
616 3208 813 3274 aliquod
836 3218 892 3256 ut
914 3206 1133 3273 qenerale

118 3290 178 3339 ab
208 3289 426 3340 Ecclesia
453 3292 607 3356 fuisse
644 3301 883 3358 receptum
910 3329 923 3352 ,
953 3299 1134 3339 certum

120 3374 240 3432 erit,
274 3374 431 3438 ipsius
469 3374 655 3422 decreta
683 3391 780 3423 esse
811 3374 868 3422 de
897 3373 1009 3438 fide.
1050 3372 1135 3421 His

119 3464 275 3503 tamen
291 3453 511 3518 theologis
527 3472 610 3503 nos
625 3458 817 3505 minime
836 3458 1131 3505 assentimur.

197 3537 263 3601 (2)
301 3538 450 3601 Atque
504 3536 611 3585 haec*
655 3537 876 3588 hactenus
923 3538 1137 3590 adversus

120 3619 307 3668 Palmer
316 3653 332 3679 ‚
353 3618 522 3666 frustra
537 3619 864 3669 catholicorum
878 3620 1137 3669 doctrinam

121 3712 379 3766 pervertere
444 3711 686 3751 conantem
714 3740 728 3764 ,
782 3712 836 3751 ut
888 3702 1139 3769 desperatae

289 3784 354 3841 T.
405 3783 553 3841 VIII.

1207 1911 1355 1944 causae
1369 1911 1462 1944 suae
1478 1895 1808 1962 undecumque
1820 1897 2087 1962 praesidium
2106 1916 2232 1966 quae-
2305 1888 2308 1892 ⁸

1209 1987 1295 2027 rat.
1313 1978 1434 2026 Cum
1454 1994 1562 2026 vero
1580 1976 1639 2026 de
1656 1981 1898 2027 recentiori
1919 1980 2078 2029 schola
2097 1981 2238 2031 theo-

1210 2060 1361 2125 logica
1412 2058 1663 2108 Oxoniensi
1716 2059 1971 2109 identidem
2023 2062 2165 2110 fuerit
2211 2082 2238 2113 a

1209 2141 1346 2189 nobis
1375 2151 1530 2190 actum
1550 2176 1564 2203 ,
1599 2156 1705 2207 quae
1723 2141 1819 2199 illi,
1850 2141 1964 2189 dum
1997 2142 2096 2191 haec
2128 2143 2238 2192 vul-

1209 2241 1402 2289 gamus,
1447 2224 1590 2271 tristia
1635 2238 1746 2271 sane
1785 2224 1878 2270 fata
1916 2225 2234 2289 impendant,

1206 2307 1376 2371 juverit
1387 2303 1701 2354 referre01nter
1721 2306 1886 2369 scripta
1904 2305 1983 2353 illa
2003 2322 2105 2371 quae
2119 2306 2233 2357 inde

1208 2387 1490 2453 Jampridem
1524 2385 1777 2451 prodeunt,
1804 2385 1891 2434 sub
1918 2387 2052 2435 titulo
2073 2385 2118 2436 T
2114 2397 2241 2438 racto

1204 2468 1287 2532 for
1315 2468 1392 2516 the
1431 2467 1599 2517 Times
1620 2503 1636 2527 ,
1671 2467 1858 2516 extabat
1883 2468 1969 2516 sub
2000 2485 2137 2518 num.
2165 2485 2232 2537 90

1211 2558 1433 2599 tractatus
1450 2550 1643 2616 quidam
1658 2551 1900 2598 continens
1920 2548 2235 2599 Observanda

1212 2649 1358 2698 super
1388 2650 1524 2681 xxx1x
1554 2633 1761 2680 articulis
1779 2670 1793 2692 ‚
1823 2632 1906 2680 ubi
1930 2634 2110 2681 articuli
2129 2636 2234 2693 isti,

1213 2715 1460 2779 anglicanae
1480 2714 1587 2762 fidei
1605 2713 2011 2780 propugnaculum
2026 2751 2039 2773 ‚
2064 2717 2126 2762 ita
2150 2732 2233 2763 ex-

1213 2798 1524 2862 planabantur
1553 2805 1604 2844 ut
1637 2798 1695 2844 ad
1727 2796 1965 2845 meliorem
1987 2798 2238 2861 quemdam

1214 2898 1401 2928 sensum
1417 2917 1430 2939 .,
1458 2881 1695 2944 magisque
1714 2896 1740 2926 a
1758 2881 2117 2943 protestantismi
2138 2879 2238 2944 pla·

1215 2965 1315 3012 citis
1356 2963 1680 3011 abhorrentem
1717 2961 2091 3024 pertraherentur
2110 2999 2124 3022 ,
2169 2973 2237 3011 at-

1216 3062 1307 3110 que
1340 3045 1431 3093 hoc
1465 3054 1648 3092 tantum
1696 3043 1834 3091 modo
1869 3042 1960 3090 illis
2002 3043 2240 3093 subscribi

1215 3143 1345 3190 posse
1372 3125 1758 3174 contendebatur.
1788 3122 1846 3171 At
1877 3126 2004 3172 enim
2036 3128 2229 3174 univer-

1218 3208 1364 3255 sitatis
1402 3207 1676 3255 Oxoniensis
1728 3214 1928 3254 rectores
1945 3243 1959 3266 ,
2006 3217 2235 3272 quotquot

1216 3299 1351 3350 sunt,
1374 3290 1570 3339 solemni
1590 3287 1746 3336 habita
1761 3291 2110 3349 convocatione,
2137 3290 2235 3336 edi.-

1218 3380 1360 3438 toque
1377 3370 1436 3419 ab
1459 3374 1557 3437 ejus
1575 3367 1998 3418 viee-Cancellario
2022 3371 2204 3417 decreto
2218 3406 2233 3430 ,

1218 3455 1438 3517 scriptum
1474 3452 1565 3499 hoc
1609 3453 1873 3516 nuperrime
1917 3452 2231 3512 damnarunt,

1220 3546 1379 3601 utpote
1420 3536 1546 3603 quod
1585 3533 1671 3600 (ut
1708 3538 1839 3583 aiunt
1870 3534 2107 3598 expresse)
2141 3551 2237 3582 non

1221 3618 1501 3683 explanatio,
1539 3617 1615 3666 sed
1634 3619 1782 3666 erasio
1798 3617 1982 3664 illorum
2008 3617 2234 3664 articulo-

1220 3717 1326 3753 rum
1370 3710 1517 3764 esset,
1560 3699 1792 3752 erroribus
1822 3706 2043 3760 scateret,
2080 3707 2126 3749 et
2153 3716 2240 3749 an-

1885 3777 1998 3836 ,31‘
