2514 4218
315 174 437 236 358
941 193 1139 231 macr.
1188 195 1255 230 ns
1300 194 1450 232 Locis
1499 195 1877 234 ranetootms.

402 342 540 400 528.
589 343 764 423 Resp.
795 338 884 399 Ad
912 341 991 397 1¹¹¹
1011 383 1029 415 ,
1055 338 1212 398 Disc.
1238 338 1439 397 Patres
1470 337 1706 414 docent,
1727 339 2025 400 Christum
2053 339 2245 402 claves
2273 340 2463 401 Eccle-

318 439 413 497 siae
459 436 724 511 dedisse,
768 434 831 493 id
878 445 997 509 est,
1036 434 1101 493 in
1144 438 1267 511 ejus
1301 432 1679 492 commodum
1710 446 1770 493 et
1808 436 2126 497 utilitatem
2150 483 2165 511 ,
2218 458 2354 507 seu,
2393 447 2461 495 ut

317 533 514 593 schola
552 533 844 614 loquitur,
874 532 1182 610 finaliter,
1226 550 1426 597 eone&
1457 530 1692 611 proprie
1719 541 1779 588 et
1807 534 2192 609 formaliter,
2221 555 2353 613 neq.
2380 532 2460 590 Ut

317 641 516 689 autem
566 631 813 687 Patrum
858 637 1125 699 veterum
1167 647 1338 684 mens
1380 626 1746 700 innotescat,
1796 624 1938 684 dnm
1973 627 2135 686 illam
2177 627 2457 710 loquendi

318 725 609 785 rationem
653 734 1052 804 usurparunt,
1082 721 1655 782 animadvertendus·
1690 732 1779 781 est
1827 743 2036 804 scopus
2062 769 2078 799 ,
2129 746 2308 805 quem
2350 723 2459 783 sibi

317 831 777 905 proposuerunt.
830 821 1010 878 Porro
1051 820 1251 902 Patres
1285 863 1301 892 ,
1346 818 1447 899 qui
1482 815 1651 876 nobis
1690 817 2075 896 oinciuntur,
2132 821 2195 877 in
2237 841 2305 879 eo
2350 824 2459 882 toti

319 929 522 994 erant,
558 929 626 975 ut
645 916 1142 976 Montanistarum
1165 927 1225 974 et
1248 915 1714 973 Novatianorum
1747 936 2006 975 errorem
2021 914 2457 994 convellerent3

317 1036 452 1075 cum
491 1014 653 1073 enim
697 1013 795 1071 isti
841 1011 1099 1071 haeretici
1135 1021 1454 1090 negarent,
1491 1010 1804 1070 Ecclesiam
1847 1010 2066 1071 habere
2104 1022 2461 1094 potestatem

280 1133 282 1135 '
318 1108 656 1170 dimittendi
690 1109 953 1189 graviora
987 1108 1231 1166 crimina
1254 1153 1269 1182 ,
1309 1105 1781 1176 contendebant,
1807 1119 2165 1189 potestatem
2203 1109 2460 1172 clavium

316 1206 519 1266 datam
557 1208 732 1266 Petro
762 1216 822 1264 et
866 1204 1152 1284 Apostolis
1177 1204 1351 1262 fuisse
1374 1205 1802 1282 personaliter,
1848 1215 1915 1262 ut
1941 1202 2202 1286 loquitur
2234 1207 2462 1266 Tertul-

314 1303 542 1379 lianUS,
581 1324 647 1362 ac
674 1313 984 1385 propterea
1023 1322 1155 1359 cum
1185 1302 1446 1382 ipsorum
1483 1298 1648 1358 obitu
1683 1321 1951 1359 cessasse.
1996 1302 2085 1360 En
2114 1302 2460 1363 Tertulliani

315 1398 497 1459 verba
557 1421 571 1457 :
613 1400 689 1457 Si
740 1401 892 1477 quia
934 1398 1100 1455 dimit
1143 1397 1323 1455 Petro
1369 1397 1675 1455 Dominus
1717 1418 1904 1476 super
1941 1398 2100 1456 hanc
2139 1408 2457 1476 petram...

313 1498 518 1576 qualis
554 1516 630 1572 es,
664 1505 925 1553 evertens
954 1505 1130 1572 atque
1159 1503 1540 1551 commutans
1561 1496 1957 1572 manifestam
1981 1496 2241 1553 Domini
2261 1498 2462 1555 inten-

312 1594 534 1650 tionem
557 1591 960 1670 personaliter
997 1589 1103 1647 hoc
1141 1591 1318 1648 Petro
1353 1591 1755 1666 conferentem
1787 1589 1921 1668 (l)‘?
1958 1589 2039 1650 Ut
2065 1591 2242 1670 igitur
2259 1613 2320 1651 se
2344 1591 2458 1651 illis

313 1697 720 1769 opponerent,
757 1684 1085 1744 docuerunt
1105 1731 1121 1756 ,
1169 1696 1526 1766 potestatem
1554 1683 1805 1748 clavium
1838 1686 2014 1747 fuisse
2040 1686 2314 1748 collatam
2353 1690 2461 1748 Ec-

311 1783 499 1843 clesiae
529 1783 592 1842 in
632 1803 883 1865 persona
923 1779 1374 1864 Apostolorum,
1417 1792 1476 1840 et
1507 1781 1799 1863 Apostolis
1841 1783 1906 1841 in
1948 1805 2199 1866 persona
2256 1786 2454 1860 Petri3

312 1881 675 1955 docuerunt,
705 1883 946 1939 Petrum
973 1890 1421 1961 repraesentasse
1450 1877 1757 1958 collegium
1790 1881 2176 1961 apostolicum
2199 1927 2213 1949 ,
2236 1893 2295 1941 et
2319 1883 2461 1962 figu-

310 1999 441 2038 ram
477 1977 717 2058 gessisSe
759 1974 1021 2036 Ecclesiae
1043 2021 1058 2051 ,
1105 1997 1239 2034 cum
1277 1975 1500 2056 accepit
1538 1974 1730 2035 claves
1773 1976 1940 2056 regni
1975 1976 2281 2036 coelorum.
2319 1979 2460 2051 Quae

315 2074 555 2155 quidem
587 2072 758 2132 effata
799 2094 867 2132 eo
904 2071 1162 2131 tendunt
1180 2117 1195 2146 ,
1223 2082 1290 2130 ut
1315 2069 1614 2145 indicent,
1640 2081 1995 2152 potestatem
2013 2072 2188 2130 istam
2205 2071 2281 2130 ad
2303 2074 2461 2132 Petri

311 2181 491 2253 atque
528 2168 948 2253 Apostolorum
993 2190 1352 2229 successores
1387 2167 1716 2244 transiisse,
1748 2188 1854 2226 seu
1895 2169 2071 2227 Petro
2107 2167 2299 2229 claves
2337 2189 2461 2229 esse

310 2265 554 2326 collatas
583 2286 719 2325 cum
747 2271 902 2344 jure
943 2266 1249 2339 tradzceiS,
1281 2275 1349 2322 ut
1377 2262 1821 2322 contendebant
1861 2263 2146 2323 Catholici
2178 2263 2459 2325 adversus

310 2361 771 2439 Tertullianum,
843 2368 1159 2445 postquam
1215 2363 1280 2420 in
1338 2362 1830 2420 Montanistarum
1877 2349 2143 2422 haeresim
2200 2361 2461 2444 dilapsus

308 2470 460 2519 esset
487 2457 608 2538 (2),
653 2479 789 2517 cum
833 2457 908 2517 ad
943 2457 1213 2518 Ecclesiae
1246 2456 1473 2516 bonum
1510 2458 1613 2516 has
1656 2458 1848 2518 claves
1893 2458 2156 2517 Christus
2195 2459 2373 2518 Petro
2399 2469 2460 2517 et

308 2554 603 2637 Apostolis
633 2553 970 2614 contulerit.
1013 2556 1094 2613 Ex
1130 2576 1332 2614 eorum
1362 2553 1612 2636 proinde
1640 2566 1874 2630 mente,
1912 2576 2034 2613 non
2065 2575 2216 2612 unus
2251 2555 2461 2614 Petrus

305 2662 367 2713 et
392 2650 652 2734 Apostoli
677 2662 1034 2733 acceperunt
1063 2650 1237 2710 hasce
1268 2650 1489 2725 claveS,
1514 2672 1715 2711 verum
1738 2652 1915 2709 etiam
1946 2649 2222 2727 Ecclesia,
2246 2649 2307 2710 id
2337 2660 2455 2725 est,

307 2766 518 2829 corpus
548 2747 971 2828 Episcoporum
991 2791 1007 2821 ,
1051 2757 1117 2805 ut
1150 2768 1256 2829 per
1286 2768 1384 2807 eas
1421 2746 1676 2806 filiorum
1711 2769 1953 2806 suorum
1979 2747 2255 2823 crimina,
2293 2768 2457 2830 quae·

314 3037 374 3098 14
406 3046 452 3085 et
481 3035 541 3087 15
560 3073 574 3097 ,
610 3036 787 3104 quibus
820 3046 969 3085 totum
998 3034 1331 3085 Richerianum
1414 3047 1557 3085 classe
1574 3038 1774 3102 priorem
1801 3038 2078 3084 sententiam
2101 3071 2116 3098 ,
2134 3035 2192 3084 de
2206 3034 2453 3085 collatione

305 3126 509 3183 systema
540 3122 635 3184 ipse
664 3119 851 3169 evolvit.
1414 3119 1616 3169 clavium
1635 3120 1756 3168 facta
1776 3117 1911 3167 Petro
1929 3118 2202 3167 immediate
2218 3138 2243 3167 a
2261 3118 2450 3167 Christo

377 3199 443 3263 (l)
484 3200 566 3248 De
593 3202 809 3267 pudicit.
840 3220 944 3268 cap.
989 3217 1073 3264 21,
1102 3201 1216 3249 edit.
1249 3200 1333 3249 Ri-
1416 3202 1648 3262 Domino,
1691 3202 1772 3250 sed
1810 3202 1994 3263 solum,
2034 3213 2278 3268 postquam
2310 3201 2449 3251 Mon·-

302 3281 400 3348 gal.
433 3300 480 3346 p.
509 3280 627 3348 574.
1415 3289 1584 3333 tanista
1626 3285 1820 3334 effectus
1856 3295 1956 3344 est,
1991 3295 2288 3345 retractasse,
2320 3286 2447 3351 quod

369 3363 458 3427 (2).
483 3363 584 3413 Cfr.
614 3365 787 3416 Christ.
813 3367 971 3433 Lupus
991 3405 1003 3428 ,
1024 3369 1073 3416 in
1097 3385 1203 3417 can.
1229 3383 1329 3417 xix,
1415 3378 1548 3417 antea
1585 3367 1899 3428 adstruxerat,
1949 3367 2138 3416 collatas
2175 3386 2272 3416 esse
2313 3366 2446 3416 Petro

300 3448 496 3494 Dz'ctati
530 3449 687 3495 saneti
732 3446 959 3515 Greqorii
996 3467 1060 3498 vu
1086 3488 1100 3510 ,
1133 3460 1221 3498 art.
1267 3447 1330 3512 4,
1416 3450 1564 3498 claves
1601 3467 1707 3498 cum
1738 3447 1839 3514 jure
1877 3451 2112 3511 traducis,
2149 3454 2214 3498 ita
2246 3460 2297 3498 ut
2337 3468 2442 3498 mo-

299 3528 378 3576 ubi
417 3530 631 3594 patefacit
659 3529 831 3579 malam
872 3532 1072 3599 Launoji
1111 3531 1252 3580 fidem
1283 3535 1333 3580 in
1416 3534 1562 3581 riente
1595 3532 1730 3580 Petro
1774 3536 2042 3582 transierint
2075 3536 2225 3583 claves
2252 3534 2307 3582 ad
2344 3537 2446 3600 ejus

297 3613 551 3663 referendis
565 3613 839 3663 Tertulliani
857 3619 1155 3678 testimoniis,
1174 3627 1327 3665 osten·
1412 3632 1710 3664 successores.
1741 3614 1863 3682 Opp.
1904 3618 2014 3666 edit.
2055 3616 2222 3667 Venet.
2249 3625 2369 3666 tom.
2392 3632 2437 3676 v,

297 3694 459 3761 ditque
480 3734 493 3757 ,
529 3714 772 3764 nunquam
810 3697 1154 3749 Tertullianum
1196 3709 1329 3748 retra·
1413 3714 1517 3765 pag.
1546 3696 1646 3765 289
1678 3710 1723 3748 et
1754 3718 1883 3767 seqq.
