2514 4218
2069 227 2146 286 93

494 253 651 290 Pan‘r.
694 253 735 290 1.
784 251 903 288 CAP.
949 251 1032 288 111.
1079 252 1147 286 DE
1189 249 1455 288 ECGLESIAE
1497 249 1672 287 nous.

65 408 123 457 et
171 393 457 455 charitatis
490 412 591 450 seu
623 391 1043 450 communionis
1081 390 1270 449 unitas
1308 400 1432 448 tum
1479 389 1543 447 in
1583 385 1859 447 membris
1908 388 2146 470 singulis

63 504 189 550 tum
223 491 285 548 in
310 497 433 546 toto
465 506 701 567 corpore
736 484 937 545 haberi
954 484 1144 566 ‘possit
1178 495 1237 543 et
1277 482 1622 544 conservari.
1659 483 2026 564 Quapropter
2047 483 2147 544 illa

62 585 177 644 sola
213 582 402 641 unitas
448 602 552 640 ceu
594 590 731 639 nota
774 600 925 641 verae
968 577 1182 636 Christi
1221 578 1478 637 Ecclesiae
1526 575 1727 635 haberi
1764 574 1970 649 debet,
2017 598 2148 658 quae

61 689 369 757 utrumque
398 674 830 757 complectitur,
864 672 1150 732 unitatem
1183 671 1396 732 scilicet
1434 669 1569 730 fidei
1600 682 1658 730 et
1686 670 2108 729 communionis
2127 715 2146 745 ‚

61 793 191 831 cum
228 770 419 830 medio
455 771 666 830 idoneo
707 790 835 828 eam
875 763 1233 848 producendi
1272 775 1332 823 et
1359 766 1577 844 jugiter
1613 763 2013 825 conservandi.
2067 766 2150 826 Ex

61 887 174 947 quo
200 866 415 947 pariter
434 863 688 944 legitime
714 862 960 921 infertur
982 903 999 932 ‚
1029 879 1124 917 eas
1147 858 1446 917 societates
1470 880 1591 917 non
1617 880 1783 939 posse
1812 859 2055 941 spectari
2080 870 2149 919 ut
2231 890 2235 896 ·

62 981 226 1022 veras
264 944 470 1019 Christi
506 957 812 1029 Ecclesias‚
852 974 981 1034 quae
1020 951 1301 1030 ejusmodi
1339 962 1475 1010 nota
1514 952 1805 1013 destitutae
1829 965 1966 1013 sunt
1994 954 2102 1035 (l).

715 1102 807 1155 DE
841 1101 1023 1156 NOTA
1057 1057 1504 1156 SANCTITATIS.

146 1248 283 1307 160.
330 1245 701 1308 sanctitatem
742 1252 946 1301 notam
995 1262 1117 1302 esse
1153 1262 1307 1304 verae
1360 1242 1618 1303 Ecclesiae
1641 1288 1657 1317 ,
1693 1263 1869 1304 nemo
1916 1257 2004 1306 est
2049 1248 2150 1329 qui

64 1342 333 1422 ambigat.
369 1340 623 1401 Christus
651 1338 810 1397 enim
844 1336 1009 1398 venit
1054 1337 1119 1395 in
1157 1336 1315 1396 hunc
1358 1338 1649 1417 mundum
1697 1349 1756 1398 et
1790 1361 1990 1421 passus
2028 1351 2148 1417 est,

62 1449 127 1496 ut
167 1440 334 1496 illam
361 1432 747 1514 (Ecclesiam)
768 1434 1166 1511 sanctificaret
1196 1431 1313 1512 (2),
1344 1443 1403 1491 et
1433 1431 1606 1512 elegit
1626 1455 1734 1492 nos
1754 1478 1771 1509 a
1803 1445 1877 1493 ut
1900 1432 2153 1496 essemus

61 1535 259 1592 sancti
279 1541 335 1589 et
365 1530 754 1588 immaculati
791 1525 878 1607 (3)
906 1572 922 1602 ,
955 1549 1057 1587 seu
1090 1527 1253 1586 dedit
1285 1529 1665 1606 semetipsum
1693 1548 1811 1607 pro
1853 1531 2053 1600 nohis,
2083 1540 2157 1590 ut

61 1647 166 1685 noe
191 1625 503 1685 redimeret
540 1625 619 1682 ab
654 1627 825 1681 omni
866 1625 1217 1701 iniquitate,
1252 1632 1308 1680 et
1343 1623 1662 1681 mundaret
1697 1624 1820 1682 sibi
1851 1629 2154 1703 populum

59 1721 506 1799 acceptabilem,
529 1728 863 1777 sectatorem
889 1719 1180 1777 bonorum
1201 1737 1446 1797 operum
1467 1717 1576 1797 (4).
1601 1718 1708 1777 Hic
1728 1718 1888 1787 enim
1911 1730 1999 1779 est
2020 1719 2152 1779 finis

59 1814 356 1896 proximus
377 1824 437 1873 et
464 1811 833 1872 immediatus
849 1855 867 1886 ‚
901 1833 1077 1893 quem
1100 1810 1208 1869 sibi
1235 1811 1592 1894 Redemptor
1613 1823 1811 1873 noster
1847 1815 2154 1895 proposuit

58 1908 120 1966 in
135 1929 236 1975 sua
251 1906 493 1967 Ecclesia
508 1906 884 1966 instituenda.
905 1908 1024 1966 Nec
1047 1905 1165 1965 ulla
1185 1918 1336 1966 secta
1354 1918 1460 1981 est,
1484 1928 1614 1989 quae
1637 1929 1758 1966 non
1782 1909 2147 1991 profiteatur,

61 2001 365 2062 Ecclesiam
404 2001 616 2062 Christi
652 2011 911 2060 sanctam
939 2021 1061 2060 esse
1098 2000 1207 2081 (5).
1242 2001 1560 2060 Difficultas
1581 2047 1597 2076 .‚
1641 2002 1687 2060 si
1712 2024 1826 2084 qua
1859 2013 1981 2078 est,
2016 2025 2183 2082 ver--

59 2104 216 2155 satur
245 2097 392 2155 circa
416 2095 677 2172 modum,
695 2115 811 2177 quo
841 2095 965 2155 haec
985 2105 1333 2177 nota‚prout
1362 2094 1604 2156 visibilis
1636 2107 1724 2177 est
1744 2142 1760 2170 .,
1793 2098 2153 2157 internosca-

60 2199 177 2249 tur.
200 2189 349 2249 Cum
373 2210 511 2252 vero
543 2190 978 2250 communiones
1011 2210 1213 2251 omnes
1227 2233 1249 2263 ,
1277 2190 1398 2253 sive
1432 2190 1640 2250 merito
1678 2191 1800 2253 sive
1822 2192 2148 2268 immerito,

131 2405 196 2469 (1)
225 2406 325 2454 Hoc
356 2408 492 2455 etiam
530 2408 711 2470 agnovit
740 2414 784 2455 et
828 2408 973 2456 fassus
1003 2419 1071 2457 est
1148 2410 1283 2473 paulo
1342 2420 1468 2480 post.
1490 2427 1717 2475 exponam
1762 2409 1906 2478 hujus
1954 2417 2152 2464 auctoris

61 2485 257 2546 Palmer,
270 2489 320 2533 in
335 2503 393 2550 op
410 2489 490 2535 cit.
510 2497 624 2551 part.
645 2503 680 2547 1,
702 2503 804 2551 cap.
824 2484 870 2550 4,
885 2498 998 2537 sect.
1016 2503 1067 2549 2,
1147 2490 1390 2554 anglicani.

60 2566 141 2615 ubi
183 2569 232 2615 in
274 2568 479 2616 conclus.
513 2586 562 2616 n.
603 2584 631 2615 2
656 2603 670 2627 ,
706 2570 861 2617 scribit
900 2586 914 2617 ε
943 2567 1067 2632 Quo.

61 2648 194 2696 niam
220 2647 356 2696 Deus
375 2651 602 2715 praecepit
632 2649 860 2697 unitatem
890 2650 941 2697 in
969 2649 1068 2700 Ec-

59 2729 204 2779 clesia
234 2746 322 2779 sua
339 2769 352 2791 ‚
381 2740 430 2779 et
443 2733 672 2796 quoniam
703 2731 928 2781 Christus
950 2733 1068 2782 adeo

60 2828 165 2861 eam
205 2814 383 2878 optavit
415 2822 461 2861 et
496 2817 651 2862 oravit
673 2814 766 2878 pro
804 2816 911 2880 ipsa
931 2853 944 2875 ‚
988 2832 1066 2864 ne·

62 2896 265 2942 cessario
305 2896 517 2959 sequitur
536 2933 550 2946 .
578 2896 702 2960 quod
729 2898 832 2961 ipse
855 2896 1070 2945 debuerit

61 2975 218 3025 media
248 2977 551 3043 suppeditare
591 2979 656 3026 ad
677 2978 800 3026 hanc
835 2981 1067 3028 unitatem

66 3058 348 3106 servandam
377 3078 390 3121 ς
423 3059 616 3123 ideoque
643 3059 769 3124 quod
802 3062 960 3108 omnis
993 3078 1067 3110 80-

63 3138 207 3186 cietas
229 3176 243 3198 ‚
296 3156 401 3204 quae
434 3140 590 3188 media
622 3156 718 3188 non
743 3140 954 3205 possidet
1000 3142 1065 3190 ad

69 3219 346 3267 servandam
371 3222 601 3270 unitatem
623 3223 992 3283 communionis,
1018 3232 1064 3271 et

64 3299 201 3360 qu‘uc
240 3302 489 3368 principia
528 3303 913 3367 fundamentalia
956 3321 1062 3352 eam

5 3406 10 3411 ·
65 3377 362 3445 adstrinqunt
385 3384 451 3434 ad
468 3384 762 3434 tolerandam
798 3391 887 3434 aut
917 3387 1061 3437 etiam

66 3459 131 3507 ad
147 3460 401 3523 fovendam
441 3465 722 3516 divisionem
757 3466 928 3532 absque
966 3477 1058 3517 ter-

67 3543 198 3590 mino
222 3579 236 3602 ‚
261 3559 357 3592 non
384 3550 533 3611 possit
555 3567 652 3598 esse
685 3549 904 3600 Ecclesia
936 3550 1054 3601 Dei.

66 3621 273 3673 Notanda
288 3635 394 3674 sunt
407 3627 541 3679 verba
553 3628 631 3680 illa
650 3631 822 3698 absque
839 3634 1056 3697 termino,

66 3720 170 3770 quae
196 3708 384 3756 omnino
407 3708 632 3762 cohaerent
653 3717 913 3778 systemati,
933 3716 1060 3782 quod

1216 2568 1287 2635 (2)
1321 2569 1487 2635 Ephes.
1520 2590 1566 2632 v,
1600 2570 1681 2621 26.

1215 2652 1280 2717 (3)
1318 2653 1440 2703 Ibid.
1478 2671 1522 2712 1,
1563 2652 1613 2717 4.

1212 2735 1277 2798 (lt)
1307 2735 1397 2785 Tit.
1428 2753 1490 2796 n,
1533 2734 1609 2799 14.

1214 2817 1280 2880 (5)
1317 2816 1375 2866 Id
1430 2820 1579 2883 reipsa
1630 2818 1900 2883 profitentur
1938 2816 2147 2884 Censen.

1145 2898 1334 2960 Helvet.
1349 2910 1516 2964 poster.
1540 2917 1642 2965 cap.
1667 2916 1721 2964 ¹7
1740 2935 1754 2959 ‚
1781 2902 1921 2964 prior,
1945 2910 2031 2952 art.
2055 2917 2152 2966 xlv3

1143 2979 1356 3045 Belyica‚
1374 2992 1457 3031 art.
1477 2987 1614 3031 xxvui
1633 2998 1647 3044 ;
1665 2980 1979 3045 Basileensi35
2001 2993 2086 3034 art.
2101 2999 2151 3048 νς

1144 3062 1408 3112 Bohemica
1426 3101 1440 3124 ,
1463 3073 1552 3113 art.
1578 3066 1654 3112 v1i1
1674 3063 1912 3127 ;Au9ust.
1931 3074 2020 3114 art.
2043 3082 2109 3114 vn
2133 3081 2151 3130 ς

1144 3145 1404 3205 Samonion,
1419 3142 1908 3208 art.x11,·Catech.qall.
1922 3146 2048 3196 dom.
2070 3163 2086 3194 1
2097 3144 2128 3196 5
2135 3162 2151 3211 ;

1146 3225 1340 3277 Catech.
1364 3226 1667 3291 Heidelberq.
1700 3243 1748 3292 q.
1785 3225 1883 3290 235
1932 3226 2151 3291 Ursinus,

1143 3309 1269 3360 dom.·
1297 3325 1354 3357 21
1373 3327 1390 3372 ’,
1429 3317 1593 3374 quaeat.
1630 3308 1695 3372 54
1715 3347 1727 3370 ,
1758 3308 1784 3376 §
1814 3307 1864 3373 4.
1909 3309 2152 3360 Nihilomi-

1143 3407 1262 3448 nus,
1304 3402 1441 3456 prout
1470 3391 1610 3441 iidem
1641 3390 2031 3442 'Walenburchici
2068 3393 2150 3441 oh-

1143 3482 1339 3532 servant,
1371 3473 1457 3522 loc.
1476 3474 1554 3521 cit.
1571 3469 1596 3538 S
1616 3470 1707 3533 26,
1728 3471 1873 3522 nullae
1895 3484 2148 3540 protestan-

1142 3554 1255 3601 tium
1294 3554 1600 3603 confessiones
1650 3565 1830 3620 ponunt
1863 3557 2148 3604 sanctitatem

1141 3644 1361 3701 tanquam
1395 3645 1554 3685 notam
1587 3623 1677 3686 vel⁴
1700 3639 1883 3702 signum
1922 3651 2040 3686 verae
2074 3651 2147 3685 ec-

1141 3715 1304 3768 elisiae.
