2514 4218
233 226 310 285 40

826 227 1022 286 macr.
1073 250 1139 283 m:
1185 219 1336 284 Locis
1381 249 1759 304 'rneotomcls

235 391 311 452 ad
333 390 757 471 contegendam
782 391 1082 473 propriam
1112 386 1502 449 defectionem
1522 390 1595 450 ab
1617 393 1714 453 illa
1739 395 1983 456 Ecclesia
2006 442 2021 471 v
2049 419 2227 478 quam
2253 372 2358 458 de·-

234 498 540 547 seruerant
562 485 677 566 (l).

317 581 416 640 67.
451 583 583 641 Jam
610 603 748 642 vero
766 581 1064 640 Christum
1078 580 1156 638 ita
1174 581 1494 641 instituisse
1512 582 1821 644 Ecclesiam
1833 609 1997 647 suam
2022 634 2038 665 ‚
2064 612 2175 671 qua
2194 600 2362 671 parte

233 676 474 739 visibilis
505 689 591 736 est
613 723 628 751 a
663 688 728 735 ut
761 676 835 734 ad
876 697 1004 734 eam
1039 697 1159 734 non
1197 678 1391 735 minus
1415 678 1559 754 justi
1600 699 1776 759 quam
1809 694 2137 762 peccatores
2173 685 2361 765 perti-

232 785 452 847 neam,
505 784 669 856 patet
714 784 839 831 tum
876 793 949 831 ex
984 774 1202 855 apertis
1245 775 1679 856 Scripturarutn
1717 780 2059 847 sententiis,
2118 792 2247 838 tum
2287 802 2362 839 ex

236 870 451 930 Christi
489 870 669 951 ipsius
698 890 871 950 scopo
897 915 911 943 .,
943 890 1008 930 ac
1046 869 1288 929 demum
1320 891 1389 929 ex
1425 892 1596 930 sensu
1630 870 2005 933 traditionali.

234 1118 366 1165 illam
394 1132 490 1163 esse
528 1115 588 1163 ad
623 1121 801 1179 partem
830 1114 1043 1175 Donati,
1087 1126 1131 1164 et
1168 1114 1257 1164 Ec-

237 1197 426 1248 clesiam
457 1198 729 1247 catholicam
769 1198 1023 1262 arguebant
1049 1202 1260 1264 praevari-

235 1283 428 1330 cationis
452 1319 463 1341 ‚
490 1299 543 1329 eo
581 1281 706 1347 quod
738 1280 1017 1329 traditorum
1048 1285 1259 1346 contagio

234 1364 560 1430 malorumque
608 1366 939 1413 communione
973 1367 1262 1413 contamina-

239 1457 337 1495 tam
368 1456 697 1508 autumarent,
714 1446 825 1512 quia
845 1446 1117 1495 Caecilianus
1131 1450 1260 1513 juxta

235 1530 359 1592 ipsos
403 1531 799 1576 consecrationem
836 1529 1140 1594 episcopalem
1187 1547 1264 1577 ac-

236 1620 419 1674 ceperat
450 1628 477 1658 a
508 1609 657 1658 Felice
680 1609 996 1675 Aptungitano
1027 1628 1264 1660 sacrorum

235 1692 463 1740 librorum
509 1693 760 1752 traditore,
801 1703 846 1741 et
876 1710 984 1741 cum
1021 1692 1266 1742 Caeciliano

238 1775 445 1824 Ecclesia
489 1793 684 1824 romana
718 1814 731 1835 ‚
790 1777 1000 1842 adeoque
1041 1778 1266 1825 catholica

241 1857 642 1906 communicabat.
681 1857 781 1905 Cfr.
821 1861 900 1906 cit.
940 1869 1064 1907 auct.
1088 1876 1265 1919 sec.¹v‚

240 1955 350 2003 cap.
371 1939 399 1987 3
423 1972 440 1999 ,
468 1949 554 1987 art.
591 1956 632 1998 1,
654 1938 679 2005 S
705 1938 789 2000 1-4
809 1956 821 2002 ;
842 1957 1037 1993 necnon
1059 1941 1269 1990 Valesius

241 2027 293 2071 in
329 2040 489 2088 opusc.
505 2021 581 2087 'De
599 2023 852 2072 schismate
874 2022 1263 2086 Donatistarum,

242 2105 566 2171 Albaspinaeus
614 2109 662 2154 iu
723 2106 1154 2155 Observationibus
1207 2108 1272 2156 ad

248 2188 482 2255 Optat-am
497 2191 568 2239 M
568 2189 851 2242 ilevitamtm
872 2227 886 2249 ,
903 2190 1042 2241 Card.
1062 2191 1271 2240 Norisius

242 2271 486 2321 Historiae
515 2271 815 2323 Donatistar.
850 2293 950 2340 pag.
984 2292 999 2321 1
1026 2312 1039 2335 ,
1062 2285 1177 2323 tom.
1201 2293 1267 2336 ιν,

246 2373 353 2421 opp.
388 2358 502 2406 edit.
533 2357 707 2405 Veron.
754 2358 899 2424 1732.

315 2440 383 2502 (1)
423 2439 738 2488 Protestantes
784 2442 904 2488 circa
957 2440 1272 2490 visibilitatem

247 2522 706 2572 autinvisibilitatem
724 2522 944 2572 Ecclesiae
972 2540 1151 2589 semper
1186 2542 1273 2572 an-

244 2609 406 2670 cipites
447 2606 669 2667 fuerunt3
719 2607 956 2653 interdum
996 2604 1121 2653 enim
1157 2608 1274 2655 duce

245 2687 459 2737 Luthero
475 2688 765 2750 docuerunt,
786 2687 1042 2735 Ecclesiam
1073 2705 1169 2735 esse
1198 2691 1272 2734 in-

247 2770 479 2820 visibilem
502 2808 516 2830 ,
556 2781 716 2835 utpote
738 2773 1147 2834 congregationem
1165 2786 1275 2817 san-

248 2866 428 2904 ctorum
449 2892 462 2915 ‚
501 2865 551 2902 ut
581 2855 668 2902 hac
696 2856 872 2902 ratione
901 2854 1210 2902 excluderent
1248 2872 1273 2902 a

248 2938 420 2987 Christi
462 2936 674 2986 Ecclesia
707 2954 958 2985 romanum
995 2937 1275 2986 Pontificem

249 3032 294 3071 et
321 3021 559 3086 praelatos3
586 3025 729 3087 atque
751 3023 815 3069 sic
841 3021 1200 3081 contenderunt,
1231 3039 1277 3070 se

251 3122 348 3155 esse
406 3107 457 3152 in
519 3107 850 3152 communione
909 3121 1016 3151 cum
1059 3104 1277 3151 omnibus

251 3188 421 3236 sanctis
437 3221 451 3246 ‚
474 3187 522 3234 id
547 3194 640 3244 est,
659 3188 884 3236 haereticis
907 3224 920 3245 ‚
956 3188 1036 3252 qui
1071 3204 1148 3234 eos
1162 3204 1276 3251 prae·

252 3278 508 3318 cesserunt.
529 3269 769 3334 Negabant
784 3279 1039 3335 propterea,
1065 3286 1168 3316 eam
1183 3286 1277 3317 esse

252 3368 408 3402 veram
439 3351 691 3400 Ecclesiam
713 3389 727 3408 ‚
763 3372 787 3401 a
825 3369 916 3419 qua
952 3353 1274 3400 discesserant.

254 3436 387 3485 Idem
420 3436 673 3484 docuerant
713 3435 913 3484 Hussitae
948 3447 991 3484 et
1009 3434 1276 3484 Wieleffitae

255 3520 616 3568 protestantium
633 3522 921 3583 antesignani
944 3558 956 3579 ‚
985 3521 1080 3567 imo
1115 3530 1163 3567 et
1188 3518 1276 3567 Ca·

256 3603 373 3651 thari
415 3605 511 3652 sive
536 3600 847 3666 Albigenses‚
894 3613 945 3651 ut
980 3602 1120 3651 refert
1153 3601 1278 3649 Hur-

258 3697 326 3734 ter
346 3724 357 3745 ‚
403 3686 490 3734 lib.
520 3703 596 3734 xlv
622 3688 725 3733 vitae
746 3684 1006 3735 Innocentii
1038 3703 1121 3737 111.
1163 3685 1274 3734 edit.

260 3771 337 3816 cit.
376 3780 471 3817 tom
500 3784 585 3827 ιιι,
609 3782 715 3834 pag.
750 3768 814 3816 23
836 3806 848 3828 ‚
878 3767 959 3817 ubi
998 3769 1200 3817 referens
1224 3770 1287 3815 is·

1340 1128 1492 1165 torum
1506 1135 1702 1178 errores,
1734 1121 1892 1168 scribit
1915 1140 1927 1170 ε
1950 1121 2368 1189 Leurprincipale

1341 1207 1533 1264 altaque
1560 1201 1641 1264 fut
1670 1201 1853 1266 diriqee
1880 1211 2039 1260 contre
2064 1188 2265 1269 I’quise
2294 1221 2366 1253 vz-

1342 1281 1514 1330 sible...
1541 1299 1718 1331 comme
1738 1283 1802 1331 les
1833 1285 2123 1334 Catltareens
2142 1324 2155 1346 ,
2189 1285 2249 1334 ils
2276 1303 2368 1353 ap-

1335 1364 1554 1430 pelaient
1582 1365 1786 1430 l’quise
1819 1368 1865 1415 la
1888 1372 2150 1434 prostituee
2184 1370 2241 1417 de
2269 1367 2370 1419 Ba-

1345 1449 1544 1513 bylone,
1579 1450 1744 1516 pleri-ne
1780 1451 1837 1499 de
1877 1461 1980 1500 tous
2013 1453 2076 1500 les
2111 1439 2235 1502 vices
2253 1474 2272 1512 ;
2308 1452 2372 1500 ils

1346 1531 1613 1579 donnaient
1643 1550 1710 1580 au
1757 1534 1895 1599 Pape
1929 1534 1969 1582 le
2005 1552 2119 1582 nom.
2160 1535 2216 1582 de
2252 1534 2370 1598 chef

1347 1612 1404 1660 de
1427 1611 1629 1661 Verre-ar
1646 1653 1658 1671 ‚
1683 1631 1783 1683 aaa·
1804 1615 1987 1680 prelata
2012 1633 2135 1664 ceux
2169 1616 2226 1663 de
2251 1618 2374 1664 scri-

1349 1695 1429 1742 bes
1447 1732 1461 1755 ‚
1496 1695 1552 1743 de
1576 1696 1858 1761 pharisiene
1875 1705 1920 1744 et
1950 1697 2258 1746 d’assassins.
2274 1698 2373 1746 cfr.

1351 1780 1489 1825 etiam
1518 1777 1740 1828 Bellarm.
1771 1776 1845 1827 De
1876 1775 2126 1835 Ecclesia,
2163 1779 2246 1827 lib.
2281 1796 2373 1839 111,

1352 1878 1454 1924 cap.
1493 1877 1521 1906 2
1547 1897 1559 1918 ‚
1608 1873 1651 1909 et
1674 1861 1899 1921 Bossuet‚
1935 1861 2223 1927 Conference
2262 1878 2374 1910 avec

1353 1940 1428 1990 M.
1460 1939 1646 1991 Claude
1668 1982 1680 2003 ‚
1716 1942 1808 1993 loc.
1844 1945 2109 1994 cit.Postea
2145 1963 2249 1994 vero
2268 1945 2376 1992 fassi

1354 2036 1461 2074 sunt
1486 2026 1737 2075 Ecclesiam
1779 2046 1874 2076 esse
1911 2028 2144 2076 visibilem
2169 2066 2181 2087 ‚
2210 2039 2255 2077 et
2286 2031 2377 2078 nisi

1354 2114 1489 2170 sunt,
1510 2126 1743 2175 exponere
1767 2111 1826 2159 de
1844 2113 1999 2158 anima
2022 2110 2242 2158 Ecclesiae
2268 2128 2377 2159 con·

1355 2193 1491 2239 traria
1530 2194 1757 2259 majorum
1809 2211 2001 2242 suorum
2046 2193 2208 2242 effata.
2256 2192 2378 2242 Sane

1356 2274 1558 2324 Gerhard
1581 2313 1593 2335 ‚
1628 2276 1743 2324 Loc.
1764 2276 1965 2342 theoloq.
1987 2294 2031 2325 xi
2051 2314 2064 2336 ‚
2111 2274 2206 2341 196
2224 2312 2236 2334 ,
2269 2293 2378 2324 cum

1357 2368 1518 2406 annot.
1547 2358 1691 2406 Cottae
1721 2376 1735 2405 ε
1766 2344 1943 2419 Patet,
1989 2358 2178 2416 scribit,
2210 2357 2381 2406 distin-

1355 2442 1563 2489 ctionem
1610 2440 1850 2490 Ecclesoe'oe
1886 2444 1943 2489 in
1969 2441 2209 2490 visibilem
2240 2448 2380 2505 atque

1357 2523 1658 2572 invisibilem
1685 2542 1785 2572 non
1808 2541 1907 2571 esse
1932 2524 2218 2572 divz'sionem
2236 2539 2379 2586 yene-

1358 2609 1426 2652 ris
1457 2608 1513 2652 in
1541 2608 1722 2671 species
1738 2641 1754 2666 ‚
1785 2608 1932 2670 quasi
1954 2606 2076 2653 duas
2105 2607 2259 2672 specie
2280 2606 2380 2670 fin·
2410 2662 2413 2664 Α

1355 2703 1572 2751 yeremus
1599 2686 1847 2737 Ecclesiae
1877 2688 1974 2735 sibi
2007 2690 2247 2755 oppositas
2266 2726 2281 2745 ‚
2306 2689 2384 2735 uti

1350 2786 1607 2836 perperam
1638 2770 1776 2818 nobis
1792 2771 2027 2837 affinyunt
2055 2769 2288 2820 Ecclesiae
2302 2787 2380 2820 ro-

1313 2897 1315 2899 .
1359 2870 1519 2901 manae
1547 2855 1670 2900 socii
1698 2857 1882 2916 (utrum
1905 2872 2162 2920 perperam
2183 2892 2196 2914 ‚
2227 2865 2278 2902 ut
2311 2854 2382 2902 af-

1360 2937 1514 2985 firmat
1559 2935 1821 2984 Gerhardus
1849 2976 1866 2997 ,
1921 2956 1981 2985 an
2023 2954 2129 2985 vere
2166 2937 2382 2986 catholici

1360 3019 1452 3067 hoc
1487 3019 1851 3084 protestantibus
1898 3019 2171 3068 effinxerint
2199 3056 2213 3080 ‚
2261 3028 2383 3084 patet

1363 3111 1463 3149 tum
1500 3120 1553 3150 ex
1583 3101 1746 3159 dictis,
1782 3111 1880 3148 tum
1903 3120 1955 3150 ex
1989 3104 2044 3150 iis
2065 3118 2164 3165 quae
2195 3102 2380 3165 scripsi-

1362 3201 1467 3233 mus
1497 3187 1548 3233 in
1575 3194 1708 3233 tract.
1740 3184 1820 3232 De
1854 3201 1966 3232 vera
2003 3184 2146 3249 reliq.
2167 3194 2287 3248 part.
2325 3200 2377 3244 ιι,

1363 3286 1497 3334 prop.
1518 3286 1582 3330 ιν,
1610 3285 1744 3316 num.
1765 3264 1853 3326 68,
1874 3277 1975 3315 not.
1997 3267 2063 3330 (3)
2082 3285 2129 3331 p.
2148 3264 2281 3329 234),
2300 3265 2384 3313 sed

1364 3368 1463 3399 esse
1507 3351 1762 3398 dumtaxat
1801 3348 2145 3397 limitationem
2182 3349 2385 3415 subjecti

1364 3433 1628 3482 secundum
1642 3432 1854 3480 diversos
1870 3448 1982 3479 suos
1993 3439 2166 3479 status.
2195 3430 2380 3498 Quem-

1364 3516 1620 3565 admodum
1662 3515 1846 3564 scilicet
1888 3514 1941 3564 in
1986 3515 2145 3563 eodem
2190 3515 2383 3563 homine

1364 3599 1539 3667 duplex
1566 3599 1709 3647 datar
1732 3598 1896 3647 relatio
1916 3634 1931 3660 ,
1958 3600 2166 3646 exterior
2192 3612 2378 3661 nempe,

1363 3700 1457 3749 qua
1495 3681 1620 3731 alios
1660 3681 1875 3729 homines
1902 3719 1916 3737 ,
1956 3689 2095 3746 atque
2133 3680 2334 3728 interior
2363 3715 2378 3736 ‚

1373 3782 1472 3831 qua
1493 3764 1656 3814 Deum
1682 3766 1911 3830 περαίη
1939 3767 2010 3813 ita
2037 3773 2083 3813 et
2099 3763 2156 3812 de
2179 3770 2270 3812 toto
2291 3760 2381 3809 ali-
