2514 4218
286 196 403 256 136

900 218 1099 257 TRACT.
1149 219 1215 253 ΠΒ
1261 218 1413 256 LOCIS
1458 220 1840 259 THEOLOGICIS.

277 361 457 441 gelica
491 361 618 442 (1),
660 384 869 423 verum
899 360 1078 421 etiam
1116 358 1416 418 affluentia
1449 359 1901 439 charismatum,
1946 364 2272 445 praesertim
2304 365 2417 423 mi-

279 456 615 518 raculorum
638 505 652 534 7
689 479 867 539 quam
895 455 1161 514 Christus
1188 455 1250 513 in
1278 465 1635 537 perpetuum
1666 458 1928 519 Ecclesiae
1964 481 2079 519 suae
2117 459 2419 540 promisit,

280 564 458 636 atque
480 556 627 614 mira
666 551 1050 613 foecunditate
1073 551 1136 609 in
1164 551 1430 634 gentium
1462 553 1843 613 conversione
1863 599 1880 628 .‚
1908 577 2022 636 qua
2063 555 2222 614 idem
2250 554 2425 614 Chri-

278 662 401 708 stus
435 672 567 710 eam
602 648 911 731 praeditam
931 647 1114 708 voluit
1133 693 1148 721 a
1181 648 1228 706 si
1260 646 1382 705 haec
1404 648 1602 706 omnia
1626 647 1686 705 in
1724 647 1974 709 Ecclesia
2005 672 2247 710 romana
2271 671 2422 709 sem-

275 766 385 826 per
419 754 650 826 reperta
680 754 821 802 sunt
853 764 919 827 ac
939 743 1348 826 reperiuntur7
1376 746 1510 820 jure
1545 741 1915 801 concluditur
1938 788 1954 817 ,
1993 765 2125 803 eam
2153 745 2262 804 hac
2281 756 2421 804 nota

278 839 517 918 fulgere.
570 840 705 897 Jam
758 860 901 900 vero
958 840 1166 921 quovis
1215 849 1485 920 tempore
1532 838 1803 898 homines
1851 839 2158 897 sanctitate
2207 840 2420 916 eximia

278 934 618 1015 conspicuos
665 933 1021 1016 eosdemque
1047 934 1571 1016 peneinnumeros
1594 934 1658 993 in
1680 932 1781 992 illa
1810 933 2075 993 floruisse
2096 980 2112 1009 7
2143 933 2242 992 ille
2266 933 2424 993 solus

279 1030 514 1108 ignorat
537 1074 552 1103 ,
598 1031 699 1111 qui
735 1034 858 1109 ejus
891 1031 1069 1089 fastos
1097 1030 1343 1107 minime
1378 1030 1826 1111 perlustraverit
1861 1030 2165 1110 (2).1tem
2189 1029 2427 1089 consilia

278 1124 612 1204 evangelica
642 1125 896 1207 viguisse
920 1137 981 1185 et
1009 1124 1200 1185 adhuc
1218 1124 1418 1207 vigere
1451 1126 1513 1185 in
1539 1125 1745 1187 eadem
1777 1123 2027 1185 Ecclesia
2049 1170 2065 1201 .‚
2095 1125 2426 1186 innumerae

352 1348 418 1408 (l)
468 1346 636 1396 Merito
670 1345 722 1395 S.
754 1343 1033 1393 Franciscus
1082 1342 1281 1392 Salesius
1303 1380 1317 1403 ‚

281 1439 533 1496 postquam
566 1429 780 1495 pluribus
811 1428 1046 1486 ostendit,
1083 1425 1319 1490 Christum

282 1513 551 1578 evangelica
573 1511 766 1560 consilia
781 1510 960 1559 dedisse
972 1507 1192 1557 Ecclesiae
1203 1523 1317 1567 suae,

281 1593 524 1643 concludit
544 1632 558 1653 ,
582 1594 709 1642 illam
739 1609 842 1641 esse
864 1609 1020 1640 veram
1035 1590 1317 1648 Ecclesiam,

285 1693 390 1743 quae
406 1679 575 1742 quovis
594 1686 803 1740 tempore
818 1691 871 1721 ea
889 1674 1151 1721 executioni
1181 1688 1318 1718 man-

283 1758 522 1808 davit.Sed
537 1757 671 1805 lubet
684 1759 724 1823 ej
732 1774 784 1804 us
792 1755 933 1804 verba
947 1755 1025 1802 hic
1039 1753 1312 1802 describere:

286 1838 423 1905 qui‚
437 1839 719 1903 (Christus),
738 1840 911 1902 inquit,
936 1835 975 1883 li
988 1835 1316 1901 hapraticati‚

285 1939 310 1969 e
348 1921 388 1969 li
425 1921 489 1968 ha
512 1921 634 1985 fatti
661 1922 912 1986 praticare
946 1917 1042 1966 alla
1063 1917 1321 1983 primitiva

287 2021 378 2052 sna
398 2003 576 2054 Chiesa
595 2020 616 2064 ‚·
640 2003 753 2050 tutti
769 2018 884 2050 sono
899 2002 1061 2049 scritti
1075 2037 1089 2062 ,
1117 2017 1141 2047 e
1163 2001 1317 2064 reqis-

286 2087 405 2134 tratt‘
424 2103 439 2149 3
475 2084 569 2133 ela
610 2086 714 2133 vita
750 2087 919 2131 istesso
963 2081 1039 2130 del
1074 2081 1320 2130 Salvatore

289 2167 412 2216 altro
446 2183 545 2215 non
579 2168 603 2214 ὸ
634 2166 719 2214 ohe
753 2166 837 2213 un'
862 2167 1170 2213 instruzione
1187 2166 1321 2231 peri

293 2251 406 2298 suoi
417 2248 568 2315 fedeli
587 2265 606 2310 ‚·
624 2248 819 2313 dunque
835 2247 882 2295 la
904 2247 1083 2297 Chiesa
1097 2265 1157 2295 ne
1175 2247 1318 2295 debbe

280 2332 391 2396 sare
415 2331 455 2379 il
482 2333 683 2397 proprio
714 2331 942 2396 profitto,
976 2330 1034 2378 ecl
1066 2346 1166 2377 uno
1191 2327 1321 2394 deqli

285 2415 489 2462 caercizi
514 2412 641 2462 della
672 2415 913 2462 crist-iana
945 2411 1181 2477 reliqione
1212 2413 1236 2458 ὲ
1263 2411 1319 2459 di

285 2497 538 2561 praticare
562 2504 734 2560 questa
778 2495 978 2561 povertci
999 2534 1011 2556 ‚
1044 2495 1193 2560 quest'
1231 2494 1319 2543 ub-

287 2579 520 2626 bidienza
538 2615 552 2636 ,
586 2596 611 2625 e
640 2587 800 2641 questo
821 2586 1174 2642 anneqamento
1197 2577 1251 2624 di
1268 2578 1317 2624 se

285 2660 563 2709 medesimo.
607 2657 657 2709 E
685 2660 740 2706 di
767 2660 891 2724 fatto
912 2698 923 2720 ‚
972 2659 1019 2707 Ia
1051 2658 1227 2707 Chiesa
1252 2659 1316 2706 ha

285 2759 470 2809 sempre
517 2741 814 2807 frequentati
860 2742 1065 2798 eseroizi
1101 2742 1158 2788 in
1198 2743 1317 2804 oyni

286 2844 373 2876 suo
404 2834 557 2888 stato,
593 2826 788 2890 dunque
818 2841 904 2874 eon
931 2827 1043 2872 tutti
1055 2827 1232 2890 proprj
1259 2824 1315 2873 di

286 2910 352 2959 lei
378 2909 684 2959 :altrimenti
711 2927 742 2957 a
768 2909 853 2958 ohe
883 2908 1005 2957 utile
1036 2917 1164 2957 tante
1182 2925 1309 2957 esor-

286 2995 477 3041 tazioni
497 3030 512 3056 ‚
552 3010 602 3041 se
629 3009 727 3041 non
755 2993 996 3042 doveasero
1024 3007 1174 3039 essere
1190 3008 1312 3057 pra-

288 3076 430 3123 tioate
449 3079 473 3122 Ρ
518 3075 710 3124 D'onde
748 3093 809 3124 ne
842 3092 983 3140 aeque
1009 3112 1022 3134 ‚
1064 3072 1147 3122 che
1184 3073 1309 3122 nella

286 3174 397 3204 vera
419 3156 596 3206 Chiesa
617 3196 629 3217 ‚
649 3158 799 3207 debba
819 3156 1112 3224 risplendere
1129 3155 1177 3203 la
1194 3174 1309 3205 vera

276 3240 555 3305 perfezione
585 3241 706 3290 della
735 3245 836 3291 vita
872 3242 1124 3290 cristiana.
1154 3239 1308 3288 Colle-

284 3323 423 3372 zione
468 3324 695 3388 completa
737 3325 791 3373 di
840 3334 955 3373 tutte
995 3324 1037 3372 le
1079 3340 1216 3390 opere
1252 3322 1309 3370 di

286 3405 342 3454 S.
371 3405 644 3453 Franeesco
675 3406 728 3453 di
747 3404 911 3457 Sales.
939 3407 1121 3456 Brescia
1154 3404 1302 3467 1830,

287 3497 405 3536 tom.
445 3501 560 3547 vm,
605 3488 722 3535 disc.
759 3507 868 3555 xlv,
903 3509 1007 3556 pag.
1053 3505 1163 3556 191.
1200 3487 1300 3537 Cfr.

285 3571 422 3617 etiam
442 3569 558 3618 disc.
592 3584 669 3616 vm
701 3581 744 3618 et
776 3589 907 3638 seqq.
937 3574 987 3619 in
1011 3571 1179 3638 quibus
1196 3587 1305 3619 san-

287 3662 386 3698 ctus
414 3662 458 3700 et
479 3652 642 3700 doctus
658 3650 856 3712 Praesul,
887 3657 969 3719 qui
987 3664 1053 3703 tot
1075 3662 1176 3703 tum
1200 3670 1309 3701 voce

289 3743 387 3781 tum
419 3736 595 3799 scriptis
622 3734 678 3783 de
709 3739 1060 3799 protestantium
1079 3735 1309 3786 erroribus

1406 1345 1667 1411 triumphos
1703 1348 1985 1409 reportavit,
2022 1344 2191 1394 evolvit
2221 1344 2428 1411 singilla-

1405 1429 1490 1474 tim
1519 1439 1793 1491 argumenta
1813 1462 1827 1490 ,
1851 1444 1957 1494 quae
1976 1446 2062 1477 nos
2091 1429 2167 1476 vix
2183 1429 2427 1475 innuimus

1403 1506 1643 1558 brevitatis
1674 1513 1835 1575 gratia.

1474 1590 1540 1654 (2)
1577 1590 1698 1640 Satis
1721 1603 1788 1641 est
1819 1593 1879 1642 ad
1914 1592 2006 1640 hoc
2032 1590 2119 1640 sibi
2147 1590 2432 1657 persuaden-

1405 1671 1518 1720 dum
1541 1710 1554 1732 ‚
1593 1683 1644 1722 ut
1672 1675 1778 1739 quis
1801 1676 2082 1722 immensam
2114 1674 2295 1722 evolvat
2324 1672 2432 1721 Bol-

1402 1754 1735 1805 landianorum
1776 1757 2121 1805 collectionem.
2154 1755 2252 1804 Cfr.
2292 1757 2429 1804 etiam

1404 1836 1598 1885 Coccius
1617 1874 1631 1897 ‚
1663 1840 1714 1886 in
1761 1838 2010 1886 Thesauro
2037 1836 2270 1885 catholico
2289 1874 2303 1898 ‚
2340 1835 2430 1885 Co-

1402 1919 1502 1968 lon.
1542 1907 1669 1968 1600
1687 1956 1701 1980 ,
1726 1931 1839 1969 tom.
1870 1924 1918 1980 i,
1944 1920 2031 1970 lib.
2067 1920 2096 1968 3
2116 1958 2128 1981 ‚
2163 1919 2244 1967 De
2272 1920 2432 1984 siqnis

1402 2000 1640 2051 Ecclesiae
1666 2040 1681 2060 ‚
1716 2014 1799 2051 art.
1836 2020 1854 2051 1
1872 2020 1889 2051 1
1916 2041 1930 2064 ‚
1972 2000 2027 2050 V
2028 2002 2110 2051 ieae
2151 2017 2432 2066 morumque

1392 2086 1779 2134 sanctimoniam
1829 2102 1927 2134 esse
1984 2092 2167 2133 certum
2202 2081 2433 2134 Ecclesiae

1401 2169 1634 2232 siqnum,
1685 2169 1768 2218 ubi
1806 2168 1997 2218 exhibet
2026 2168 2286 2233 catalogum
2322 2166 2433 2215 illu-

1402 2251 1566 2297 strium
1612 2250 1828 2299 Ecclesiae
1863 2247 2140 2298 Sanctorum
2171 2247 2233 2298 ab
2255 2249 2432 2314 origine

1401 2332 1569 2394 mundi
1585 2350 1732 2399 usque
1764 2333 1823 2381 ad
1852 2350 2030 2381 annum
2075 2328 2199 2380 1580
2228 2330 2432 2391 Christi,

1401 2431 1507 2479 pag.
1544 2430 1671 2481 ¹099
1703 2425 1747 2464 et
1773 2433 1908 2482 seqq.
1939 2414 2028 2463 Hic
2066 2416 2223 2463 autem
2261 2413 2430 2462 catalo-

1400 2515 1484 2564 gus
1526 2494 1664 2547 facile
1700 2499 1893 2564 produci
1921 2507 2071 2563 posset
2099 2487 2247 2563 usque
2277 2494 2336 2544 ad
2367 2512 2423 2542 εε-

1400 2583 1543 2629 tatem
1583 2591 1825 2643 nostram3
1874 2579 2103 2646 siquidem
2146 2577 2333 2626 nullum
2364 2577 2431 2625 ef-

1400 2663 1500 2711 fluit
1527 2662 1737 2711 seculum
1757 2699 1770 2719 ‚
1800 2664 1853 2709 in
1881 2679 1974 2727 quo
1999 2662 2167 2726 passim
2190 2677 2287 2707 non
2313 2659 2431 2707 fiant

1397 2744 1626 2794 solemnes
1642 2761 1882 2792 servorum
1899 2742 1986 2791 Dei
2014 2740 2392 2806 beatificationes
2406 2776 2424 2804 ‚
2476 2760 2481 2764 ’

1396 2843 1450 2875 ac
1485 2820 1734 2875 Beatorum
1775 2825 2168 2875 canonizationes
2188 2862 2202 2885 ‚
2234 2826 2282 2872 in
2316 2841 2430 2891 qua-

1396 2927 1501 2957 rum
1541 2909 1733 2973 singulis
1777 2911 1990 2975 quinque
2035 2919 2115 2957 aut
2155 2917 2328 2973 septem
2373 2909 2425 2956 in

1395 2990 1671 3041 Sanctorum
1687 2992 1849 3040 album
1864 2993 2022 3042 referri
2047 2990 2196 3038 solent
2214 2999 2314 3054 post
2330 2990 2431 3038 lon-

1393 3090 1507 3138 gum
1531 3086 1573 3124 et
1593 3086 1859 3124 accuratum
1890 3075 1949 3123 de
1977 3075 2198 3123 virtutum
2214 3073 2428 3120 omnium

1392 3168 1442 3213 in
1461 3177 1644 3207 summo
1675 3158 1818 3223 gradu
1847 3158 2061 3206 exercitio
2093 3170 2289 3203 examen
2311 3190 2324 3214 ‚
2368 3153 2427 3204 de

1392 3259 1485 3307 quo
1551 3259 1683 3290 mox·
1723 3240 1950 3288 dicemus.
2009 3234 2133 3284 Sane
2170 3254 2196 3284 a
2235 3234 2317 3284 Pio
2363 3250 2428 3284 vn

1390 3341 1514 3372 anno
1564 3321 1687 3389 1807
1714 3323 1923 3389 quinque
1947 3357 1960 3381 ,
1996 3317 2315 3383 etaGregorio
2346 3334 2425 3367 xvi

1390 3410 1602 3469 totidem,
1633 3408 1710 3456 die
1734 3402 1929 3471 26-Maji
1955 3400 2112 3470 1839,
2140 3401 2317 3450 Sanctis
2333 3400 2418 3449 ad-

1388 3492 1543 3556 scripti
1574 3499 1701 3538 sunt.
1722 3486 1799 3536 Sic
1829 3487 2033 3535 Ecclesia
2062 3502 2256 3534 romana
2274 3521 2288 3545 ,
2313 3498 2418 3550 quae

1390 3591 1493 3622 vera
1511 3572 1680 3620 Christi
1704 3570 1906 3620 Ecclesia
1936 3581 2000 3619 est
2020 3604 2036 3630 ,
2073 3568 2287 3635 producit
2317 3565 2416 3614 fru-

1392 3661 1494 3705 ctus
1529 3673 1653 3703 sune.
