2514 4218
286 222 292 225 „
338 190 450 251 114

943 212 1138 251 macr.
1189 211 1256 246 nn
1301 209 1457 248 Lotus
1501 196 1877 253 maome-1019.

334 367 436 417 aut
457 355 747 418 unitatem
776 358 1074 417 actualem
1104 372 1257 415 verae
1286 372 1409 411 esse
1437 351 1694 415 Ecclesiae
1725 368 1947 417 notam.
1984 360 2074 419 Sic
2099 360 2443 430 inficiamur..

344 464 729 535 apparentem
759 453 1046 511 duntaxat
1075 445 1426 531 quandoque
1453 467 1576 506 esse
1597 469 1765 529 posse
1802 454 2087 531 ejusmodi
2122 456 2407 517 unitatem
2430 504 2447 533 7

327 558 462 631 post
490 547 708 609 editam
742 545 1063 629 praesertim
1095 543 1421 626 aliquorum
1456 542 1835 605 articulorum
1865 547 2274 611 definitionem
2295 597 2312 628 .,
2345 565 2452 613 aut

329 656 712 726 apparentem
771 651 1006 701 tantum
1056 639 1482 716 differentiam3
1547 651 1834 722 quotquot
1892 645 2052 704 enim
2111 646 2186 706 ad
2253 669 2450 708 veram

328 740 542 799 Christi
576 737 884 797 Ecclesiam
925 736 1220 819 pertinere
1253 746 1557 816 satagunt,
1596 734 1963 798 intellectum
2001 740 2064 799 in
2100 740 2448 826 obsequium

328 834 542 895 Christi
572 854 675 893 seu
707 831 842 892 fidei
869 830 943 892 ab
974 830 1221 892 Ecclesia
1260 831 1577 914 propositae
1611 832 1905 911 captivare
1936 844 2216 895 tenentur
2253 837 2364 918 (1).

414 930 549 990 196.
599 928 684 987 Ad
706 928 820 1004 7¹¹¹,
853 930 1012 988 Dist.
1035 927 1150 988 Sed
1167 928 1291 987 sine
1318 926 1603 1010 principio
1622 971 1638 1003 ,
1666 948 1735 986 ex
1760 949 1875 1009 quo
1904 929 2140 1011 profluit
2171 933 2454 1009 ejusmodi

327 1026 520 1084 unitas
546 1071 563 1100 ,
600 1045 666 1083 ac
702 1024 827 1085 sine
870 1022 1064 1083 medio
1102 1044 1234 1083 eam
1271 1022 1687 1096 conservandi,
1724 1033 1919 1082 trans,
1938 1044 1959 1093 ‚·
1995 1046 2131 1085 cum
2172 1027 2455 1105 ejusmodi

327 1121 611 1204 principio
649 1141 715 1180 ac
754 1118 983 1194 medio7
1022 1140 1147 1200 neq.
1183 1121 1399 1194 Porro,
1446 1118 1667 1177 fatente
1708 1117 1838 1200 ipso
1870 1118 2235 1196 adversario,
2277 1143 2454 1204 quem

323 1220 739 1300 impugnamus
762 1261 778 1292 ,
821 1237 944 1275 non
981 1226 1067 1275 est
1107 1213 1395 1274 censenda
1418 1259 1434 1288 ‚
1473 1235 1677 1275 veram
1727 1213 1943 1275 habere
1976 1216 2265 1278 unitatem
2287 1263 2303 1291 ,
2346 1241 2454 1279 nec

325 1325 635 1397 propterea
664 1333 862 1373 veram
891 1311 1244 1373 constituere
1272 1310 1486 1370 Christi
1511 1309 1820 1370 Ecclesiam
1840 1355 1855 1385 ,
1881 1310 1979 1371 illa
2013 1313 2251 1373 societas
2272 1357 2289 1382 .,
2325 1324 2452 1396 quae

326 1411 435 1470 hoc
461 1408 654 1469 medio
677 1400 1035 1468 destituiturss
1068 1408 1216 1466 Cum
1239 1426 1379 1466 vero
1404 1405 1703 1465 societates
1737 1427 1839 1465 seu
1866 1417 2059 1481 sectae,
2088 1429 2218 1489 quae
2240 1408 2315 1468 ab
2338 1409 2444 1470 ad·

325 1505 581 1567 versario
618 1513 1152 1565 commemorantur
1176 1547 1192 1576 ‚
1225 1522 1286 1561 se
1313 1501 1718 1582 separaverint
1741 1500 1814 1560 ab
1854 1501 2101 1562 Ecclesia
2137 1505 2407 1567 universa
2428 1551 2443 1580 ,

326 1613 386 1662 et
418 1601 774 1662 excusserint
801 1622 833 1659 a
862 1621 923 1658 se
949 1598 1352 1658 auctoritatem
1371 1641 1386 1671 ,
1419 1617 1526 1678 per
1563 1618 1742 1678 quam
1770 1596 1960 1656 solum
1989 1598 2053 1657 in
2084 1601 2312 1660 unitate
2342 1601 2448 1662 de-

325 1697 701 1773 tinebantur,
739 1706 935 1779 patet,
966 1694 1170 1754 eodem
1191 1698 1325 1772 jure
1365 1694 1703 1775 quempiam
1741 1714 1814 1753 ex
1853 1692 1943 1752 his
1984 1689 2239 1755 sectariis
2280 1719 2448 1780 posse

324 1795 638 1867 innovare,
674 1802 850 1874 prout
886 1789 1049 1850 libet.
1091 1789 1241 1849 Hinc
1275 1800 1446 1849 sectae
1479 1810 1617 1849 vere
1652 1799 2037 1871 apparentem
2069 1789 2286 1851 habere
2309 1814 2448 1874 pos-

326 1901 465 1948 sunt
491 1889 781 1948 unitatem
811 1909 913 1947 seu
937 1886 1130 1969 potius
1155 1890 1441 1944 unionem
1458 1931 1474 1954 ‚
1499 1904 1807 1965 nunquam
1837 1895 2033 1943 autem
2064 1885 2284 1946 realem
2312 1887 2448 1946 uni-

325 1996 528 2045 tatem.
559 1984 812 2058 Etenim.‚
849 1993 916 2041 ut
948 1983 1088 2042 scite
1124 1980 1393 2043 observat
1422 1979 1813 2041 Tertullianus
1848 2002 1862 2039 ε
1903 1980 2075 2040 Idem
2110 1983 2290 2041 licuit
2329 1984 2447 2044 Va-

324 2083 680 2139 lentim'anis
709 2079 867 2158 quod
911 2078 1252 2148 Valentin0‚
1303 2077 1464 2135 idem
1503 2077 1882 2135 Marcionitis
1918 2078 2080 2154 quod
2104 2077 2446 2150 Marcioni,

326 2177 394 2234 de
429 2176 690 2235 arbitrio
723 2195 826 2234 suo
852 2174 1035 2252 fidem
1075 2177 1361 2231 innovare
1392 2171 1501 2249 (2).
1535 2170 1703 2246 Quod
1727 2191 1864 2232 vero
1896 2169 2111 2231 dicitur
2145 2170 2219 2232 de
2245 2173 2447 2235 Valen-

1426 2395 1463 2441 si
1483 2392 1609 2459 quod
1636 2392 1693 2442 ab
1712 2394 1810 2458 ipsa
1823 2394 1943 2442 circa
1963 2411 2037 2443 eas
2058 2390 2254 2444 ferretur
2268 2398 2292 2444 ⁴?
2315 2394 2439 2444 Con-

395 2400 461 2463 (l)
499 2398 748 2447 Permiscet
767 2394 1050 2444 adversarius
1078 2403 1343 2443 controver-

327 2486 431 2544 siae,
451 2497 554 2548 quae
573 2481 785 2527 oriuntur
802 2476 1033 2526 interdum
1051 2478 1102 2525 in
1116 2474 1337 2536 Ecclesia,

252 2608 260 2623 ,
327 2575 577 2630 antequam
606 2562 701 2610 ulla
730 2560 791 2609 ab
809 2577 862 2609 ea
887 2560 993 2608 data
1021 2559 1341 2618 sitdefinitio,

325 2665 435 2698 cum
452 2648 527 2709 iis,
547 2660 652 2712 quae
683 2652 973 2709 perseverant
1003 2659 1057 2715 ⁰¹.
1088 2651 1213 2706 parte
1240 2658 1344 2706 per-

326 2731 552 2780 vicacium
597 2736 701 2793 post
760 2727 981 2775 emissum
1035 2723 1242 2772 solemne
1283 2722 1344 2771 ab

329 2812 530 2862 Ecclesia
557 2809 802 2875 judicium.
823 2806 877 2855 Id
902 2806 1068 2855 clarius
1096 2814 1271 2854 constat
1288 2822 1343 2853 ex

330 2914 402 2955 eo,
423 2893 550 2962 quod
574 2894 696 2959 ipse,
715 2892 805 2941 loc.
831 2891 912 2940 cit.
942 2907 1046 2955 pag.
1072 2905 1091 2937 1
1107 2903 1164 2936 12
1182 2898 1226 2937 et
1242 2906 1342 2955 seq.

330 2987 658 3027 commemoret
687 2975 1015 3025 controversias
1042 2971 1341 3032 Jansenismi,

331 3065 444 3111 item
473 3059 762 3110 Jesuitarum
778 3067 826 3108 et
849 3057 1264 3106 Dominicanorum
1297 3065 1343 3105 et

334 3142 845 3208 Augustinianensium,
862 3156 949 3189 nec
969 3156 1065 3188 non
1081 3138 1343 3186 Thomista-

332 3243 437 3274 rum
462 3231 510 3274 et
546 3224 866 3274 Scotistarum.
901 3222 1006 3273 Jam
1046 3238 1153 3270 vero
1189 3220 1344 3286 ecquis

331 3318 397 3357 est
423 3309 504 3373 qui
530 3309 723 3368 nesciat,
740 3306 1009 3355 domesticas
1037 3303 1138 3352 illas
1159 3320 1345 3351 concer-

332 3392 532 3440 tationes
564 3407 661 3439 non
691 3399 894 3454 spectare
942 3386 1001 3436 ad
1040 3385 1181 3436 fidem
1201 3422 1217 3443 ,
1254 3402 1342 3434 nec

333 3471 526 3538 proinde
563 3488 644 3536 per
682 3470 781 3520 illas
820 3470 1089 3519 divisionem
1130 3466 1289 3516 induci
1318 3470 1342 3513 ?

335 3555 579 3619 praesertim
628 3569 735 3602 cum
782 3564 928 3618 partes
969 3567 1128 3602 omnes
1169 3550 1345 3620 discep-

334 3646 483 3686 tantes
523 3653 577 3684 eo
614 3637 769 3684 animo
812 3638 905 3684 sint
940 3642 1208 3699 comparatae
1233 3667 1246 3689 ,
1299 3619 1353 3679 ut¹

335 3715 460 3767 illico
498 3735 545 3765 se
576 3716 854 3782 subjicerent
894 3715 1107 3764 Ecclesiae
1139 3712 1341 3778 judicio,

1426 2484 1494 2523 tra
1516 2492 1623 2524 vero
1668 2491 1806 2524 nemo
1832 2477 1997 2541 pariter
2022 2486 2088 2525 est
2117 2483 2199 2542 qui
2225 2476 2436 2536 dubitet,

1426 2560 1541 2623 quin
1559 2576 1586 2607 a
1600 2557 1850 2607 Catholicis
1871 2574 1949 2606 eos
1964 2557 2204 2606 habendos
2218 2567 2270 2605 ut
2286 2559 2440 2608 ethni-

1425 2656 1501 2688 cos
1539 2648 1585 2688 et
1621 2639 1891 2705 publicanos
1915 2674 1929 2698 ‚
1978 2642 2061 2707 qui
2101 2639 2317 2689 Ecclesiae
2358 2641 2440 2691 de-

1425 2721 1602 2770 finienti
1617 2721 1874 2770 auscultare
1894 2721 2162 2786 detrectent.
2189 2721 2248 2770 In
2270 2722 2439 2772 horum

1424 2819 1564 2851 censu
1586 2802 1858 2852 Jansenistae
1880 2813 1987 2854 sunt
2004 2839 2019 2863 ,
2039 2806 2119 2870 qui
2144 2805 2249 2852 latae
2269 2821 2297 2853 a
2321 2804 2441 2855 Pon-

1424 2884 1549 2935 tifice
1585 2902 1776 2934 romano
1809 2903 1864 2934 ex
1904 2886 2119 2935 cathedra
2156 2887 2441 2938 condemna-

1426 2970 1539 3017 tioni
1566 2971 1773 3035 quinque
1807 2968 2012 3018 Jansenii
2039 2972 2402 3035 propositionum
2423 3008 2438 3032 ,

1426 3053 1500 3099 cui
1528 3053 1714 3100 accessit
1746 3052 1966 3101 universae
2000 3050 2211 3100 Ecclesiae
2245 3068 2441 3100 consen-

1425 3151 1526 3191 sus,
1555 3136 1836 3183 restiterunt.
1872 3132 2037 3198 Magna
2070 3142 2287 3198 perpetuo
2320 3135 2441 3199 viget

1424 3219 1475 3265 in
1509 3217 1599 3266 hoc
1631 3224 1847 3276 auctore,
1877 3232 2018 3281 quem
2060 3216 2389 3280 impugnamus
2423 3251 2439 3279 ,

1424 3300 1632 3348 idearum
1651 3298 1883 3356 confusio3
1902 3307 2102 3346 attamen
2133 3297 2244 3346 huic
2268 3291 2359 3346 soli
2369 3300 2441 3346 in-

1424 3386 1589 3437 nititur
1602 3420 1617 3446 ,
1634 3383 1746 3431 dum
1764 3381 2058 3430 cohonestare
2077 3382 2227 3430 studet
2242 3382 2439 3432 schisma

1426 3466 1719 3532 anglicanum
1738 3500 1753 3524 ‚
1776 3473 1827 3513 ut
1852 3481 1905 3512 ex
1924 3463 2130 3514 dicendis
2162 3466 2305 3529 magis
2320 3481 2439 3514 sem·

1432 3566 1513 3613 per
1538 3565 1592 3598 ac
1619 3549 1760 3612 magis
1791 3544 1980 3611 patebit.

1499 3630 1562 3691 (ἃ)
1604 3629 1678 3677 De
1711 3628 1989 3693 Proescript.
2019 3646 2120 3692 cap.
2151 3626 2233 3691 42.
