2514 4218
537 221 696 257 mar.
744 219 784 256 ι.
828 218 951 257 car.
1001 220 1088 256 111·
1137 220 1205 256 mi
1248 217 1515 256 accrasm.
1557 218 1733 267 noris.
2082 198 2190 258 181

73 389 79 395 ·
167 364 309 423 287.
359 359 447 422 Ad
478 358 595 435 4¹²²,
632 358 783 440 Ney.
837 365 990 420 min.
1030 362 1180 420 Nam
1217 358 1350 420 licet
1392 359 1639 420 Ecclesia
1679 380 1920 418 romana
1965 362 2026 420 in
2074 362 2193 422 sola
2236 435 2240 440 ,

90 461 314 540 Europa
341 454 739 514 dominaretur
770 455 961 514 seculo
987 457 1086 514 XV
1107 499 1123 528 ,
1151 453 1367 535 ubique
1399 447 1599 514 tamen
1622 453 1883 533 gentium
1912 455 2058 515 filios
2084 456 2195 517 sibi

86 553 468 632 obsequentes
512 571 742 630 semper
773 549 978 608 habuit
1011 559 1069 607 et
1104 548 1303 608 habet.
1339 551 1497 609 Inter
1532 549 1903 609 Nestorianos
1928 550 1991 608 in
2016 551 2193 611 Chal-

85 646 206 705 daea
227 690 242 719 ,
275 647 431 705 inter
455 644 837 724 Eutychianos
864 666 964 703 seu
987 642 1421 722 Monophysitas
1445 645 1507 702 in
1532 646 1776 726 AEgypto
1802 655 1861 704 et
1889 645 2187 720 Armenia3

82 739 298 820 ubique
329 740 483 797 inter
516 739 828 814 IslamitaS,'
870 740 935 796 in
975 735 1179 795 indicis
1208 735 1390 817 plagis
1412 782 1428 811 ,
1473 750 1538 797 ut
1581 750 1800 798 taceam
1835 739 1909 798 de
1944 738 2068 798 aliis
2098 742 2203 800 re?

82 833 351 912 gionibus
376 832 825 909 occidentalibus
849 843 925 892 et·
942 830 1492 911 septentrionalibus
1513 877 1529 906 ,
1568 833 1765 914 plures
1795 837 2000 915 quovis
2025 846 2189 894 tem-

81 950 222 1009 pore
279 928 494 987 Christi
540 928 601 986 in
649 927 816 986 terris
866 924 1084 982 Vicario
1133 923 1389 984 obsecuti
1441 938 1580 985 sunt
1625 939 1685 987 et
1735 927 2138 1010 obsequuntur
2175 976 2191 1005 a

81 1022 463 1104 eamdemque
499 1043 632 1081 cum
675 1021 801 1102 ipso
838 1017 1016 1078 fidem
1053 1029 1113 1077 et
1153 1020 1633 1080 communionem*
1668 1023 1912 1102 professi
1953 1035 2091 1082 sunt
2131 1035 2191 1084 et

79 1118 453 1199 profitentur.
483 1119 723 1176 Fatente
741 1115 872 1195 ipso
892 1112 1181 1173 ‘Palmerio
1198 1159 1214 1188 ,
1242 1136 1364 1173 non
1397 1126 1485 1174 est
1513 1117 1832 1176 necessaria
1859 1117 1933 1176 ad
1961 1119 2193 1188 univer·

81 1212 371 1272 salitatem
396 1207 862 1272 constituendam
893 1207 1126 1267 diffusio
1150 1209 1406 1288 physica
1428 1221 1488 1268 et
1509 1212 1782 1270 absoluta
1798 1258 1814 1280 ,
1857 1212 1958 1272 sed
1981 1213 2190 1273 sufficit

78 1307 253 1389 plane
294 1302 666 1384 morali8>(l)
681 1346 702 1375 ,
743 1314 809 1361 ut
850 1299 1064 1362 scilicet
1101 1302 1318 1384 ubique
1353 1302 1529 1384 aliqui
1557 1306 1676 1362 sint
1699 1349 1716 1380 ‚
1745 1306 1844 1387 qui
1874 1306 1948 1364 ad
1991 1328 2192 1368 veram

80 1401 295 1461 Christi
321 1399 627 1461 Ecclesiam
651 1398 1020 1479 pertineant3
1053 1397 1230 1479 idque
1252 1398 1494 1474 merim,
1527 1397 1786 1481 alioquin
1814 1399 1999 1459 tribus
2028 1402 2187 1482 prio-

78 1496 238 1555 ribus
266 1494 466 1556 seculis
496 1492 741 1552 Ecclesia
769 1492 1050 1553 catholica
1084 1494 1330 1552 minime
1362 1494 1674 1553 extitisset.

155 1591 296 1649 288.
343 1590 459 1649 Nec
483 1587 687 1664 refert,
726 1588 885 1669 quod
904 1609 971 1647 eo
999 1588 1191 1648 seculo
1213 1587 1480 1647 nondum
1506 1589 1751 1649 Ecclesia
1781 1611 2019 1667 romana
2046 1592 2191 1650 fines

76 1701 206 1743 suos
242 1684 304 1742 in
343 1682 593 1742 alterum
623 1682 1100 1764 hemisphaerium
1150 1704 1251 1742 seu
1286 1683 1750 1744 continentalem
1794 1695 2014 1744 terram
2052 1707 2191 1767 pro-

75 1779 273 1838 tulerit
292 1822 308 1852 ‚
346 1800 479 1838 cum
504 1777 628 1838 haec
651 1777 917 1838 nondum
945 1777 1172 1837 detecta
1195 1778 1437 1851 fuissett,
1470 1800 1610 1837 nam
1640 1778 1797 1838 idem
1828 1780 2191 1839 adversarius

73 1867 291 1954 pariter
308 1873 551 1948 fatetur,
569 1873 642 1932 ad
662 1873 948 1931 moralem
969 1871 1472 1932 universalitatem
1499 1874 1634 1932 satis
1657 1895 1805 1948 esse,
1827 1875 1976 1933 utin
1999 1877 2191 1934 omni·

71 1966 179 2027 bus
209 1950 416 2027 mundi
458 1971 685 2049 coquite
715 1965 1046 2046 regionibus
1081 1966 1463 2028 inveniantur
1500 1958 1869 2026 adhaerentes
1891 2011 1914 2040 ‚
1956 1981 2023 2027 ut
2064 1971 2189 2050 ipse

72 2061 362 2143 loquitur,
400 2084 554 2122 verae
576 2060 838 2122 Ecclesiae
859 2106 875 2134 a
906 2071 964 2120 et
992 2059 1114 2118 haec
1147 2060 1292 2119 fines
1324 2081 1456 2118 suos
1484 2060 1801 2142 protendat
1830 2083 1974 2120 cum,
1992 2062 2187 2122 debita

72 2158 444 2238 proportione
470 2157 533 2216 in
558 2155 684 2216 illas
718 2156 982 2236 regiones
997 2198 1022 2228 ,Α
1045 2174 1172 2236 quae
1205 2155 1521 2218 successive
1560 2144 1915 2236 deteguntur
1947 2156 2058 2238 (2).

71 2347 317 2413 adjiciens:
330 2344 588 2410 Hoc'modo
598 2344 828 2410 facillime
843 2344 977 2394 illam
989 2353 1080 2394 ter-

71 2428 256 2474 minari
267 2443 404 2492 posse
424 2428 752 2490 quoestionem‚
773 2424 938 2492 Epist.
956 2442 1082 2483 xuv,

69 2506 135 2555 ad
162 2506 450 2554 Elaeusium
468 2542 484 2566 ,
512 2525 563 2555 n.
597 2505 650 2557 3.
670 2507 813 2555 Paulo
852 2517 959 2555 ante
988 2508 1081 2555 duo

1168 2349 1310 2395 nium
1342 2355 1557 2394 nostrum
1578 2382 1592 2405 ‚
1617 2364 1724 2411 quae
1748 2356 1817 2395 est
1838 2365 2013 2413 sponsa
2039 2346 2102 2396 D.
2119 2347 2189 2398 N.

1169 2429 1222 2477 J.
1250 2427 1307 2476 C.
1349 2427 1401 2477 U
1401 2421 1607 2491 'niqeniti
1627 2428 1695 2474 -F
1694 2427 1774 2475 ilii
1803 2426 1914 2476 Dei.
1950 2428 2037 2476 Cui
2076 2447 2189 2477 con-.-

1172 2525 1338 2570 sonans
1356 2507 1406 2565 S,
1426 2508 1668 2569 pacianus,
1690 2507 1742 2555 E
1735 2510 1855 2574 pist.
1892 2526 1907 2557 ι
1929 2547 1943 2570 ,
1964 2509 2029 2558 ad
2048 2510 2191 2574 Sym-

69 2589 157 2637 alia
201 2589 495 2637 exhibuimus
535 2586 744 2652 ejusdem
779 2587 829 2636 S.
870 2588 1078 2636 Doctoris
1162 2592 1400 2656 pronian.
1429 2587 1534 2654 qu
1556 2590 1708 2654 sorte,
1733 2590 2189 2655 scribit‚inqressus

71 2672 332 2720 testimonia
358 2706 372 2729 ‚
409 2669 609 2718 alterum
641 2688 696 2717 ex
736 2669 815 2717 lib.
859 2666 927 2717 De
967 2666 1076 2716 util.

69 2752 320 2811 credendi,
354 2768 458 2816 cap.
483 2768 510 2817 7
531 2787 546 2811 ‚
569 2751 764 2800 alterum
795 2767 900 2798 vero
926 2767 979 2798 ex
1001 2748 1084 2796 lib.

70 2832 148 2882 De
178 2851 290 2882 vera
310 2835 448 2897 reliq.
475 2850 576 2898 cap.
607 2850 656 2900 7.
677 2830 722 2880 S.
753 2831 948 2898 Cyrillus
975 2831 1086 2879 Hie-

70 2918 284 2982 rosolym.
306 2916 497 2965 Catech.
519 2933 627 2964 xvlu
643 2953 657 2976 ‚
678 2925 835 2964 monet
849 2918 938 2964 iter·
949 2932 1087 2980 agen-

74 3006 163 3046 lem
180 3016 194 3047 2
209 2996 365 3062 Μηδὲ,
383 3004 468 3048 ποῦ’
486 2995 599 3047 e'o-eb
616 2999 772 3051 οἶπλόἶς
792 2997 820 3053 η’
839 2994 1082 3058 {nanno-lx,

73 3083 156 3128 ποῖ
199 3078 314 3130 ἐστὶν
364 3082 391 3137 οἱ
435 3078 649 3136 auxonam»)
681 3077 920 3135 ἐκκλησία·
958 3082 1085 3127 τοῖο-ο

72 3157 161 3227 ‘reip
200 3159 339 3213 ἔδαιον
384 3161 520 3228 ’ἕψομαι
562 3162 782 3226 τυγχάνει
826 3171 906 3218 τῆς
945 3163 1086 3221 οἷγίοις

73 3240 239 3299 vatis-ns·
256 3283 271 3307 ,
297 3243 374 3296 aaa)
403 3244 570 3314 μητρὶς
604 3249 720 3310 ipe&
741 3243 959 3297 ἁπάντων·
985 3241 1085 3299 ἥτις

75 3321 221 3387 ’ὗμφη
257 3324 335 3388 μὲν
370 3330 463 3379 e'a-ra
496 3334 575 3380 τοῦ
610 3328 761 3397 Κυρίου
805 3331 921 3392 »ἱμᾶἲν
959 3327 1088 3383 Ino-03

74 3412 291 3474 Χριστοῦ,
309 3414 388 3458 ‘too‘
406 3418 659 3472 μονογενοῦς
679 3415 770 3462 vio&
784 3417 862 3461 τοῦ
885 3416 1014 3461 Θιοό.
1034 3410 1086 3458 ld

75 3497 143 3539 est
172 3508 186 3538 :
214 3489 379 3554 Neque
400 3491 454 3542 iol
473 3503 657 3543 tantum
686 3512 872 3561 quaeras
892 3492 1084 3558 simpli·

75 3573 196 3621 citer
214 3608 228 3633 ‚
254 3572 343 3619 ubi
371 3574 434 3620 sit
463 3573 656 3624 ecclesia
672 3612 690 3639 ‚
715 3577 796 3625 sed
823 3576 907 3624 ubi
925 3574 1086 3624 catho-

75 3653 172 3701 lica
214 3652 451 3702 Ecclesia.
506 3653 613 3703 Hoc
664 3659 793 3706 enim
827 3658 1087 3724 proprium

80 3751 251 3784 nomen
280 3744 347 3783 est
365 3743 539 3785 sanctoe
564 3735 707 3802 hujus
742 3747 784 3787 et
807 3740 978 3788 matris
989 3754 1087 3786 om-

1162 2671 1447 2737 populosam
1479 2670 1640 2718 urbem
1663 2670 1804 2720 hodie
1823 2708 1837 2732 ,
1860 2672 2191 2720 Mcumarcio-

1171 2755 1321 2814 nitas,
1342 2769 1454 2802 cum
1470 2751 1866 2818 Apollinariacos
1881 2791 1894 2813 ‚
1913 2753 2185 2820 Cataphry-

1167 2852 1256 2900 yae
1281 2872 1295 2896 ‚
1324 2834 1624 2885 Novatianoae
1657 2843 1703 2883 et
1732 2843 1920 2883 coeteros
1954 2836 2190 2900 ey‘ucvnodi

1169 2918 1522 2983 comperissem,
1548 2918 1636 2981 qui
1653 2933 1701 2964 se
1726 2917 2014 2965 christianos
2043 2929 2182 2966 voca-

1170 3007 1276 3047 rent
1292 3032 1309 3060 ,
1340 3016 1432 3064 quo
1473 2999 1750 3063 coqnonzine
1777 3002 2183 3064 conqreqationem

1143 3125 1148 3129 ⁴
1172 3092 1288 3132 me‘oe
1299 3081 1457 3148 plebis
1472 3097 1772 3147 aqnoscerem
1790 3118 1803 3141 ‚
1823 3083 1928 3129 nisi
1953 3081 2184 3130 catholica

1171 3164 1443 3213 diceretur?
1467 3164 1580 3213 Haec
1608 3163 1896 3228 applicentur
1912 3164 2181 3229 Anglicanis

1173 3246 1329 3296 Russis
1347 3284 1361 3308 ‚
1403 3246 1566 3295 Graecis
1627 3245 1925 3294 schismaticis
1949 3283 1962 3306 ‚
2006 3257 2182 3312 protes-

1171 3329 1374 3377 tantibus
1395 3366 1409 3390 ‚
1432 3338 1477 3378 et
1505 3343 1717 3375 normam
1738 3337 1882 3376 tutam
1900 3328 2179 3377 habebimus

1170 3412 1229 3461 ad
1266 3429 1394 3462 veros
1423 3410 1667 3461 catholicos
1699 3428 1726 3460 a
1751 3405 1934 3460 'fictitiis
1976 3412 2180 3459 interno-

1171 3496 1359 3545 cendos.

1239 3577 1302 3644 (1)
1340 3576 1431 3642 Op.
1450 3578 1529 3626 cit.
1548 3584 1669 3642 part.
1689 3591 1783 3640 vn,
1802 3594 1900 3643 cap.
1922 3592 1972 3641 7,
1990 3592 2039 3639 p.
2064 3569 2178 3635 148.

1241 3660 1308 3730 (2)
1347 3659 1466 3708 thid.
