2514 4218
252 185 374 248 204

867 204 1061 246 macr.
1109 204 1179 242 ΒΕ
1223 203 1373 244 touls
1416 207 1794 249 THEOLOGICIS.

255 372 416 414 conc.
442 373 462 418 ,·
486 347 598 410 alio
622 369 795 410 sensu
812 392 829 423 ,
858 370 988 428 neq.
1031 345 1239 406 Nullus
1265 345 1573 408 haereticus
1595 371 1661 410 ac
1685 353 2082 412 schismaticus
2110 353 2384 416 voluisset

256 469 318 507 se
361 467 633 526 separare
673 444 746 505 ab
790 443 1035 504 Ecclesia
1082 464 1327 502 romana
1379 464 1480 503 seu
1527 444 1841 523 catholica,
1894 449 2215 509 dummodo
2265 450 2385 511 haec

255 564 424 625 passa
467 542 669 601 fuisset
690 586 706 615 ,
735 550 803 598 ut
829 560 1053 598 errores
1096 560 1230 598 suos
1263 550 1323 599 et
1352 561 1691 622 perversam
1729 544 1939 621 agendi
1978 545 2391 629 sentiendique

248 641 545 698 'rationem
568 637 810 717 impune
835 634 1181 694 retinerent.
1210 637 1356 694 Cum
1383 657 1523 695 vero
1544 635 1697 695 hanc
1717 649 1970 718 nequeat
1990 628 2386 702 conditionem

256 732 567 792 admittere
605 729 850 789 Ecclesia
891 752 1134 790 romana
1172 752 1274 790 seu
1315 731 1594 790 catholica
1617 733 1641 806 ,⁷
1672 744 1864 791 custos
1901 744 1960 792 et
2003 736 2215 796 vindex
2251 737 2387 798 fidei

260 840 436 909 atque
473 825 753 900 unitati8‚
798 824 933 885 data
975 827 1115 908 ipsis
1158 848 1391 909 semper
1434 828 1595 909 optio
1636 839 1724 887 est
1760 840 1861 887 aut
1895 828 2160 907 ejurandi
2204 853 2386 913 prava

263 922 565 1001 dogmata5
605 931 707 979 aut
733 922 1401 981 excommunicationem
1438 922 1747 982 subeundi.
1791 924 1876 983 Ita
1908 946 1968 982 se
1999 925 2173 1004 gessit
2208 928 2390 987 etiam

256 1016 544 1077 Lutherus
567 1062 582 1092 .,
631 1017 849 1078 fatente
879 1019 1005 1100 ipso
1042 1017 1417 1093 adversari03
1472 1020 1550 1077 ita
1586 1019 1818 1100 reliqui.
1857 1021 1986 1078 Non
2021 1032 2109 1079 est
2144 1020 2389 1081 Ecclesia

255 1134 496 1172 romana
532 1112 797 1173 adinstar
836 1114 1172 1187 arundiniS,
1225 1136 1354 1196 quae
1401 1114 1478 1174 ad
1543 1136 1783 1175 omnem
1828 1137 1953 1175 sese
2004 1113 2202 1175 flectat
2246 1139 2392 1177 ven-

256 1220 420 1284 tum3
464 1209 565 1269 sed
615 1221 703 1270 est
739 1210 1049 1271 aedificium
1083 1208 1395 1269 fundatum
1429 1232 1606 1292 supra
1648 1212 1879 1270 firmam
1926 1222 2191 1294 petram,
2232 1213 2393 1293 quod

258 1326 366 1365 nec
415 1306 576 1366 venti
617 1327 726 1366 nec
762 1306 975 1389 pluviae
1012 1306 1107 1367 vel
1150 1305 1410 1366 turbines
1450 1306 1752 1367 dimovere
1792 1319 2061 1389 possunt.
2093 1309 2397 1391 Quotquot

257 1401 506 1483 proinde
544 1402 760 1462 nolunt
798 1425 859 1463 se
904 1402 1225 1481 subjicere,
1267 1403 1606 1484 impingunt
1646 1403 1707 1461 in
1756 1402 1909 1462 hanc
1946 1415 2177 1486 petram
2218 1416 2400 1487 atque*

257 1497 631 1577 franguntur.
654 1499 877 1558 Veritas
897 1499 1057 1559 enim
1074 1499 1312 1558 Domini
1330 1509 1532 1558 manet
1546 1499 1607 1557 in
1633 1510 1939 1559 aeternum.
1968 1502 2137 1560 Certe
2163 1501 2211 1559 si
2229 1501 2392 1560 Hen-

257 1591 408 1652 ricus
444 1616 547 1655 vm
567 1641 582 1671 ‚
614 1582 816 1655 auctor
843 1594 1168 1655 schismatis
1192 1640 1208 1670 a
1255 1596 1541 1677 potuisset
1562 1639 1577 1669 .‚
1616 1596 1852 1655 vivente
1885 1594 2142 1676 legitima
2177 1618 2354 1656 uxore
2376 1642 2392 1671 ,

258 1687 432 1749 aliam
459 1690 671 1751 ducere
690 1716 705 1766 ς
730 1691 781 1750 'si
799 1691 1083 1773 potuisset
1101 1692 1424 1773 primatum
1453 1690 1563 1749 sibi
1589 1690 1884 1750 vindicare
1902 1691 2355 1752 ecclesiasticum
2375 1738 2391 1767 7

259 1787 455 1845 omnia
482 1808 696 1869 susque
729 1786 921 1868 deque
960 1788 1021 1846 in
1051 1787 1428 1847 ecclesiastica
1464 1786 1770 1869 disciplina
1800 1789 2086 1848 innovare
2115 1788 2357 1870 impune
2377 1832 2392 1863 ,

258 1902 564 1964 nunquam
603 1905 665 1943 se
701 1881 775 1942 ab
807 1883 1057 1943 Ecclesia
1104 1905 1345 1943 romana
1371 1929 1387 1957 7
1432 1881 1494 1941 id
1536 1894 1623 1945 est
1662 1882 1977 1957 catholica,
2013 1884 2396 1962 sejunxisset3

262 2000 470 2039 verum
507 2001 642 2039 cum
683 1980 804 2040 haec
840 1981 1113 2062 componi
1151 1980 1308 2039 inter
1346 2000 1407 2038 se
1448 1979 1693 2038 minime
1732 1990 2006 2061 possent,
2039 1989 2172 2059 post
2202 1976 2396 2059 plures

257 2077 743 2136 comminationes
779 2076 995 2135 frustra
1032 2098 1064 2136 a
1101 2078 1268 2134 Rom.
1303 2074 1581 2134 Pontifice
1615 2075 1794 2136 factas
1816 2120 1830 2147 .,
1871 2073 2114 2133 demum
2152 2084 2396 2134 ventum

259 2180 348 2230 est
383 2169 459 2229 ad
498 2183 829 2231 extremum
874 2171 1022 2230 illud
1055 2169 1674 2231 excommunicationis
1708 2169 2035 2228 remedium
2073 2169 2184 2246 (l)
2228 2166 2397 2242 Quod

258 2263 331 2326 de
371 2267 707 2326 continuata
759 2266 1031 2326 subditur
1065 2266 1476 2345 conjunctione
1516 2288 1651 2325 cum
1683 2264 1929 2326 Ecclesia
1966 2263 2284 2339 catholica,
2329 2274 2398 2323 ut

258 2383 412 2444 saepe
441 2361 853 2422 adnotavimus
871 2407 887 2430 ..
913 2362 1161 2443 intelligi
1185 2361 1361 2422 debet
1378 2363 1450 2422 de
1480 2384 1656 2444 opere
1676 2405 1692 2437 ,
1721 2373 1788 2421 ut
1810 2362 1891 2421 ita
1916 2361 2107 2421 dicam
2127 2405 2143 2436 .,
2170 2360 2400 2420 musivo

259 2455 333 2516 ab
365 2457 709 2520 adversariis
750 2459 1026 2533 invect03
1076 2465 1217 2519 nam
1266 2458 1429 2518 nulla
1462 2458 1573 2518 alia
1620 2456 1796 2517 datur
1834 2457 2083 2518 Ecclesia
2117 2455 2395 2516 catholica

260 2565 474 2637 praeter
502 2555 812 2614 Ecclesiam
837 2577 1178 2623 romanam,
1207 2576 1343 2614 cum
1371 2578 1486 2636 qua
1518 2554 1917 2614 identificatur
1943 2553 2053 2632 (2).

341 2651 481 2711 315.
531 2651 619 2711 Ad
659 2652 803 2727 nm,
845 2654 1004 2713 Dz‘st.
1048 2651 1135 2711 Ad
1177 2650 1592 2733 praecavendos
1635 2649 1849 2709 abusus
1893 2650 2160 2723 fictitios,
2195 2669 2353 2709 conc.
2377 2668 2397 2715 ,·

260 2890 497 2935 numentis
524 2904 577 2935 ac
606 2888 791 2951 regestis
815 2886 939 2935 illius
967 2887 1188 2951 temporis
1211 2887 1287 2933 in-

261 2966 467 3016 venitur.
513 2966 588 3016 Ab
637 2968 711 3016 his
746 2977 900 3016 tamen
940 2967 1175 3032 Episcopis
1210 2984 1287 3016 ea-

262 3047 461 3113 demque
487 3051 542 3098 ad
573 3052 796 3099 amussim
815 3050 961 3097 forma
993 3059 1286 3097 consecratus

263 3130 411 3180 fuerat
439 3131 623 3182 Parker.
657 3132 793 3182 Nunc
822 3149 927 3181 vero
957 3131 1169 3196 Episcopi
1205 3150 1288 3179 an-

265 3212 434 3278 glicani
458 3214 710 3278 gloriantur
751 3215 810 3264 de
843 3214 1138 3263 successione
1166 3230 1282 3278 apo-

262 3293 430 3343 stolica
448 3295 469 3342 !

333 3380 398 3441 (Ι)
433 3377 532 3426 Cfr.
571 3377 710 3428 Card.
765 3379 1072 3438 pallavicini,
1121 3375 1286 3428 Storia

263 3459 339 3509 del
370 3458 589 3510 Concilio
605 3460 660 3508 cli
686 3461 883 3523 Tremo,
905 3462 1060 3522 lib.n‚
1077 3478 1180 3525 cap.
1206 3476 1285 3524 17,

264 3553 310 3592 et
350 3543 435 3593 lib.
476 3560 565 3604 ιιι,
615 3560 718 3609 cap.
776 3544 871 3608 153
921 3556 1024 3594 tum
1068 3544 1284 3593 Nicolaus

266 3625 523 3691 Sanderus‚
567 3624 648 3676 De
694 3626 882 3691 oriqine
935 3645 993 3678 ao
1028 3642 1287 3695 proyressu

264 3710 540 3759 schismatis
571 3710 827 3775 ‹mqlicam‘
873 3711 959 3760 tib.
994 3721 1121 3775 tres,
1157 3712 1292 3759 aucei

1360 2903 1452 2952 per
1493 2883 1787 2935 Eduardum
1835 2884 2191 2944 Rfflsfflonum,
2237 2884 2399 2932 Romae

1376 2966 1505 3017 1586
1524 3004 1540 3030 ,
1573 2980 1616 3017 et
1650 2986 1759 3016 cum
1802 2968 2063 3034 appendice
2095 2966 2214 3015 Petri
2254 2964 2397 3014 Biba-

1369 3051 1564 3100 deneirae
1583 3089 1595 3110 ‚
1616 3050 1820 3099 Coloniae
1840 3050 2097 3114 Agrippinae
2123 3047 2248 3115 1590
2278 3064 2291 3111 3
2310 3064 2397 3098 nec

1369 3152 1466 3183 non
1497 3133 1727 3199 Lingard‚
1756 3149 1835 3196 op.
1868 3134 1950 3179 cit.

1432 3217 1500 3279 (2)
1541 3216 1759 3281 Apposite
1788 3213 1839 3262 S.
1878 3212 2189 3277 Hieronymus
2214 3214 2278 3261 sic
2309 3230 2390 3261 ur-

1367 3300 1503 3365 gebat
1536 3298 1808 3358 Ruffinum,
1838 3297 1889 3344 in
1911 3294 2117 3361 Apoloq.
2155 3310 2173 3343 1
2196 3333 2210 3356 ‚
2244 3314 2292 3346 n.
2328 3294 2361 3360 4
2380 3334 2393 3357 ,

1370 3384 1483 3432 edit.
1521 3382 1719 3431 Vallars.
1754 3378 1932 3427 Fidem
1965 3395 2104 3426 suam
2139 3396 2282 3443 quam
2314 3395 2396 3427 vo-

1370 3469 1489 3514 cat?
1522 3463 1744 3518 Eamne,
1777 3479 1874 3527 qua
1904 3478 2106 3510 romana
2123 3459 2263 3528 pollet
2292 3458 2391 3510 Ec·

1367 3545 1552 3595 alesia?
1585 3548 1671 3595 An
1709 3543 1846 3593 illam
1866 3580 1883 3603 ,
1927 3561 2034 3610 quoe
2070 3545 2124 3592 in
2157 3543 2389 3608 Oriqenis

1369 3627 1697 3678 columinibus
1718 3628 2033 3677 continetur?
2059 3624 2126 3676 Si
2141 3641 2393 3675 romanam

1379 3710 1704 3778 responderit,
1736 3728 1842 3778 erqo
1877 3709 2101 3761 catholici
2127 3724 2309 3758 siamus.
