2514 4218
366 197 481 256 164

960 214 1156 255 TRACT.
1207 216 1275 251 DE
1320 215 1469 254 LOCIS
1511 217 1893 256 THEOLOGICIS.

446 362 587 422 264.
635 362 724 423 Ad
753 362 868 436 411¹,
901 363 1063 421 Dz'sc.
1103 361 1186 420 Ex
1215 360 1308 435 iis,
1338 380 1591 441 quorum
1617 361 1806 423 cultus
1828 364 1891 422 in
1914 362 2228 427 universali
2250 364 2494 426 Ecclesia

364 470 635 542 receptus
667 480 787 518 non
822 467 942 530 est,
981 466 1201 524 tran8.,·
1233 476 1306 515 ex
1334 455 1401 514 iis
1423 502 1439 530 ,
1468 477 1722 537 quorum
1758 458 1948 519 cultus
1993 470 2263 542 receptus
2297 470 2388 520 est
2431 462 2495 519 in

365 556 632 619 universa
666 551 910 613 Ecclesia
925 596 941 626 ,
969 573 1098 632 neq.
1129 552 1289 628 Esto,
1313 551 1665 635 quandoque
1689 552 1863 612 nimis
1877 576 1938 614 se
1961 555 2153 639 faciles
2178 553 2495 638 praebuisse

365 663 591 716 veteres
638 647 961 708 nonnullos
1009 648 1072 707 in
1119 647 1503 708 decernendis
1549 648 1723 707 sacris
1771 647 2093 711 honoribus
2141 651 2343 725 alicui,
2397 651 2498 734 qui

365 745 685 810 sanctitatis
722 745 876 804 fama
906 743 1339 827 percrebuerit3
1372 756 1438 803 ut
1460 743 1785 827 plurimum
1808 756 2008 806 tamen
2032 747 2278 807 istorum
2307 747 2498 807 cultus

367 845 523 903 intra
562 838 930 923 particularis
970 840 1284 901 dioeceseos
1339 852 1440 899 aut
1485 841 1799 922 provinciae
1838 840 2053 902 limites
2090 861 2151 902 se
2184 843 2493 903 continuit.

366 941 424 999 M
430 936 853 1019 artyrologium
877 958 1194 996 romanum
1215 958 1339 997 non
1374 936 1555 996 semel
1588 935 1663 996 ad
1689 938 1976 996 trutinam
2010 947 2349 1001 revocatum
2376 949 2496 1013 est,

365 1045 427 1095 et
466 1055 589 1093 non
625 1025 807 1115 pauca
834 1031 1051 1093 exinde
1082 1033 1325 1092 nomina
1361 1044 1677 1116 expuncta.
1723 1032 2000 1093 Ceterum
2033 1055 2341 1116 nunquam
2375 1055 2499 1093 non

368 1129 703 1210 invigilavit
742 1128 1024 1204 Ecclesia,
1067 1150 1143 1189 ne
1179 1128 1366 1189 cultus
1414 1129 1669 1210 indignis
1712 1129 2122 1190 decerneretur
2157 1130 2277 1213 (1),
2314 1128 2500 1197 donec

366 1226 616 1286 Romani
651 1225 964 1285 Pontifices
987 1269 1005 1300 ‚
1050 1235 1117 1283 ut
1142 1225 1487 1308 cuicumque
1532 1224 1738 1285 abusui
1774 1225 2002 1285 aditum
2034 1224 2494 1307 praecluderent,

366 1322 442 1381 ad
475 1343 536 1382 se
567 1319 863 1383 exclusive
892 1320 999 1381 has
1023 1341 1222 1380 causas
1247 1333 1603 1382 revocarunt
1620 1367 1635 1396 ,
1670 1332 1730 1382 et
1764 1321 1933 1404 plura
1958 1320 2241 1403 sapientia
2265 1342 2332 1380 ac
2353 1342 2498 1403 pru-

365 1419 566 1480 dentia
605 1419 819 1478 reserta
850 1416 1082 1478 decreta
1115 1418 1178 1476 in
1206 1439 1343 1478 eum
1374 1418 1556 1476 finem
1588 1417 1936 1493 ediderunt,
1971 1416 2365 1478 severissimas
2401 1437 2499 1477 re-

363 1515 525 1597 gulas
558 1525 919 1588 sanxerunt3
947 1514 1458 1595 congregationem
1488 1533 1787 1573 sacrorum
1815 1514 2038 1574 rituum
2072 1514 2456 1574 instituerunt
2479 1557 2496 1583 ,

363 1632 497 1694 quae
526 1610 710 1670 doctis
735 1609 1017 1689 theologis
1040 1655 1055 1683 ,
1094 1609 1194 1691 qui
1216 1607 1622 1669 consultorum
1641 1629 1887 1669 munere
1913 1609 2239 1690 funguntur
2260 1655 2276 1685 ,
2313 1609 2500 1669 utitur

366 1706 443 1767 ad
504 1727 596 1766 res
645 1704 903 1788 singulas
947 1715 1084 1787 apte
1125 1703 1581 1786 expendendas3
1623 1726 1657 1763 a
1693 1703 1830 1765 fidei
1865 1715 2203 1787 promotore
2255 1703 2497 1786 aliisque

359 1801 593 1861 idoneis
631 1802 772 1861 viris
801 1799 1038 1879 juridici
1083 1821 1385 1881 processus
1423 1810 1882 1874 construuntur,
1924 1821 2033 1859 nec
2055 1845 2072 1875 ‚
2097 1800 2211 1858 nisi
2255 1798 2497 1859 demum

357 1895 806 1957 difficultatibus
841 1894 1115 1956 omnibus
1151 1897 1359 1978 saepius
1398 1895 1665 1954 discussis
1700 1905 1876 1976 atque
1918 1894 2242 1976 explanatis
2264 1938 2282 1968 ,
2324 1893 2495 1975 quid-

364 2015 544 2076 quam
568 1992 836 2052 Pontifex
864 1991 1128 2051 decernit
1149 2012 1326 2073 super
1349 1989 1667 2052 virtutibus
1694 1990 1758 2049 in
1785 1989 1967 2070 gradu
2002 1988 2321 2063 eminenti,
2363 1990 2497 2071 qui—

352 2089 473 2150 -bus
502 2088 728 2149 fulsisse
747 2135 764 2164 ,
798 2087 898 2149 ille
918 2087 991 2148 de
1018 2109 1134 2170 quo
1156 2087 1345 2168 agitur
1365 2133 1380 2162 .,
1416 2085 1763 2169 perhibetur
1790 2084 1902 2166 (2).
1935 2085 2086 2145 Cum
2110 2106 2252 2147 vero
2287 2085 2367 2146 ad
2388 2084 2495 2146 hos

431 2340 499 2403 (l)
535 2337 638 2389 Cfr.
685 2338 861 2387 Bened.
896 2354 1006 2398 ΧΠ,
1038 2335 1109 2387 De
1148 2336 1314 2400 beatis}
1349 2345 1395 2384 et
1478 2345 1773 2386 conversatus
1811 2344 1872 2385 et'
1900 2340 2113 2384 mortuus
2153 2346 2253 2400 est3
2295 2346 2339 2386 et
2374 2336 2489 2387 alter

350 2423 589 2476 canonis.
621 2420 910 2469 Sanctorum
929 2458 942 2481 ‚
988 2419 1076 2468 lib.
1106 2434 1153 2480 1,
1193 2436 1295 2484 cap.
1324 2434 1353 2466 α
1375 2457 1388 2479 ,

360 2524 494 2573 seqq.
527 2506 784 2571 praesertim
819 2521 925 2570 cap.
953 2501 991 2553 6
1016 2512 1063 2552 et
1085 2519 1136 2570 7.

431 2588 502 2652 (2)
534 2587 773 2653 *Equidem
828 2597 956 2635 tanta
992 2588 1235 2635 securitate
1258 2622 1271 2645 ‚
1323 2595 1391 2634 tot

294 2662 296 2664 ³
356 2670 657 2721 adminiculis
690 2706 705 2732 ,
752 2679 880 2718 tanto
924 2671 1120 2717 testium
1158 2677 1387 2732 apparatu

348 2753 615 2823 juridicum
666 2751 788 2800 istud
820 2750 879 2799 de
911 2749 1160 2798 virtutibus
1192 2765 1386 2798 examen

358 2834 418 2883 ab
436 2833 701 2901 Apostolica
738 2830 857 2882 Sede
899 2832 1186 2890 instituitur,
1231 2840 1283 2879 ut
1327 2833 1387 2880 sit

360 2920 553 2966 omnino
595 2915 928 2974 asserendum,
966 2913 1151 2961 nullum
1196 2914 1385 2963 existere

359 3002 411 3047 in.
440 3002 654 3049 universa
694 2998 880 3063 Europa
919 2995 1126 3044 tribunal
1148 3033 1162 3056 ,
1203 2994 1252 3043 in
1289 3014 1382 3062 quo

360 3099 413 3131 eo
438 3085 585 3148 rigore
599 3096 749 3131 causae
773 3080 1083 3129 discutiantur
1104 3115 1118 3137 ‚
1141 3079 1237 3126 imo
1254 3079 1382 3145 quod

359 3181 467 3213 cum
512 3182 566 3213 eo
606 3164 678 3213 vel
716 3163 916 3212 conferri
951 3163 1107 3227 possit.
1136 3159 1196 3209 Ut
1223 3171 1379 3210 autem

359 3246 550 3311 aliquod
572 3250 671 3312 ejus
699 3247 938 3311 specimen
953 3242 1182 3309 praebeam
1207 3280 1220 3302 ‚
1241 3253 1379 3308 prout

361 3327 533 3393 praebui
569 3328 626 3375 de
654 3328 890 3376 miraculis
909 3365 922 3384 ,
951 3326 1031 3374 hic
1061 3335 1130 3374 est
1154 3326 1204 3372 in
1226 3329 1376 3374 causis

360 3408 636 3459 Sanctorum
655 3409 969 3477 dijudicandis
997 3418 1147 3457 tenor.
1187 3416 1235 3455 1⁰
1259 3407 1381 3456 Prae-

359 3493 520 3544 cedere
553 3491 691 3540 debet
715 3509 953 3556 processus
978 3491 1112 3539 samae
1130 3492 1383 3539 sanctitatis

359 3587 403 3626 et
437 3574 770 3625 miraculorum
809 3577 859 3622 in
891 3591 1081 3638 genere,
1124 3570 1206 3639 qui
1231 3574 1380 3621 confi·

359 3661 478 3707 citur
503 3657 560 3707 ab
581 3655 828 3706 Ordinatio
849 3657 995 3718 illius,
1023 3656 1081 3704 de
1100 3671 1194 3723 quo
1210 3657 1380 3719 agitur,

358 3740 483 3808 apud
500 3744 735 3791 civitatem
759 3748 839 3789 aut
876 3741 1190 3805 provinciam,
1218 3740 1265 3786 in
1292 3756 1384 3805 qua

1475 2435 1713 2484 processus
1744 2418 1802 2467 de
1845 2436 1942 2467 non
1979 2419 2110 2467 cultu
2150 2415 2279 2486 juxta
2311 2418 2492 2467 decreta

1475 2500 1652 2550 Urbani
1694 2518 1790 2550 vm.
1843 2510 1898 2549 2⁰
1939 2499 2087 2549 Debet
2121 2509 2329 2548 constare
2369 2503 2491 2567 juri·

1473 2583 1576 2632 dice
1594 2618 1610 2644 ‚
1643 2592 1802 2630 utrum
1826 2582 1904 2629 ille
1934 2597 2170 2646 processus
2191 2583 2320 2646 juxta
2356 2599 2491 2647 regu-

1471 2665 1538 2713 las
1553 2667 1832 2729 praescriptas
1847 2662 2084 2713 confectus
2099 2664 2254 2712 fuerit.
2280 2666 2334 2713 3⁰
2349 2651 2490 2715 Misso

1470 2757 1668 2813 utroque
1692 2763 1905 2811 processu
1941 2746 1999 2794 ad
2030 2745 2083 2796 S.
2129 2745 2297 2796 Sedem
2328 2748 2487 2814 sigillis

1468 2832 1652 2878 munito
1681 2840 1725 2878 et
1749 2828 1987 2894 obsignato
2006 2866 2019 2889 ‚
2052 2840 2189 2896 atque
2211 2830 2376 2880 debitis
2394 2869 2407 2892 ‚
2436 2843 2487 2881 ut

1468 2921 1665 2970 vocant,
1712 2912 2071 2960 formalitatibus
2113 2922 2269 2978 aperto
2304 2923 2350 2963 et
2381 2931 2486 2980 pro-

1466 2995 1608 3057 bato;
1637 2992 1691 3058 4⁰
1718 2995 2020 3061 postulatores
2043 3010 2199 3045 causae.
2222 2998 2391 3045 instare
2406 2997 2482 3046 de·

1465 3078 1576 3128 bent
1616 3096 1698 3144 pro
1740 3076 1914 3125 litteris
1956 3074 2394 3138 remiaaorialibm,
2432 3089 2483 3127 ut

1465 3161 1741 3210 conficiatur
1767 3175 2006 3225 processus
2038 3158 2314 3223 apostolicus
2342 3175 2481 3226 super

1464 3245 1590 3294 fama
1625 3244 1876 3293 sanctitatis
1905 3253 1949 3290 et
1979 3242 2313 3291 miraculorum
2337 3245 2388 3292 in
2404 3262 2480 3310 ge-

1462 3344 1592 3377 nere.
1633 3326 1715 3374 Hae
1751 3334 1907 3374 autem
1939 3323 2110 3372 liueroe
2140 3325 2481 3375 remissoriales

1466 3428 1491 3459 a
1508 3427 1605 3458 sac.
1625 3409 1983 3477 congregatione
1999 3409 2182 3456 rituum
2208 3408 2355 3457 tribus
2372 3408 2482 3475 Epi-

1465 3493 1616 3557 scopis
1650 3489 1967 3539 inscribuntur
2002 3507 2110 3539 cum
2150 3489 2391 3552 clausula,
2429 3501 2483 3539 ut

1464 3574 1559 3622 duo
1598 3573 1655 3621 ad
1700 3573 1956 3621 minimum
1991 3573 2245 3639 procedant
2283 3573 2342 3621 ad
2375 3590 2480 3639 pro-

1467 3672 1645 3705 cessum
1665 3655 1907 3720 apostolica
1919 3657 2190 3705 auctoritate
2220 3665 2482 3706 construen-

1465 3739 1601 3789 dum.
1617 3737 1952 3808 Quogconfecto
1976 3749 2021 3789 et
2046 3738 2307 3805 approbato
2326 3774 2341 3799 ‚
2363 3735 2414 3787 5ο
2430 3737 2480 3786 fit
