2514 4218
317 173 429 232 154

917 196 1113 233 TRACT.
1159 194 1227 231 DE
1269 194 1419 233 Locls
1462 197 1838 237 THEOLOGICIS.

392 335 533 395 252.
581 338 782 418 Neque
804 336 865 396 id
882 338 1165 396 evincunt
1187 335 1383 418 plures
1407 338 1778 418 paucioresve
1802 345 2131 425 pervicaces
2157 346 2432 410 doctrinas

305 432 665 511 jansenianae
689 432 916 492 asseclae
949 431 1073 493 sive
1104 430 1311 491 occulti
1358 433 1480 494 sive
1513 435 1839 515 manifesti,
1873 442 1978 522 qui>
2001 453 2167 501 tanto
2196 453 2438 526 tempo-

311 530 390 588 ris
416 528 583 611 lapsu
610 527 826 609 ubique
851 526 970 587 fere
998 527 1309 587 Ecclesiam
1332 573 1348 604 a
1372 550 1403 587 a
1426 551 1540 610 qua
1564 528 1825 596 damnati
1848 549 1984 596 sunt
2001 584 2017 613 ,
2047 539 2401 600 infestarunt
2417 582 2436 615 ,

313 623 456 706 quin
515 645 644 682 eam
692 620 1164 695 maculaverint3
1215 622 1419 682 eadem
1468 624 1693 684 ratione
1723 670 1738 700 ,
1790 649 1904 709 qua
1948 630 2090 694 olim
2140 633 2439 694 Manichaei

313 741 378 779 ac
414 717 703 798 pelagiani
737 716 991 776 haeretici
1014 764 1030 793 7
1071 719 1171 801 qui
1211 741 1517 802 nunquam
1550 742 1611 779 se
1650 720 1723 780 ab
1766 723 2012 784 Ecclesia
2041 740 2394 810 separarunt
2416 775 2432 804 .,

313 815 472 875 illam
507 814 711 874 haeresi
741 835 844 873 sua
884 836 1005 874 non
1035 815 1364 875 infecerunt
1400 816 1511 898 (l).
1543 818 1790 890 Quando
1829 819 2095 883 doctrina
2141 823 2335 906 aliqua
2373 837 2440 885 ut

315 1048 675 1115 independentia
743 1046 1023 1098 individuali
1088 1066 1334 1116 nunquam

315 1135 533 1198 componi
557 1138 804 1198 poterunt,
831 1135 905 1185 vix
935 1134 1171 1199 integrum
1202 1133 1337 1184 volu-

316 1235 429 1266 men
455 1219 512 1277 iis
538 1215 906 1282 complectendis
942 1217 1190 1270 sufficeret.
1221 1217 1340 1268 Satis

315 1301 395 1349 hic
436 1302 495 1348 sit
539 1301 803 1366 speciminis
843 1317 952 1365 ergo
991 1300 1067 1350 vel
1111 1303 1343 1367 praecipua

316 1384 508 1431 nomina
558 1398 793 1430 recensere
839 1392 1094 1442 sectarum,
1140 1390 1244 1449 quae
1289 1401 1342 1431 ex

319 1450 416 1516 solo
444 1465 783 1514 lutheranismo
810 1482 949 1513 suum
975 1465 1242 1514 habuerunt
1271 1484 1345 1515 or-

319 1562 419 1600 tum
449 1566 463 1610 ;
514 1551 589 1599 vix
628 1550 754 1597 enim
802 1548 880 1596 ille
935 1548 1090 1598 lucem
1134 1552 1341 1614 aspexit,

320 1633 445 1683 illico
485 1631 756 1699 prodierunt
808 1630 1122 1697 Anabaptistae
1141 1668 1156 1693 ‚
1215 1630 1348 1679 Anti-

321 1718 531 1766 nomiani
558 1751 575 1777 ,
617 1711 917 1764 Osiandriani
939 1749 955 1776 ‚
1008 1711 1295 1762 Stancariani
1327 1749 1344 1775 ‚

322 1800 570 1867 Maj0ristae
598 1833 617 1861 ‚
672 1797 968 1848 Ansdorfiani
987 1835 1002 1858 ‚
1055 1795 1347 1863 Synergistae,

324 1882 555 1931 Flacciani
569 1915 587 1942 ‚
615 1879 965 1946 Adiaphoristae‚
984 1879 1311 1929 Substantiarii
1332 1917 1346 1942 ,

327 1965 638 2014 Aecidentarii
662 2000 676 2025 ,
715 1964 985 2012 Masculani
1003 2001 1015 2024 ‚
1061 1963 1349 2030 Ubiquistae‚

327 2058 417 2097 etc.
453 2064 558 2113 quae
589 2064 771 2094 rursum
808 2056 937 2094 sectae
969 2044 1218 2094 subdivisae
1245 2055 1353 2093 sunt

329 2141 372 2179 et
386 2132 557 2178 iterum
573 2130 744 2189 divisae,
764 2138 816 2177 ut
834 2133 898 2178 ita
914 2129 1065 2178 dicam
1079 2168 1096 2188 ,
1113 2131 1161 2176 in
1187 2127 1353 2178 infini-

330 2223 464 2274 tum,
506 2229 560 2260 ac
588 2229 636 2261 se
670 2214 869 2261 invicem
902 2211 1195 2272 maledictis,
1238 2215 1352 2260 ana-

330 2294 642 2355 thematibus,
688 2296 910 2344 conviciis
956 2298 1214 2361 omnigenis
1248 2312 1357 2360 pro-

331 2380 621 2429 scindebant.
645 2377 743 2427 Cfr.
779 2376 890 2428 Jod.
918 2378 1111 2427 Coccius
1131 2417 1145 2440 ‚
1166 2397 1245 2444 op.
1274 2381 1355 2429 cit.

333 2460 406 2511 De
437 2463 595 2527 siquis
617 2459 878 2524 Ecclesiae,
913 2472 1002 2510 art.
1039 2479 1067 2527 7
1090 2500 1103 2522 ‚
1143 2462 1226 2510 ubi
1258 2479 1357 2527 pro·

334 2544 437 2593 latis
453 2545 745 2593 documentis
776 2544 976 2592 ostendit
998 2582 1011 2604 ‚
1036 2544 1298 2612 Lutherum
1336 2562 1361 2592 a

335 2627 539 2675 Luthero
559 2663 574 2687 ,
618 2625 1034 2675 Melanchthonem
1071 2646 1098 2676 a
1125 2627 1361 2676 Melanch·

336 2708 478 2757 thone
497 2744 511 2769 ,
546 2706 794 2756 Calvinum
825 2727 851 2757 a
880 2708 1107 2769 Calvino,
1137 2708 1361 2756 Luthera-

338 2809 423 2839 nos
453 2809 479 2840 a
498 2789 773 2839 Lutheranis
791 2828 804 2849 ,
833 2790 1223 2839 Sacramentarios
1243 2788 1365 2838 aSa·

340 2875 653 2923 eramentariis
671 2911 685 2934 ‚
718 2873 1037 2939 Anabaptistas
1065 2872 1125 2921 ab
1143 2872 1363 2937 Anabap-

342 2960 494 3018 tisfis,
523 2955 894 3007 Antitrinitarios
929 2956 989 3005 ab
1018 2955 1365 3004 Antitrinitariis

344 3040 536 3089 mirifice
553 3040 801 3102 dissidere3
833 3042 946 3089 item
968 3049 1056 3088 art.
1076 3036 1129 3101 8,
1150 3055 1183 3105 9
1201 3048 1246 3087 et
1271 3054 1330 3087 ιο
1350 3077 1364 3101 ,

345 3124 395 3169 in
423 3123 593 3189 quibus
624 3123 749 3172 idem
784 3132 1108 3188 argumentum
1140 3122 1240 3170 fuse
1265 3139 1368 3187 per-

346 3208 556 3272 sequitur
576 3242 590 3266 ,
624 3207 909 3256 ostendendo
939 3204 1178 3273 quomodo
1215 3205 1370 3256 luthe-

347 3290 449 3337 rani
481 3306 507 3336 a
541 3288 802 3338 Calvinistis
828 3307 882 3339 ac
907 3290 1075 3356 reliqui
1099 3289 1277 3338 sectarii
1310 3289 1369 3337 ab

346 3373 548 3420 invicem
580 3372 849 3421 dissentiant
878 3390 933 3422 ac
965 3381 1127 3422 mutuo
1158 3388 1206 3419 se
1240 3371 1370 3420 dam-

351 3463 482 3503 nent.
517 3452 698 3503 Ibidem
732 3457 938 3505 invenies
985 3453 1234 3519 singularia
1286 3472 1370 3502 en-

352 3538 502 3586 comia
519 3572 534 3600 ,
568 3536 736 3603 quibus
756 3555 802 3586 se
819 3549 981 3587 mutuo
1008 3535 1369 3597 commendant,

355 3637 461 3687 quae
491 3621 601 3670 talia
631 3629 772 3682 sunt,
808 3632 861 3670 ut
895 3622 1014 3671 nihil
1041 3636 1252 3688 unquam
1287 3619 1369 3667 ad-

359 3721 513 3754 versus
530 3701 633 3754 illos
652 3702 941 3754 aCatholicis
964 3704 1113 3754 simile
1142 3702 1377 3769 prolatum

1427 1053 1585 1102 fuerit.
1616 1053 1672 1101 Et
1702 1056 1776 1102 isti
1815 1072 1943 1104 nunc
1990 1057 2267 1122 exprobrant
2307 1058 2447 1107 nobis

1425 1134 1682 1185 domestica
1708 1137 1927 1186 dissidia!
1967 1136 2016 1187 Si
2050 1138 2274 1190 Gablerus
2297 1141 2444 1190 adiret

1425 1216 1744 1279 Hollandiam‚
1768 1221 1834 1269 ibi
1854 1232 2003 1287 posset
2024 1225 2302 1288 comperire,
2320 1242 2445 1290 quae·

1426 1318 1534 1349 nam
1581 1318 1666 1366 pax
1698 1304 1816 1351 inter
1856 1306 2092 1353 ministros
2131 1305 2235 1353 illos
2278 1307 2445 1370 vigeat.

1426 1381 1641 1432 Ceterum
1655 1384 1713 1432 ab
1731 1388 1882 1434 omnis
1900 1389 2061 1435 erroris
2080 1397 2190 1436 nota
2207 1388 2449 1436 thomistas

1431 1465 1641 1514 vindicat
1674 1466 1898 1531 Bessum,
1945 1468 2224 1518 DeuxiEme
2253 1471 2454 1518 avertis-

1430 1555 1612 1596 sement
1635 1565 1738 1597 aum
1761 1558 2063 1615 protestans,
2108 1551 2135 1619 g
2173 1569 2232 1602 ιο
2257 1591 2271 1614 ‚
2311 1553 2452 1601 moli—

1430 1630 1573 1678 nistas
1615 1646 1727 1679 vero
1773 1631 1893 1680 ibid.
1935 1630 1961 1698 §
2004 1629 2080 1683 18.
2118 1634 2281 1700 Itaque
2327 1636 2453 1683 inter

1433 1711 1517 1761 hos
1551 1709 1790 1779 theologos
1833 1715 2045 1782 aliosque
2084 1717 2322 1766 catholicas
2362 1717 2452 1766 Ec·

1434 1794 1581 1843 clesiae
1616 1796 1823 1845 doctores
1855 1815 1952 1845 non
1983 1801 2133 1864 agitur
2157 1801 2246 1846 nisi
2269 1799 2328 1847 de
2351 1801 2453 1864 opi·

1435 1877 1654 1926 nionibus
1697 1879 1887 1942 liberis,
1940 1883 1990 1928 in
2038 1880 2208 1947 quibus
2253 1882 2457 1946 profecto

1437 1962 1620 2010 tuendis
1650 1970 1747 2010 non
1790 1961 1969 2011 laeditur
1993 1964 2212 2019 charita&
2249 1962 2386 2029 Quod
2419 1966 2457 2013 si

1438 2043 1657 2092 nonnulli
1687 2047 1851 2109 privati
1895 2046 2130 2093 interdum
2166 2056 2457 2102 excesserunt

1439 2129 1491 2174 in
1534 2127 1803 2192 disputandi
1845 2137 1992 2186 aestu,
2038 2144 2111 2176 eos
2143 2138 2446 2176 coercuerunt

1440 2210 1580 2261 Rom.
1612 2211 1855 2260 Pontifices
1888 2213 2237 2276 sapientissimis
2253 2212 2451 2261 decretis

1442 2305 1487 2343 et
1511 2295 1568 2342 ad
1603 2311 1766 2359 pacem
1803 2294 2024 2342 cohortati
2061 2304 2190 2344 sunt.
2222 2293 2459 2343 Nonnulla

1443 2376 1624 2426 decreta
1673 2377 1767 2425 huc
1807 2378 2061 2442 spectantia
2126 2378 2368 2426 retulimus
2410 2378 2460 2425 in

1444 2468 1579 2509 tract.
1596 2457 1666 2509 De
1680 2460 1863 2524 qratia,
1886 2470 2006 2523 part.
2021 2475 2059 2520 1,
2083 2477 2186 2523 cap.
2202 2457 2252 2522 4,
2271 2477 2324 2508 n.
2344 2458 2458 2514 330,

1445 2553 1482 2591 t.
1503 2562 1528 2592 v
1546 2579 1561 2599 ,
1582 2560 1630 2607 p.
1661 2541 1749 2590 152
1773 2578 1787 2601 ‚
1805 2540 1982 2608 quibus
2001 2542 2089 2589 alia
2102 2543 2239 2607 adjici
2255 2525 2460 2606 possent.

1514 2622 1583 2687 (l)
1621 2623 1795 2672 Notum
1814 2660 1827 2682 ,
1846 2634 1912 2672 est
1926 2623 2098 2689 quibus
2117 2624 2292 2672 artibus
2320 2640 2371 2672 se
2390 2633 2461 2672 te·

1446 2716 1602 2771 gerent
1642 2704 1886 2755 Manichaei
1916 2725 1976 2755 ne
2017 2717 2373 2771 agnoscerentur
2411 2707 2461 2754 in

1405 2853 1410 2856 Π
1447 2788 1651 2837 Ecclesia
1668 2789 1911 2838 catholica.
1933 2789 2035 2837 Huc
2050 2798 2258 2854 spectant
2287 2789 2464 2838 decreta

1448 2869 1498 2921 S.
1520 2872 1685 2920 Leonis
1730 2872 1798 2921 Μ.
1840 2882 1886 2921 et
1919 2870 2113 2934 Gelasii,
2157 2871 2216 2921 de
2244 2871 2468 2920 sumenda

1450 2954 1735 3003 Eucharistia
1761 2955 1847 3004 sub
1865 2965 2062 3021 utraque
2091 2957 2279 3019 specie,
2306 2964 2358 3002 ut
2377 2953 2486 3001 hac*

1451 3040 1626 3089 ratione
1645 3038 1713 3086 illi
1730 3037 1939 3086 haeretici
1973 3037 2309 3102 detegerentur.
2331 3033 2467 3099 Quod

1452 3138 1565 3170 vero
1608 3122 1773 3170 attinet
1808 3120 1872 3168 ad
1903 3118 2208 3185 Pelagianos,
2253 3118 2311 3166 de
2358 3120 2469 3183 ipsis

1453 3204 1610 3253 scribit
1638 3202 1691 3252 S.
1715 3199 2010 3268 Augustinus
2027 3238 2040 3261 ‚
2071 3200 2157 3250 lib.
2184 3199 2265 3248 De
2278 3207 2475 3266 peccato

1455 3287 1578 3349 oriq.
1602 3302 1707 3350 cap.
1739 3300 1837 3332 xvn
1854 3320 1869 3344 ,
1903 3301 1954 3332 n.
1979 3279 2037 3330 18
2062 3300 2075 3331 ε
2102 3281 2205 3330 Eos
2226 3290 2479 3349 propterea

1455 3368 1794 3428 sectabantur,
1821 3367 1938 3431 quia
1979 3365 2225 3415 catholiam
2263 3382 2478 3414 commu-

1457 3452 1627 3500 nionis
1653 3447 1876 3499 videbant
1911 3466 2008 3496 esse
2046 3451 2266 3498 sociatos.
2301 3448 2477 3499 Eadem

1459 3536 1602 3586 refert
1629 3534 1807 3583 Marius
1833 3533 2058 3583 Mercator
2073 3574 2089 3596 ,
2112 3533 2235 3600 apud
2250 3531 2474 3600 praedest.

1462 3617 1627 3667 hoereo.
1660 3613 1744 3666 88.
