2514 4218
2069 194 2183 255 291

515 212 672 251 PART.
720 212 763 249 1.
811 212 931 250 GAP.
978 214 1060 251 IV.
1109 214 1177 250 DE
1220 212 1488 251 ECCLESIAE
1530 211 1778 251 no'rlBDS.

71 359 170 441 qui
200 354 407 419 sinceri
441 352 704 412 catholici
744 355 861 412 sint
883 399 899 428 7
937 375 1067 434 neq.
1114 354 1340 414 Etenim
1377 351 1929 412 ad'Thomassinum
1967 354 2030 415 in
2070 358 2183 438 pri-

71 455 181 512 mis
215 449 372 532 quod
394 449 606 520 attinet
624 492 644 520 ,
671 448 879 507 falsum
910 460 1016 521 est,
1051 449 1244 529 ipsum
1266 447 1524 508 tribuere
1559 446 1766 508 saltem
1783 452 1917 526 jure
1939 453 2179 532 proprio

73 543 431 626 Principibus
467 544 749 622 ejusmodi
782 553 1130 626 potestatem
1150 587 1166 616 7
1206 564 1332 624 quae
1356 565 1479 602 non
1508 554 1658 603 esset
1685 543 1796 601 nisi
1832 564 1993 603 mera
2019 568 2186 606 usur-

70 642 249 724 patio,
296 640 668 699 Contrarium
708 640 866 697 enim
911 637 1006 695 hic
1034 647 1234 694 auctor
1273 637 1528 696 affirmat
1570 639 1632 696 in
1674 638 1834 719 ip507
1880 638 1980 719 qui
2018 639 2185 700 nobis

71 737 339 815 objicitur
359 781 374 810 7
394 735 516 794 loco
545 733 662 815 (l);
693 735 812 792 imo
839 731 1257 792 animadvertit
1284 775 1300 804 7
1325 732 1636 814 Episcopos
1659 734 1721 792 in
1746 733 2002 792 Concilio
2022 734 2188 795 colle-

72 845 231 907 ctos7
272 854 345 890 ne
388 830 690 912 quidpiam
733 826 1075 888 detrimenti
1108 826 1421 885 auctoritas
1463 826 1842 888 ecclesiastica
1884 840 2184 910 pateretur

73 930 193 989 sive
231 949 303 988 ex
337 925 637 985 nonnullis
676 946 797 983 non
822 923 956 982 satis
993 921 1273 980 accuratis
1309 921 1573 981 formulis
1594 967 1610 997 7
1643 923 1852 1005 quibus
1886 917 2186 985 interdum

72 1024 160 1081 usi
195 1033 334 1081 sunt
370 1020 606 1080 Carolus
646 1021 725 1078 M.
775 1028 835 1078 et
878 1015 1196 1077 Ludovicus
1233 1017 1368 1076 Pius
1422 1016 1671 1099 aliique7
1712 1018 1833 1078 sive
1872 1040 1942 1079 ex
1985 1042 2186 1080 earum

74 1118 288 1194 abusu7
329 1116 600 1175 sollicitos
638 1113 809 1172 fuisse
842 1113 901 1171 in
925 1110 1209 1170 limitibus
1246 1110 1430 1170 civilis
1464 1113 1765 1193 potestatis
1805 1113 1950 1173 circa
1976 1137 2068 1175 res
2098 1137 2188 1177 ec·

74 1213 415 1272 clesiasticas
436 1207 816 1269 stabiliendis,
854 1208 978 1266 Imo
1009 1207 1280 1267 observat
1302 1253 1317 1282 7
1346 1194 1614 1266 Patribus
1642 1209 1885 1268 minime
1908 1211 2186 1271 excidisse

76 1307 223 1367 illud
260 1306 457 1366 Isidori
487 1303 848 1385 Hispalensis
877 1303 1143 1385 Episcopi
1165 1347 1181 1376 7
1205 1313 1523 1384 potestates
1548 1303 1899 1384 temporales
1928 1305 2189 1367 Ecclesiae

78 1405 270 1461 minus
314 1401 662 1460 necessarias
699 1398 906 1474 fuisse,
948 1398 995 1456 si
1029 1419 1151 1456 non
1181 1397 1582 1479 reperirentur
1617 1398 1928 1478 praefractae
1949 1401 2191 1480 quidam

77 1499 344 1558 homines
376 1496 622 1570 mentis7
662 1495 761 1576 qui
780 1538 797 1569 7
831 1494 943 1553 nisi
981 1494 1135 1574 regia
1166 1504 1457 1576 potestate
1487 1493 1895 1572 frangerentur
1926 1493 2003 1553 ad
2029 1494 2190 1557 obse-

78 1595 278 1676 quium
298 1637 314 1665 7
353 1612 659 1673 nunquam
696 1590 959 1650 animum
997 1588 1357 1648 adducerent
1384 1588 1676 1670 Episcopis
1708 1610 1933 1647 morem
1962 1611 2181 1670 gerere.

83 1691 385 1758 Ceterum,
413 1687 606 1768 inquit
635 1684 886 1745 Isidorus
908 1730 924 1760 7
957 1688 1128 1744 intra
1155 1685 1490 1744 Ecclesiam
1511 1693 1821 1763 potestates
1844 1689 2190 1744 necessarios

80 1806 201 1843 non
232 1793 446 1852 essent,
472 1785 601 1840 nisi
622 1789 726 1855 πί,
755 1782 916 1861 qaod
945 1802 1065 1840 non
1080 1781 1375 1859 praevalet
1410 1779 1692 1838 Sacerdos
1719 1779 1930 1856 efficere
1948 1801 2061 1858 per
2084 1781 2191 1839 do*

78 1885 289 1940 ctrinae
329 1898 658 1937 serm-onem
675 1919 697 1947 ,
737 1886 995 1956 potestas
1030 1875 1134 1934 hoc
1179 1878 1432 1954 imperet
1468 1895 1586 1954 per
1624 1875 1965 1954 disciplinae
2006 1885 2194 1935 terro·-

77 1997 203 2035 ‘rem
233 1977 344 2057 (2).

164 2071 304 2129 436.
356 2069 443 2129 Ad
483 2068 736 2150 reliquos
781 2089 921 2128 vero
958 2077 1218 2127 auctores
1242 2112 1258 2142 7
1302 2087 1446 2148 quos
1491 2064 1854 2126 adversarius
1887 2065 2200 2126 catholicos

85 2165 259 2239 dicit7
303 2165 640 2245 reponimus
663 2209 679 2238 7
711 2163 862 2244 ipsos
903 2163 966 2221 in
1001 2162 1110 2221 hac
1152 2162 1415 2221 doctrina
1459 2161 1734 2240 refragari
1762 2161 1899 2221 fidei
1943 2160 2203 2240 dogmati

86 2260 159 2319 de
187 2259 529 2319 auctoritate
563 2258 841 2317 divinitus
866 2257 1129 2317 Ecclesiae
1164 2257 1382 2316 tradita
1413 2255 1714 2315 sanciendi
1748 2255 1902 2334 leges
1938 2256 2202 2338 discipli-

87 2377 257 2415 nares
281 2355 368 2435 (3)
389 2399 404 2429 7
432 2353 577 2413 dum
608 2364 878 2432 satagunt
909 2352 1062 2411 hanc
1100 2362 1453 2432 potestatem
1489 2349 1757 2410 Ecclesiae
1792 2350 2018 2430 eripere
2042 2372 2204 2409 eam·

87 2471 199 2532 que
250 2451 312 2507 in
362 2449 659 2528 Principes
711 2447 886 2507 seculi
933 2447 1269 2505 transferre.
1328 2447 1580 2504 Istorum
1616 2465 1792 2525 opera
1838 2443 1911 2503 ab
1959 2443 2206 2503 Ecclesia

87 2545 411 2628 proscripta
434 2555 592 2617 sunt3
624 2554 857 2601 tantum
883 2542 1070 2616 abest7
1098 2541 1274 2599 utisti
1289 2539 1570 2599 Catholici
1594 2540 1802 2599 sinceri
1821 2539 1933 2598 dici
1956 2539 2205 2621 possint7

86 2652 187 2700 aut
227 2639 489 2700 Ecclesiae
529 2637 822 2698 catholicae
863 2637 1194 2696 doctrinam
1226 2646 1286 2696 et
1325 2657 1560 2695 sensum
1595 2656 1692 2695 eos
1727 2635 1992 2718 proferre
2018 2634 2130 2717 (4).

160 2884 224 2950 (l)
263 2883 381 2933 Satis
407 2894 474 2933 est
489 2884 661 2951 legere,
681 2900 784 2950 quae
804 2883 964 2932 scribit
978 2883 1106 2931 Tho·

92 2970 348 3028 massinus,
385 2967 479 3016 loc.
511 2971 590 3016 cit.
621 2965 647 3033 g
685 2984 741 3014 12
761 3002 775 3026 7
801 2976 844 3015 et
877 2964 903 3031 ὃ
941 2962 1032 3028 14,
1057 2971 1109 3013 ut

71 3048 286 3115 'quisque
325 3049 415 3098 sibi
451 3049 721 3115 persuadeat
744 3086 757 3108 7
787 3063 1028 3113 nunquam
1058 3049 1108 3094 in

96 3133 248 3179 animo
265 3130 486 3180 habuisse
506 3133 633 3180 hunc
648 3141 888 3179 auctorem
906 3130 1109 3178 tribuere

96 3211 389 3277 Principibus
423 3216 708 3279 spiritualem
734 3216 936 3279 aliquam
964 3214 1108 3278 juris-

97 3293 342 3342 dictionem
366 3298 415 3343 in
431 3297 703 3347 Ecclesiam.
728 3296 830 3344 Nec
844 3293 1110 3361 Episcopos

93 3373 295 3437 fefellit,
327 3377 521 3438 scribit3
562 3396 652 3443 quo
691 3378 883 3425 tandem
916 3377 1111 3424 evadere

95 3464 251 3522 posset
265 3455 363 3505 hoec
376 3460 796 3527 qrandiloquentia
815 3462 1111 3526 Principum

101 3537 283 3604 alioqui
337 3538 804 3604 reliqiosissimorum
829 3580 843 3604 ,
882 3548 937 3592 et'
964 3560 1109 3608 quam

102 3621 351 3669 distortum
394 3623 448 3667 in
495 3639 684 3672 sensum
721 3642 826 3674 eam
863 3626 1111 3674 verborum

1191 2884 1429 2948 interpres
1450 2919 1464 2943 7
1500 2881 1588 2931 uhi
1610 2880 1804 2941 liberet,
1843 2880 2118 2947 deflecteret.

1257 2965 1327 3028 (2)
1367 2965 1487 3013 Ibid.
1515 2982 1578 3012 n.-
1602 2962 1680 3027 14.

1258 3045 1325 3109 (3)
1362 3046 1462 3095 Cfr.
1490 3044 1723 3094 Gerdilius
1738 3080 1752 3104 7
1778 3061 1937 3109 opusc.
1956 3046 2085 3094 citat.
2109 3039 2205 3093 Cass

1193 3128 1358 3176 tholici
1383 3128 1619 3192 doqmatis
1653 3126 1711 3173 de
1734 3127 1943 3174 immuni
1973 3123 2203 3175 Ecclesia:

1192 3212 1498 3271 auctoritate,
1535 3219 1625 3257 etc.

1261 3292 1334 3356 (4)
1368 3292 1491 3340 Talis
1535 3300 1600 3338 est
1637 3287 1924 3354 Recbberger
1947 3326 1961 3349 7
1997 3290 2049 3336 in
2095 3286 2204 3335 En·

1194 3373 1402 3423 chiridio
1433 3373 1571 3440 juris
1616 3369 1858 3419 Canonici
1895 3367 2157 3420 Austriaci
2190 3402 2206 3427 ‚

1195 3475 1288 3523 quo
1320 3474 1440 3522 saepe
1472 3455 1677 3503 abutitur
1698 3454 1910 3515 Palmer,
1939 3451 2064 3518 quod
2091 3466 2206 3514 opus

1191 3540 1250 3589 ab
1287 3550 1482 3604 utraque
1525 3547 1745 3604 potestate
1780 3537 2054 3586 damnatum
2097 3540 2207 3594 θεῖς

1195 3621 1431 3690 siquidem
1456 3639 1484 3670 a
1517 3620 1569 3670 S.
1599 3619 1720 3670 Sede
1749 3622 1801 3669 in
1828 3617 2036 3666 indicem
2060 3612 2207 3661 libro-

98 3702 304 3767 qloriam
376 3703 643 3755 naalitiosm
721 3715 809 3755 aut
862 3709 1115 3774 imperitus
1198 3723 1303 3757 rum
1334 3703 1675 3772 prohibitorum
1705 3714 1772 3753 est
1806 3701 2004 3750 relatum
2026 3731 2044 3761 ,
2079 3705 2220 3763 atque

1867 3781 1969 3839 19.
