2514 4218
316 218 432 278 134

914 242 1114 280 TRAGT.
1163 241 1235 278 DE
1280 243 1429 281 Locis
1474 245 1857 283 THEOLOGIOES.

254 419 257 422 ⁴
315 383 556 444 nomine
597 397 946 459 censentur7
1004 383 1227 443 eaedem
1268 394 1421 443 notae
1468 404 1707 465 prorsus
1751 386 2117 467 ablegantur.
2175 390 2448 449 Seorsum

315 480 564 561 proinde
595 482 961 564 unaquaeque
1001 500 1135 560 pars
1159 490 1391 538 assertae
1427 479 1608 539 thesis
1645 480 1967 543 evincenda
2004 496 2114 543 est.

402 575 540 637 334.
589 578 678 637 Ad
736 574 976 634 technas
1042 586 1238 634 autem
1281 596 1486 634 omnes
1528 577 2013 657 praeoccupandas
2050 579 2444 640 adnotamus:

319 673 384 731 10
427 674 521 732 hic
564 673 806 731 nomine
842 670 1127 729 Ecclesiae
1172 672 1468 731 Romanae
1515 670 1762 729 minime
1798 693 1904 730 nos
1948 674 2269 752 significare
2312 699 2453 758 par-

318 768 624 829 ticularem
666 765 1017 838 Ecclesiam,
1046 788 1221 848 quam
1258 769 1556 826 Romanus
1584 766 1853 826 Pontifex
1890 768 2229 830 immediate
2257 793 2323 831 ac
2347 794 2454 855 per

317 886 377 924 se
407 865 556 944 regit
578 872 755 944 atque
778 860 1153 922 administrat
1189 863 1277 943 (l)
1299 908 1315 938 7
1342 862 1445 923 sed
1470 862 1748 922 Ecclesias
1783 864 2091 924 universas
2112 911 2127 939 7
2161 885 2291 946 quae
2320 888 2454 926 cum

316 981 560 1019 romana
604 959 1063 1018 communicant.
1122 959 1190 1016 20
1231 959 1366 1018 Ideo
1412 981 1519 1018 nos
1567 980 1662 1018 eas
1711 981 1947 1019 vocasse
1982 960 2293 1019 Ecclesiam
2330 962 2458 1022 Ro-

313 1077 567 1115 manam
588 1099 611 1128 ,
655 1077 777 1115 non
814 1066 1014 1115 autem
1048 1054 1435 1134 catholicam7
1468 1067 1599 1114 tum
1629 1078 1704 1116 ne
1741 1077 2040 1123 assumere
2081 1057 2414 1117 videremur
2436 1103 2451 1126 ,

315 1151 474 1235 quod
512 1163 604 1212 est
637 1151 699 1210 in
737 1152 1097 1233 quaestione3
1143 1161 1271 1209 tum
1307 1173 1383 1211 ne
1425 1151 1894 1233 relinqueremus
1928 1152 2206 1233 effugium
2245 1153 2460 1214 adver-

315 1248 516 1322 sariis7
567 1247 705 1329 qui7
747 1247 1018 1328 quamvis
1070 1245 1430 1306 abhorreant
1467 1247 1541 1306 ab
1581 1247 1827 1308 Ecclesia
1875 1248 2154 1308 catholica
2213 1270 2460 1332 eamque

312 1354 695 1426 oppugnent7
734 1343 1011 1403 affectant
1053 1342 1437 1402 nihilominus
1476 1356 1663 1405 coetus
1707 1366 1841 1403 suos
1888 1345 2212 1427 peculiares
2244 1347 2456 1407 Eccle-

315 1443 472 1499 siam
506 1441 865 1498 catholicam
893 1438 1278 1499 denominare
1312 1438 1436 1521 (2)ss;
1471 1451 1597 1498 tum
1627 1439 1887 1522 denique
1925 1452 1991 1499 ut
2017 1440 2465 1502 ex'cluderemus

318 1534 582 1594 Ecclesiae
609 1533 907 1595 catholicae
943 1535 1281 1609 notionem7
1327 1556 1503 1616 quam
1535 1556 1658 1594 non
1686 1537 1766 1594 ita
1807 1535 2037 1617 pridem
2068 1537 2337 1597 nonnulli
2367 1538 2463 1597 in·

318 1642 645 1705 vexerunt7
682 1631 932 1712 perinde
972 1652 1037 1689 ac
1076 1631 1123 1689 si
1161 1631 1288 1713 ipsa
1327 1641 1480 1690 esset
1525 1630 1787 1691 collectio
1826 1631 2085 1714 plurium
2123 1644 2461 1706 sectarum7

321 1749 452 1809 quae
481 1727 590 1786 sibi
615 1727 876 1789 invicem
916 1725 1306 1788 adversantur
1325 1772 1340 1800 7
1383 1725 1709 1786 dummodo
1741 1729 2004 1808 regimen
2035 1729 2462 1790 hierarchicum

238 1859 241 1861 >
321 1835 560 1885 servent
589 1823 701 1903 (3).

404 1918 632 1997 Quibus
655 1920 736 1978 ita
764 1920 1102 2001 compositis
1121 1965 1137 1995 7
1167 1921 1246 1978 sic
1291 1921 1615 2002 incoeptum
1637 1922 1747 1980 iter
1776 1921 2116 1980 insistimus

1434 2124 1662 2176 Ecclesias
1710 2127 1997 2175 britannicas
2047 2144 2325 2178 concurrere
2364 2146 2461 2178 una

323 2208 430 2257 sarii
474 2208 704 2274 affingunt
737 2208 954 2257 Ecclesiae
991 2227 1236 2273 romanae3
1288 2211 1353 2258 sic
1437 2226 1545 2258 cum
1593 2208 1826 2258 Ecclesiis
1876 2209 2159 2259 obedientioe
2211 2227 2427 2260 romanoe
2449 2248 2462 2272 7

392 2126 454 2190 (l)
492 2125 636 2174 Hunc
664 2143 855 2175 sensum
897 2126 1137 2174 interdum
1181 2127 1347 2175 adver-

323 2291 549 2340 confessio
578 2290 816 2339 Helvetica
836 2303 939 2356 post
959 2302 1045 2340 art.
1079 2308 1094 2338 ι
1109 2308 1135 2357 7
1159 2328 1171 2350 7
1192 2309 1240 2356 p.
1266 2290 1351 2351 51,

324 2377 375 2421 in
404 2391 498 2439 qua
528 2371 698 2436 legitur
729 2389 745 2421 .·.
782 2373 888 2421 Nec
914 2390 1248 2421 romanensem
1269 2390 1358 2439 ap-

319 2454 586 2521 probamus
618 2453 799 2503 clerum
834 2493 846 2515 7
889 2457 978 2520 qui
1018 2454 1171 2504 solam
1203 2472 1357 2523 prope

325 2554 580 2587 romanam
641 2535 918 2589 Ecclesiam
970 2539 1228 2609 venditant
1265 2558 1359 2608 pro

327 2620 581 2670 catholica.
622 2620 713 2686 Qui
761 2621 870 2669 talia
908 2621 1131 2670 effutiunt
1153 2660 1166 2682 7
1214 2622 1357 2670 anda·

326 2705 545 2753 hatarum
582 2720 711 2751 more
742 2714 949 2768 pugnant
968 2741 981 2764 7
1003 2715 1047 2752 et
1081 2709 1234 2753 aerem
1253 2722 1356 2765 ver-

329 2787 520 2838 beraut.

396 2870 472 2933 (2)
507 2869 578 2918 Ita
605 2872 778 2935 passim
810 2887 859 2918 se
886 2878 1017 2917 vocat
1046 2868 1248 2917 Ecclesia
1274 2888 1359 2918 an-

331 2952 537 3017 glicana,
569 2953 718 3000 multo
744 2968 853 3001 vero
882 2953 1027 3016 magis
1042 2950 1243 3000 Ecclesia
1257 2970 1359 3001 rus-

334 3036 424 3084 sica
467 3036 662 3103 aliaeque
694 3053 791 3085 non
826 3052 1001 3101 paucae.
1348 3088 1352 3096 .

403 3117 470 3182 (3)
508 3118 620 3168 Tale
648 3130 717 3168 est
744 3129 940 3185 systema
966 3118 1209 3166 doctorum
1236 3118 1360 3168 Oxo-

335 3203 569 3249 niensium
596 3240 610 3262 7
631 3204 887 3267 praesertim
913 3219 1023 3250 vero
1042 3201 1223 3250 Palmer
1244 3241 1256 3262 7
1280 3205 1359 3269 qui

335 3302 388 3332 ex
417 3279 631 3350 praejacto
662 3287 890 3350 principio
909 3322 921 3344 7
942 3284 1067 3351 quod
1094 3284 1233 3349 paulo
1254 3296 1360 3333 ante

337 3367 635 3415 discussimus
655 3405 668 3428 7
712 3368 809 3417 dari
855 3386 986 3434 posse
1016 3369 1239 3415 unitatem
1266 3365 1359 3416 Ec-

337 3449 484 3500 clesiae
504 3486 518 3509 7
545 3452 759 3516 quamvis
786 3452 883 3499 haec
899 3452 1099 3516 patiatur
1126 3452 1359 3515 interrup-

339 3537 511 3582 tionem
530 3535 578 3581 in
596 3535 805 3581 exteriori
827 3537 1178 3592 communione,
1197 3533 1355 3591 infert,

337 3627 455 3680 part.
481 3633 496 3664 1
524 3655 537 3676 7
567 3633 660 3681 cap.
681 3627 776 3683 9et
803 3634 935 3685 seqq.
956 3618 1181 3668 Ecclesias
1209 3618 1359 3666 orien-

346 3699 460 3747 tales
480 3737 492 3759 7
535 3716 704 3764 nempe
747 3701 1233 3763 graeco-schismaticas
1254 3738 1267 3761 7
1320 3711 1364 3748 et

1438 2303 1492 2339 ut
1541 2295 1639 2356 ipse
1686 2293 1933 2358 loquitur,
1987 2293 2047 2341 ad
2085 2294 2465 2343 constituendam

1441 2373 1701 2423 Ecclesiam
1748 2375 2026 2424 catholicam
2049 2412 2063 2435 7
2096 2379 2231 2443 cujus
2271 2394 2466 2426 romana

1441 2457 1585 2506 veluti
1614 2475 1717 2523 pars
1761 2457 2034 2507 collateralis
2069 2461 2144 2507 sit.
2185 2457 2346 2524 Quoad
2378 2457 2465 2505 Ec-

1441 2539 1601 2588 clesias
1611 2540 1876 2589 lutheranas
1894 2550 1938 2589 et
1954 2540 2237 2598 reformatas,
2249 2535 2470 2604 qenerali

1442 2621 1611 2669 saltem
1644 2620 1851 2686 quodam
1874 2637 2017 2668 semu
2043 2639 2119 2670 eas
2146 2624 2286 2670 etiam
2302 2622 2362 2670 ad
2378 2621 2466 2671 Ec-

1442 2702 1632 2751 clesiam
1659 2704 1885 2766 pertinere
1928 2703 2205 2764 contendit,
2246 2721 2302 2752 eo
2338 2705 2466 2771 quod

1444 2784 1703 2834 voluntarie
1730 2787 1926 2834 minime
1970 2804 2016 2835 se
2054 2786 2113 2834 ab
2151 2786 2355 2836 Ecclesia
2387 2803 2465 2835 ca-

1442 2867 1615 2916 tholica
1656 2871 2000 2933 separaverint,
2043 2869 2124 2918 sed
2162 2869 2222 2918 ab
2262 2868 2466 2919 Ecclesia

1443 2967 1637 2999 romana
1674 2951 1885 3016 expulsae
1908 2954 2019 3000 sint.
2054 2950 2167 3000 Haec
2202 2954 2361 3001 omnia
2390 2955 2466 3001 in-

1442 3034 1585 3082 ferius
1603 3034 1934 3099 expendemus.
1962 3034 2149 3083 Interim
2163 3044 2312 3099 patet,
2337 3050 2464 3100 quae-

1443 3134 1555 3164 nam
1586 3118 1734 3182 vigeat
1758 3117 1882 3181 apud
1910 3117 2189 3166 adversarios
2214 3115 2427 3164 idearum
2447 3152 2462 3180 7

1445 3210 1498 3248 ut
1534 3203 1597 3249 ita
1628 3202 1785 3249 dicam
1806 3239 1819 3262 7
1850 3201 2060 3250 confusio
2084 3236 2098 3258 ‚
2126 3208 2170 3248 et
2201 3210 2379 3265 quanto
2415 3202 2466 3248 in

1446 3286 1595 3350 pretio
1638 3284 1861 3333 habeatur
1900 3281 2104 3331 Ecclesia
2137 3282 2394 3343 catholica,
2440 3301 2465 3331 a

1448 3385 1538 3430 qua
1570 3365 1676 3415 licet
1711 3367 1868 3415 divisae
1905 3367 1996 3414 sint
2037 3381 2197 3414 eorum
2248 3375 2377 3415 sectae
2424 3376 2469 3414 et

1447 3450 1729 3499 damnentur
1762 3449 1905 3498 veluti
1935 3448 2160 3497 haereticae
2193 3459 2274 3498 aut
2324 3445 2467 3497 schis-

1449 3535 1626 3581 maticae
1647 3569 1660 3590 7
1695 3549 1869 3580 nomen
1899 3537 2057 3580 tamen
2089 3541 2135 3580 et
2173 3531 2465 3580 communio-

1417 3619 1421 3623 '
1446 3633 1552 3665 nem
1591 3633 1698 3664 cum
1737 3617 1834 3682 ipsa
1871 3616 2107 3664 affectant.
2130 3613 2277 3664 Tanta
2307 3623 2375 3664 est
2398 3613 2464 3660 vis

1450 3701 1650 3747 veritatis
1673 3700 1683 3746 !
