2514 4218
269 217 341 274 14

859 244 1058 280 TRACT.
1108 243 1175 278 DE
1222 239 1366 276 Locis
1411 241 1782 280 THEOLOGICIS.

339 379 441 440 27.
492 381 661 455 Quod
693 382 997 462 subjicitur
1061 382 1135 441 de
1187 381 1303 439 acri
1342 401 1536 462 pugna
1580 402 1759 462 quam
1791 385 2037 460 PauluS,
2066 391 2232 465 juxta
2269 389 2376 447 ad—

259 478 584 538 versarium
630 479 916 538 sustinere
958 476 1162 536 debuit
1195 474 1472 534 adversus
1495 475 1700 556 primae
1737 479 1947 541 scholae
1975 494 2286 543 sectatores
2316 497 2375 543 et

262 573 539 634 adversus
576 576 811 634 Petrum
840 579 1066 656 ipsum,
1107 583 1506 631 commentum
1542 582 1630 631 est
1666 572 1740 632 ab
1774 576 2105 639 adversario
2147 583 2376 660 excogi-

262 682 468 729 tatum.
507 672 692 730 Immo
737 673 937 729 Petrus
974 689 1233 749 pugnare
1270 666 1473 727 debuit
1508 689 1642 727 cum
1666 670 2096 747 judaizantibus
2130 676 2220 754 (l)
2243 723 2256 750 ἢ
2310 699 2377 736 eo

260 767 417 849 quod
460 765 782 825 admisisset
823 765 885 822 in
923 763 1234 823 Ecclesiam
1279 763 1522 843 gentiles
1570 764 1790 846 absque
1829 770 2079 828 mosaico
2129 771 2264 830 ritu.
2311 774 2378 831 In

262 862 516 922 Concilio
570 860 1096 941 Hierosolymitano
1143 861 1268 941 pari
1314 882 1598 930 con-sensu
1648 863 2030 922 constitutum
2080 877 2200 939 est,
2259 888 2377 925 non

260 979 384 1018 esse
421 956 703 1036 cogendas
736 968 937 1037 gentes
981 954 1055 1014 ad
1087 956 1231 1014 ritus
1269 956 1545 1014 mosaicos
1593 956 1914 1016 servandos
1963 960 2072 1037 (2).
2120 961 2291 1032 Quod
2330 963 2378 1019 si

260 1053 521 1112 Christus
556 1064 615 1112 et
632 1053 887 1135 Apostoli
933 1073 1158 1111 morem
1211 1050 1283 1110 ab
1322 1052 1491 1110 initio
1536 1066 1840 1131 gesserunt
1871 1056 2374 1115 caeremonialibus

258 1149 539 1208 institutis
567 1194 583 1224 ,
624 1147 901 1231 prudenti
935 1147 1190 1229 quadam
1224 1148 1546 1206 oeconomia
1585 1150 1675 1206 usi
1715 1161 1852 1208 sunt
1874 1195 1890 1223 ,
1923 1162 1989 1208 ut
2028 1151 2248 1210 facilius
2278 1155 2311 1211 J
2321 1176 2380 1211 u-

258 1245 408 1306 daeos
442 1246 517 1304 ad
553 1244 931 1305 christianam
961 1243 1300 1324 religionem
1332 1242 1804 1324 amplectendam
1835 1244 2228 1320 adducerent3
2264 1270 2378 1330 qua

257 1353 543 1419 cessante,
588 1353 743 1400 totus
785 1340 883 1400 ille
906 1339 1129 1399 ritualis
1151 1351 1467 1421 apparatus
1500 1351 1706 1422 utpote
1743 1362 2209 1423 supervacaneus
2236 1342 2379 1401 sub-

257 1437 408 1496 latus
448 1448 534 1497 est
564 1437 672 1517 (3).
700 1436 1037 1517 Objurgatio
1081 1447 1314 1510 autem,
1361 1457 1491 1517 quae
1533 1458 1565 1495 a
1600 1437 1778 1496 Paulo
1816 1440 1966 1496 facta
2000 1450 2087 1496 est
2130 1438 2377 1520 Cephae‚

255 1555 323 1592 ac
352 1535 400 1592 si
427 1532 756 1594 adversario
779 1533 959 1613 magis
984 1531 1232 1606 arridet,
1274 1533 1445 1591 Petro
1473 1531 1562 1611 (4)
1583 1578 1598 1606 ,
1629 1531 1705 1591 ad
1745 1555 1922 1615 quam
1957 1535 2081 1616 ipse
2118 1534 2327 1593 alludit
2351 1580 2367 1609 ,

259 1651 365 1711 pro
412 1628 636 1709 obJecto
682 1628 889 1688 habuit
947 1627 1473 1688 dissimulationem
1522 1629 1838 1710 practicam
1860 1675 1876 1702 ,
1935 1651 2066 1711 quae
2115 1629 2377 1689 ethnicos

257 1745 563 1788 conversos
592 1724 868 1785 inducere
895 1723 1062 1784 facile
1094 1734 1325 1806 poterat
1355 1725 1418 1782 in
1440 1740 1718 1784 errorem.

255 1951 413 1998 cuivis
452 1957 497 1997 et
534 1946 901 1996 anathematis&
940 1961 1039 2011 par
1088 1944 1130 1992 le
1158 1942 1279 2010 plus

248 2035 480 2100 puissant
504 2040 548 2079 et
574 2032 724 2078 meme
731 2045 833 2096 par
859 2027 901 2076 le
919 2026 1032 2094 plus
1048 2029 1277 2093 pratique

256 2116 313 2164 de
340 2125 445 2164 tous
473 2115 538 2164 les
563 2111 774 2182 apdtres.
812 2112 946 2161 Paul
964 2112 1070 2160 leur
1099 2125 1275 2178 opposa

255 2206 372 2247 cette
406 2197 702 2247 declaration
748 2194 1005 2245 solemzelle
1039 2212 1129 2260 que
1154 2231 1167 2255 ‚
1199 2191 1281 2242 s'il

255 2279 343 2346 n’y
360 2282 494 2329 avait
498 2297 594 2346 pas
610 2280 666 2327 de
680 2281 998 2327 resurrection
1016 2275 1277 2345 materielle

256 2362 337 2411 des
365 2372 539 2423 morte,
574 2361 913 2410 Jews-Christ
939 2378 1040 2409 non
1067 2359 1182 2426 plus
1216 2376 1278 2407 ne

255 2446 404 2494 serait
431 2462 526 2511 pas
568 2448 855 2503 ressuscite5
885 2452 929 2491 et
959 2444 1004 2490 si
1031 2441 1071 2489 le
1101 2443 1275 2489 maitre

254 2526 522 2594 n’elaitpas
537 2526 786 2575 ressuscite
807 2562 820 2585 ,
847 2523 931 2572 s'il
942 2541 1001 2571 ne
1033 2529 1277 2590 represen-

255 2612 346 2659 tait
351 2612 509 2675 point,
537 2625 597 2656 en
620 2608 788 2655 dehors
811 2607 866 2654 de
884 2615 1008 2654 toute
1037 2602 1274 2670 alleqorie,

258 2692 300 2740 le
316 2692 530 2758 premier
571 2694 634 2737 ne
662 2689 839 2737 visible
887 2697 932 2735 et
945 2687 1172 2754 palpable
1209 2686 1276 2734 du

257 2792 485 2842 royaume
525 2772 802 2822 surnaturel
836 2776 923 2837 qui
957 2772 1120 2821 „devait
1151 2770 1275 2820 s'ac-

257 2858 489 2924 complir,
529 2864 653 2905 toute
693 2855 740 2903 la
771 2855 1079 2921 predication
1124 2855 1182 2902 de
1228 2854 1276 2902 Ia

257 2940 469 2991 nouvelle
480 2940 602 2988 ecole
619 2940 769 2986 serait
781 2938 939 2986 vaine.
960 2937 1058 2986 Cfr.
1080 2941 1216 2987 etiam
1242 2944 1275 2985 1i

259 3025 318 3074 ad
348 3023 553 3072 Timoth.
579 3037 615 3070 11
633 3059 647 3082 ,
686 3037 742 3086 17
769 3031 812 3070 et
840 3020 919 3070 18.

338 3106 402 3170 (1)
440 3104 542 3153 Act.
582 3121 659 3164 xi,
694 3118 724 3151 2
754 3113 800 3152 et
831 3121 961 3169 seqq.

327 3189 393 3252 (2)
429 3188 550 3235 lbid.
589 3203 650 3235 xv
669 3221 684 3247 ,
720 3203 747 3252 7
785 3196 828 3234 et
854 3203 986 3251 seqq.
1012 3183 1110 3233 Nec
1132 3186 1274 3232 omit-

268 3271 490 3331 tendum,
510 3269 635 3336 quod
650 3268 816 3333 legitur
837 3266 941 3316 Act.
970 3284 1016 3314 vi
1040 3305 1052 3326 ,
1094 3263 1154 3330 14
1171 3301 1187 3328 ,
1218 3265 1275 3313 de

259 3354 317 3404 B.
354 3352 616 3419 Stephano,
649 3350 865 3398 adversus
897 3367 1036 3416 quem
1069 3348 1275 3415 ejus'ad-

260 3437 447 3487 versarii
465 3434 806 3484 accusationem
823 3421 1082 3481 intulerunt·
1111 3448 1164 3480 ex
1184 3448 1241 3480 eo
1260 3469 1273 3491 ,

263 3519 389 3586 quod
423 3518 595 3566 diceret
630 3532 643 3563 ε
669 3516 916 3579 Quoniam
948 3513 1094 3562 Jesus
1116 3511 1277 3561 Naza-

262 3618 407 3650 renus
449 3599 527 3648 hie
568 3598 776 3646 destruet
817 3596 970 3644 locum
1004 3599 1149 3644 istum
1172 3633 1185 3656 ‚
1233 3604 1278 3643 et

262 3682 467 3731 mutabit
480 3678 781 3735 traditiones,
798 3693 918 3742 quas
929 3676 1131 3726 tradidit
1141 3676 1277 3726 uobis

268 3764 477 3829 Moyses.
523 3760 632 3826 Quae
670 3760 873 3824 profecto
919 3760 1179 3809 referuntur
1215 3761 1269 3808 ad

1361 1943 1701 2008 abrogationem
1730 1945 1882 2010 legum
1913 1946 2151 1993 ritualium
2174 1981 2187 2008 ,
2224 1956 2269 1994 et
2310 1956 2379 1991 ta-

1360 2043 1468 2073 men
1483 2037 1690 2091 spectant
1709 2027 1767 2075 ad
1784 2030 1982 2092 primam
2002 2063 2017 2089 ‚
2055 2046 2192 2094 quam
2214 2028 2269 2076 ad
2278 2045 2378 2077 ver-

1359 2112 1506 2157 sarius
1535 2120 1666 2158 vocat
1700 2112 2029 2160 christianismi
2055 2113 2240 2177 phasin.

1429 2192 1493 2258 (3)
1531 2192 1703 2242 Eadem
1733 2197 1866 2254 ratio,
1901 2213 2002 2260 quae
2036 2196 2222 2259 impulit
2255 2198 2381 2260 Apo·

1360 2275 1503 2323 stolos
1519 2277 1576 2323 ad
1602 2277 1843 2325 retinenda
1857 2277 2015 2342 legalia
2031 2312 2048 2338 ‚
2069 2295 2163 2341 quo
2197 2277 2380 2324 facilius

1361 2356 1544 2406 Judaeos
1574 2359 1852 2406 inducerent
1880 2345 1938 2406 ad
1963 2358 2272 2423 profitendam
2307 2377 2379 2408 re-

1359 2440 1579 2505 ligionem
1599 2441 1896 2488 christianam
1917 2476 1932 2501 ‚
1953 2442 2178 2505 compulit
2207 2443 2377 2505 pariter

1360 2522 1420 2570 ad
1448 2541 1499 2571 ea
1527 2522 1810 2589 abjicienda,
1842 2542 1901 2570 ne
1942 2523 2001 2570 ab
2027 2523 2189 2570 eadem
2230 2523 2374 2588 profi-

1360 2604 1497 2651 tenda
1523 2605 1865 2652 retraherentur
1890 2603 2100 2668 gentile-⁶1.

1424 2685 1495 2747 (4)
1533 2683 1639 2732 Non
1665 2687 1799 2749 pauci
1825 2687 1992 2744 critici,
2019 2687 2171 2733 innixi
2199 2689 2378 2750 potissi-

1360 2784 1492 2814 mum
1509 2769 1767 2815 auctoritati
1787 2765 2037 2815 Clementis
2053 2767 2166 2816 Alex
2181 2805 2208 2830 .,
2239 2779 2375 2818 tuen·

1359 2858 1464 2907 tur,
1498 2847 1705 2912 Cepham
1732 2866 1756 2895 a
1776 2847 1919 2896 Paulo
1944 2850 2274 2915 reprehensum
2303 2852 2376 2900 di-

1361 2948 1538 2980 versum
1556 2948 1649 2979 esse
1674 2949 1700 2979 a
1715 2930 1870 2980 Petro.
1888 2929 2006 2980 Sane
2019 2931 2232 2981 Clemens
2251 2934 2374 2998 apud

1360 3013 1634 3067 Eusebium..
1650 3013 1735 3061 lib.
1751 3013 1928 3073 ubl-ist.
1947 3014 2175 3081 echcap.
2189 3033 2204 3062 ι
2217 3019 2339 3074 2‚ait
2354 3034 2369 3064 ε

1361 3095 1575 3160 Cepham
1603 3112 1634 3142 a
1658 3095 1820 3144 Paulo
1850 3096 2182 3162 reprehensum
2218 3114 2372 3145 unum

1351 3180 1508 3245 fuisse
1523 3197 1582 3228 ea·
1611 3197 1692 3229 txx
1709 3181 1981 3247 discipulis,
2000 3183 2141 3230 Petri
2155 3182 2375 3247 Apostoli

1357 3265 1683 3328 coquominem
1713 3283 1728 3309 :
1756 3261 2002 3324 Κηφοῖν....
2032 3260 2103 3312 ἕνα
2131 3261 2244 3327 φησὶ
2290 3287 2370 3324 γε·

1358 3344 1527 3405 γονίηιι
1549 3343 1967 3408 τὸν,ε“βδομῆκοντα
1982 3350 2203 3410 μαθητῶν
2217 3383 2231 3407 ,
2252 3346 2368 3410 δμῶ-

1359 3450 1485 3491 ιυμον
1524 3428 1675 3495 Πέτρᾳ
1711 3426 1998 3491 τυγχάνοντα
2017 3434 2082 3494 τῇ
2109 3428 2369 3495 ἅπασα-ὅλῳ.

1358 3514 1488 3564 Idem
1502 3517 1680 3565 censuit
1695 3533 1748 3563 ex
1763 3516 2229 3583 antiquisDorotheus
2238 3517 2371 3585 Tyri,

1360 3599 1410 3644 in
1427 3597 1779 3646 Commentario
1794 3597 1850 3645 de
1864 3615 1945 3646 ux
1959 3598 2230 3664 discipulis,
2250 3600 2372 3663 apud

1361 3678 1438 3728 Du
1453 3676 1682 3744 Cangium
1707 3683 1758 3728 in
1782 3681 2005 3729 chronico
2024 3682 2228 3747 paschali
2255 3716 2271 3743 ‚
2288 3695 2375 3729 nec

1355 3779 1451 3810 non
1476 3762 1543 3811 illi
1567 3800 1579 3821 ‚
1611 3780 1811 3829 quorum
1830 3767 2043 3814 meminit
2069 3764 2119 3813 S.
2139 3763 2371 3828 Hierony·
