2514 4218
434 270 593 309 mar.
649 273 688 308 1.
737 270 857 308 car.
902 271 963 328 ,¹¹-
1014 273 1080 308 ΒΕ
1128 271 1341 310 cnms'n
1384 271 1534 310 nect.
1579 272 1824 310 consrrr.
2107 253 2179 311 51

174 415 274 473 88.
321 410 408 471 Ad
444 412 560 488 61¹³,
607 414 767 471 Dist.
792 414 968 471 Docet
993 412 1344 492 Augustinus
1371 434 1492 471 non
1527 433 1650 471 esse
1686 412 1748 470 in
1776 412 2019 473 Ecclesia
2045 435 2182 497 pec—

92 520 308 567 catores
324 527 392 565 eo
407 503 605 581 moda,
626 527 740 588 quo
767 506 826 564 in
857 529 921 566 ea
943 518 1080 565 sunt
1100 499 1244 584 justi
1263 553 1278 582 7
1302 506 1366 566 id
1388 518 1496 581 est⁷
1522 518 1588 565 ut
1614 505 1879 566 membra
1903 508 2034 569 viva
2056 530 2186 570 cora-

88 603 242 686 poris
271 601 391 660 vivi
410 646 426 676 ,
455 622 614 660 conc.
628 622 647 670 ;
680 623 798 660 non
827 623 948 660 esse
966 601 1027 658 in
1050 600 1296 660 Ecclesia
1320 601 1438 660 ullo
1460 600 1632 660 modo
1648 647 1663 676 .,
1689 600 1893 660 saltem
1917 613 1983 660 ut
2002 624 2186 662 mem·
2257 637 2262 641 ·

86 695 191 755 bra
223 706 453 754 mortua
494 696 748 777 corporis
778 695 895 756 vivi
915 738 932 768 ,
971 715 1098 773 neq.
1135 696 1256 754 Hoc
1289 706 1453 776 patet
1487 718 1561 757 ex
1596 717 1768 778 scopo
1798 696 1854 754 S.
1883 697 2142 755 Doctoris
2163 743 2181 770 .

88 790 426 850 adstruendi
456 790 730 851 adversus
751 787 1078 848 Donatistas
1115 807 1324 869 corpus
1360 790 1618 849 Ecclesiae
1650 801 1913 850 constare
1943 801 2075 849 tum
2112 812 2183 850 ex

78 886 251 962 justis
291 897 420 943 tum
457 907 533 944 ex
570 879 996 966 peccatoribuS‚
1056 902 1200 961 quos
1245 892 1414 941 vocat
1462 882 1734 945 humores
1787 897 2085 969 corruptos
2122 887 2180 944 in

90 992 320 1063 pectore
354 991 685 1050 manenteS‚
717 975 973 1056 adeoque
1003 975 1062 1033 in
1088 972 1347 1034 Ecclesiae
1375 997 1613 1058 corpore
1642 979 1755 1057 (1).

172 1074 266 1133 89.
313 1074 402 1134 Ad
438 1074 561 1150 7¹1¹,
596 1073 743 1150 Neq.
781 1069 940 1128 Nihil
983 1070 1141 1128 enim
1181 1069 1429 1152 impedit
1452 1115 1469 1146 ‚
1509 1072 1821 1153 quominus
1846 1094 2051 1155 corpus
2089 1075 2181 1134 vi-

90 1191 231 1228 vum
269 1167 598 1229 membrum
635 1163 869 1248 aliquod
905 1174 1199 1223 mortuum
1234 1164 1480 1239 habeat,
1515 1165 1673 1247 quod
1714 1166 1929 1226 scilicet
1958 1180 2186 1230 motum

91 1286 211 1322 non
245 1264 482 1345 recipiat
520 1282 551 1318 a
594 1270 718 1318 toto
762 1279 1032 1340 corpore,
1086 1269 1154 1317 ut
1198 1259 1554 1341 experientia
1590 1259 1775 1320 docet.
1826 1261 2010 1320 Multo
2047 1284 2186 1324 vero

92 1361 270 1439 magis
293 1359 352 1417 id
377 1359 561 1416 locum
589 1353 805 1415 habere
838 1365 1031 1436 potest
1054 1354 1116 1413 in
1138 1356 1444 1431 societate,
1482 1375 1609 1437 quae
1639 1355 1874 1415 nonnisi
1899 1356 2188 1437 analogice

92 1475 294 1536 corpus
322 1450 550 1511 dicitur.

1326 1440 1346 1473 Ι

175 1548 270 1607 90.
315 1547 457 1606 Inst.
490 1544 735 1604 Ecclesia
758 1555 847 1604 est
878 1542 1171 1623 obJectum
1206 1543 1373 1617 fidei,
1412 1544 1599 1606 videri
1636 1545 1813 1625 igitur
1836 1546 2061 1628 nequit.

173 1644 268 1703 91.
311 1644 483 1724 Resp.
516 1643 674 1702 Dist.
707 1642 1003 1716 Quatenus
1028 1639 1273 1700 Ecclesia
1299 1651 1385 1700 est
1420 1640 1669 1701 Ecclesia
1705 1640 1950 1719 Christi,
1991 1651 2188 1702 sancta

94 1749 151 1798 et
180 1736 453 1818 catholica
472 1781 490 1812 ‚
519 1758 681 1796 conc.
702 1757 723 1804 ,·
757 1747 1041 1818 quatenus
1070 1734 1301 1796 videtur
1320 1781 1338 1812 ‚
1373 1756 1501 1816 neq.
1536 1735 1644 1816 (2).

91 1940 362 2005 sperandam
386 1940 598 1990 salutem.
616 1939 713 1989 Nec
735 1940 827 1991 alio
851 1956 986 1989 sensu
1005 1939 1096 1987 hoc

89 2023 279 2072 effatum
294 2024 432 2072 ceteri
452 2021 608 2070 Patres
623 2031 902 2086 usurparunt
921 2056 935 2080 ,
953 2026 1094 2086 qua‘m

88 2104 302 2152 adversus
315 2104 552 2152 haereticos
568 2113 611 2151 et
638 2103 951 2151 schismaticos
970 2111 1094 2150 extra

90 2183 258 2232 Christi
292 2183 541 2233 Ecclesiam
566 2187 857 2234 constitutos.

159 2264 223 2327 (l)
260 2265 311 2314 S.
339 2266 619 2330 Augustinus
637 2303 651 2327 ‚
671 2255 749 2315 hic
762 2267 1001 2332 disputans
1013 2267 1097 2315 ad-

91 2361 246 2393 versus
287 2345 582 2395 Cresconium
629 2348 907 2395 donatistam
933 2384 946 2407 ,
997 2347 1098 2395 vult

91 2427 329 2475 ostendere
346 2465 360 2488 ,
384 2428 574 2493 perinde
603 2446 700 2477 esse
718 2428 871 2494 quoad
893 2427 1095 2476 valorem

90 2506 314 2572 Baptismi
333 2546 347 2569 ‚
386 2511 480 2558 sive
505 2510 768 2558 conferatur
797 2509 856 2557 ab
885 2508 1096 2556 haeretico

86 2590 178 2637 sive
191 2589 250 2637 ab
267 2589 446 2637 occulto
463 2599 542 2638 aut
559 2590 803 2638 manifesto
827 2598 1064 2653 peccatore
1080 2608 1093 2648 ;

87 2673 202 2736 quia
230 2671 389 2719 eadem
421 2673 597 2720 ratione
616 2707 631 2732 ‚
663 2688 755 2736 qua
787 2670 984 2718 haeretici
1015 2679 1096 2717 aut

85 2753 317 2802 manifesti
348 2771 401 2802 ac
423 2752 597 2819 publici
621 2760 878 2818 peccatores
901 2751 1093 2817 judicati

84 2843 193 2882 sunt
230 2833 289 2882 ab
335 2833 571 2894 Ecclesia,
620 2834 793 2882 occulti
832 2842 1094 2898 peccatores

80 2915 273 2980 judicati
297 2933 323 2963 a
358 2915 545 2964 Christo
575 2925 716 2975 sunt,
760 2925 806 2964 et
843 2933 936 2980 qua
982 2914 1094 2962 tales

82 2995 140 3043 ab
193 3013 246 3044 eo
292 2996 516 3045 damnati.
577 2996 717 3043 Porro
748 3031 762 3055 ,
823 2997 888 3043 ait
936 2996 1036 3060 ipse
1071 3029 1086 3053 ‚

85 3077 477 3140 quemadmodum
539 3075 746 3124 Christus
794 3093 891 3124 non
952 3075 1096 3124 habet

87 3157 295 3207 membra
316 3160 531 3208 damnata
555 3161 606 3206 in
627 3175 813 3223 corpore
829 3175 910 3205 suo
931 3193 944 3215 ‚
970 3157 1097 3224 quod

87 3247 155 3285 est
191 3239 390 3290 Ecclesia
425 3277 440 3298 ,
477 3244 577 3302 sic,
621 3241 727 3289 licet
756 3243 830 3288 isti
853 3240 1098 3310 videantur

91 3323 285 3370 exterius
331 3323 391 3371 ad
434 3323 686 3372 Ecclesiam
729 3314 956 3388 pertinere
972 3357 987 3381 ,
1033 3327 1098 3370 at·

92 3408 248 3448 tamen
285 3419 380 3452 non
421 3413 747 3469 computantur
794 3406 844 3450 in
878 3403 1098 3451 membris

93 3480 219 3528 illius
237 3482 462 3532 columbae
485 3488 631 3534 unicae
650 3522 664 3545 ‚
690 3485 837 3534 donec
865 3487 1098 3549 corrigan-

94 3571 170 3609 tur
193 3572 239 3610 et
260 3561 545 3628 resipiscant.
575 3567 774 3616 Evidens
811 3577 964 3615 autem
997 3576 1096 3626 est,

95 3643 167 3691 vic
201 3645 329 3709 loqui
354 3643 405 3693 S.
434 3645 676 3697 Ductorem
702 3648 760 3697 de
786 3648 1006 3697 membris
1033 3649 1100 3696 vi-

95 3726 164 3771 vis
188 3725 395 3774 Ecclesiae
411 3763 424 3787 ‚
457 3726 608 3792 qualia
632 3729 836 3793 profecto
869 3747 964 3778 non
990 3738 1098 3777 sunt

1177 1948 1466 2004 peccatores3
1511 1955 1607 1987 non
1661 1947 1817 1988 autem
1846 1939 1921 1988 >de
1967 1939 2188 1989 membris

1184 2020 1392 2069 absolute
1413 2055 1428 2079 ‚
1460 2030 1513 2069 ut
1536 2029 1662 2085 patet
1678 2037 1732 2068 ex
1752 2020 1997 2081 antithesi,
2044 2039 2187 2087 quam

1174 2101 1253 2150 hic
1285 2093 1484 2172 instituit
1515 2098 1568 2153 S.
1598 2100 1883 2166 Augustinus
1908 2102 2150 2150 interillos
2171 2138 2185 2162 ‚

1176 2185 1258 2248 qui
1286 2175 1556 2247 receperunt
1575 2182 1804 2247 baptisma
1833 2182 1958 2247 soris
1973 2218 1991 2244 ‚
2020 2199 2188 2247 nempe

1175 2262 1233 2311 ab
1259 2263 1486 2312 haereticis
1505 2300 1519 2323 ‚
1553 2275 1598 2313 et
1622 2263 1724 2311 illos
1740 2301 1753 2325 ,
1772 2267 1852 2329 qui
1873 2265 1998 2312 idem
2029 2282 2187 2318 susce-

1175 2330 1346 2407 petunt
1369 2346 1502 2392 intus
1518 2361 1543 2391 a
1564 2346 1899 2408 peccatoribus.
1926 2346 2027 2397 Cfr.
2049 2352 2187 2400 etiam

1176 2426 1481 2503 Bellarminus
1504 2463 1518 2486 ‚
1553 2427 1654 2474 loco
1689 2429 1846 2475 citato.

1247 2507 1310 2572 (2)
1347 2507 1444 2559 cfr.
1480 2509 1538 2557 de
1572 2508 1662 2557 hoc
1689 2519 1959 2574 argumento
1985 2512 2036 2560 P.
2062 2514 2187 2564 Fon-

1175 2599 1280 2636 tana
1292 2588 1343 2637 S.
1362 2588 1408 2637 J.
1439 2591 1490 2636 in
1521 2587 1722 2640 Constit.
1748 2590 2018 2642 nummus
2054 2594 2193 2644 theo-

1174 2668 1324 2732 loqice
1382 2679 1690 2735 propuqnata
1738 2703 1756 2731 ‚
1806 2671 1966 2721 Romae
2026 2690 2145 2742 1721
2169 2713 2186 2738 ‚

1173 2760 1289 2799 tom.
1334 2752 1420 2797 in.
1465 2750 1584 2799 Cum
1627 2753 1752 2801 enim
1790 2751 2062 2818 Quesnellus
2112 2772 2185 2805 se-

1173 2833 1420 2879 ctariorum
1460 2832 1588 2881 more
1652 2833 1786 2881 vellet
1834 2835 2186 2886 damnationem

1173 2912 1407 2961 declinare
1419 2913 1444 2974 ‚'
1483 2924 1655 2978 septem
1687 2915 2077 2979 propositionibus
2110 2920 2187 2966 ni-

1174 3010 1250 3040 sus
1280 3003 1348 3041 est
1363 2995 1596 3043 insinuare
1616 3031 1630 3053 ‚
1662 2988 1913 3043 Ecclesiam
1938 3013 2033 3046 esse
2067 2999 2185 3047 invi-

1175 3075 1390 3135 sibilem,
1440 3093 1530 3124 nec
1563 3076 1623 3124 ad
1662 3074 1790 3125 illam
1830 3079 2057 3142 pertinere
2096 3082 2186 3128 nisi

1175 3159 1341 3208 electos
1363 3169 1407 3208 et
1429 3161 1594 3226 justos.
1623 3157 1742 3206 Sunt
1771 3167 1926 3209 autem
1950 3163 2181 3227 proposit.

1175 3256 1297 3288 txxu
1323 3250 1366 3288 et
1383 3250 1628 3305 sequentes
1643 3255 1790 3305 usque
1808 3240 1865 3288 ad
1885 3258 2016 3306 prop.
2031 3255 2182 3293 xxxix.

1177 3320 1296 3383 Has,
1324 3331 1375 3369 ut
1405 3322 1548 3380 solet,
1573 3313 1778 3369 Fontana
1805 3323 1986 3386 copiose
2013 3334 2058 3372 et
2080 3341 2182 3373 eru-

1177 3402 1271 3450 dite
1303 3402 1534 3451 confutat.
1573 3400 1634 3449 Ut
1675 3403 1904 3466 specimen
1943 3403 2182 3452 exhibeam

1177 3483 1507 3549 Quesnellianae
1535 3483 1755 3533 doctrinae
1775 3520 1791 3548 ,
1812 3487 1913 3551 ejus
1927 3485 2183 3534 exscribam

1176 3568 1532 3632 propositionem
1557 3581 1706 3627 uxu,
1734 3584 1834 3632 quae
1849 3568 1914 3615 ita
1938 3584 1986 3615 se
2009 3566 2178 3615 habet:

1178 3647 1306 3697 Nota
1327 3646 1378 3695 E
1379 3645 1557 3696 cclesioe
1569 3645 1844 3696 christianae
1863 3655 1948 3709 cst,
1979 3646 2106 3712 quod
2116 3649 2183 3702 ‚sit

1180 3727 1411 3777 catholica
1441 3765 1455 3790 ‚
1479 3725 1896 3794 ‘comprehendens
1936 3735 1980 3775 et
2018 3743 2179 3777 omnes

1836 3807 1895 3864 4.
