2514 4218
283 143 406 204 302
880 162 1084 202 mAcT.
1132 163 1205 200 ms
1250 164 1401 202 Locis
1444 167 1830 209 Tnnotoclcls.

284 307 467 390 gulari
497 327 735 389 prorsus
777 305 1006 365 ratione
1035 325 1156 386 prae
1194 306 1400 366 ceteris
1442 305 1787 370 distinctum
1815 322 1877 372 et
1911 311 2326 382 honestatum.
2359 337 2425 375 ac

284 407 486 462 munia
507 403 595 462 sui
618 402 907 484 primatus
937 412 1330 461 exercentem.
1370 403 1600 462 Etenim
1622 404 1684 462 in
1711 409 1791 464 eis
1813 410 2163 489 reperimuS,
2184 410 2426 471 Petrum

283 501 346 558 in
384 499 799 582 Apostolorum
827 518 1007 556 censu
1036 510 1375 558 constanter
1404 500 1598 580 primo
1633 499 1760 560 loco
1800 507 2247 565 commemorari
2284 506 2376 587 (1)
2406 553 2422 583 ,

281 599 557 680 quamvis
591 598 715 678 ipse
745 593 908 676 prior
942 616 1064 652 non
1102 595 1279 655 fuerit
1320 596 1395 655 ad
1431 597 1828 679 apostolatum
1871 613 2106 660 vocatus
2142 602 2265 684 (2);
2303 604 2427 685 pri-

284 718 449 755 mum
481 696 623 753 item
654 691 1094 773 Apostolorum,
1120 693 1219 774 qui
1244 692 1544 752 Christum
1571 694 1904 754 redivivum
1929 694 2176 756 intuitus
2199 701 2273 758 sit
2299 699 2422 780 (3);

287 793 572 876 primum7
600 788 704 870 qui
727 786 999 863 edixerit,
1021 787 1199 848 alium
1216 792 1249 849 J
1257 790 1383 850 udae
1399 790 1715 873 proditoris
1734 790 1861 852 loco
1885 791 2297 854 sufficiendum
2313 796 2426 877 (4);

280 889 567 972 primum,
587 887 688 967 qui
715 886 751 944 J
757 884 938 945 udaeis
971 885 1271 945 Christum
1299 887 1708 970 praedicaverit
1725 887 1839 967 (5),
1867 910 1932 947 ac
1957 899 2083 948 tum
2114 890 2270 972 ipsos
2295 902 2426 952 tum

280 982 528 1066 gentiles
561 983 627 1042 in
668 981 984 1042 Ecclesiam
1020 981 1324 1043 admiserit
1366 985 1497 1064 (6);
1544 985 1642 1067 qui
1682 985 2042 1045 sententiam
2070 988 2133 1045 in
2172 988 2428 1048 Concilio

280 1079 487 1141 tulerit
516 1079 642 1160 (7);
677 1080 779 1161 qui
804 1078 1082 1138 Ecclesias
1108 1080 1412 1140 universas
1436 1081 1702 1144 inviserit
1731 1081 1855 1163 (8).·,
1893 1083 1998 1164 qui
2021 1084 2235 1167 scripta
2266 1083 2426 1144 Pauli

279 1179 621 1263 probaverit
650 1178 781 1260 (9);
818 1200 956 1238 cum
999 1200 1115 1259 quo
1142 1177 1301 1238 idem
1338 1179 1548 1239 Paulus
1592 1180 1972 1261 Evangelium
2007 1204 2181 1240 suum
2215 1194 2427 1242 contu-

279 1275 414 1336 lerit
435 1321 451 1351 ,
486 1298 563 1335 ne
587 1279 746 1354 forte
762 1319 785 1347 ,
827 1285 900 1333 ut
934 1278 1060 1355 ipse
1103 1276 1401 1355 loquitur,
1432 1281 1501 1336 in
1530 1299 1795 1336 vacuum
1828 1290 2134 1348 curreret,
2164 1289 2280 1338 aut
2313 1301 2428 1338 cu-

280 1377 574 1433 currisset
594 1370 745 1453 (10).
764 1369 1058 1431 Exhibent
1070 1383 1353 1454 praeterea
1370 1373 1590 1433 eaedem
1610 1374 1924 1455 Scripturas
1947 1374 2422 1449 Petrumfsolum‚

275 1470 372 1529 ⁴cui
420 1470 629 1528 fratres
670 1490 802 1527 suos
842 1467 1233 1551 (Apostolos)
1280 1468 1545 1529 Christus
1591 1469 1897 1531 mandavit
1942 1470 2377 1531 confirmandos
2405 1517 2423 1548 ,

280 1575 341 1628 et
377 1578 690 1649 propterea
717 1586 951 1648 precem
994 1564 1351 1648 peculiarem
1389 1589 1497 1648 pro
1533 1588 1603 1626 eo
1637 1566 1853 1627 fuderit
1881 1568 2035 1648 (ll).
2072 1567 2227 1641 Quid
2249 1589 2425 1651 porro

280 1663 406 1724 haec
436 1663 633 1722 omnia
664 1661 773 1721 sibi
796 1661 1006 1723 volunt
1025 1707 1041 1737 ,
1080 1662 1196 1721 nisi
1223 1662 1526 1722 Christum
1561 1665 1753 1747 reipsa
1787 1665 2155 1725 constituisse
2183 1668 2426 1725 Petrum

276 1760 736 1820 fundamentum
758 1805 774 1835 a
820 1769 1030 1842 caput,
1064 1760 1392 1843 principem
1427 1761 1691 1822 Ecclesiae
1729 1761 1890 1822 suae‘?

365 1857 508 1917 452.
561 1858 712 1916 Sane
760 1855 808 1914 si
858 1855 1161 1930 Christus7
1223 1869 1289 1916 ut
1336 1879 1409 1917 ex
1455 1858 1870 1916 demonstratis
1922 1857 2160 1920 abunde
2197 1858 2422 1941 liquet,

282 1955 596 2016 Ecclesiam
635 1976 803 2012 suam
852 1951 928 2011 ad
973 1953 1159 2012 instar
1206 1952 1454 2012 humani
1496 1954 1790 2015 individui
1835 1955 2087 2015 condere
2121 1956 2428 2014 constituit

279 2053 477 2112 anima
515 2062 574 2110 et
606 2071 852 2131 corpore
905 2048 1170 2131 praediti,
1218 2048 1481 2132 adeoque
1522 2063 1588 2109 ut
1640 2072 1958 2134 personam
2013 2049 2299 2110 moralem
2361 2069 2427 2109 ac

281 2149 617 2208 societatem
652 2146 983 2222 visibilem,
1024 2146 1137 2204 nisi
1179 2145 1426 2207 velimus
1464 2148 1660 2228 ipsum
1706 2147 1957 2207 voluisse
1993 2147 2146 2206 hanc
2187 2147 2426 2207 societa-

280 2257 433 2320 tem,
462 2255 639 2325 prout
664 2242 904 2306 visibilis
943 2254 1031 2301 est
1067 2252 1242 2324 atque
1275 2242 1687 2324 adspectabilis
1706 2289 1721 2319 ,
1762 2244 1887 2303 sine
1911 2243 2125 2304 visibili
2150 2242 2426 2303 modera-

282 2354 408 2401 tore
450 2362 515 2400 ac
556 2340 821 2423 principe
846 2385 862 2415 ,
909 2329 1019 2398 hoc
1055 2361 1264 2422 corpus
1301 2339 1687 2422 acephalum,
1731 2341 2015 2400 nimirum
2063 2341 2190 2400 sine
2236 2341 2427 2421 capite

280 2439 636 2499 constituere
657 2484 673 2513 ,
704 2438 995 2498 fateamur
1022 2458 1259 2510 necesse
1291 2449 1405 2512 est,
1434 2437 1628 2498 eidem
1665 2450 1842 2521 caput
1867 2437 2194 2521 praefecisse
2219 2481 2236 2511 ,
2265 2433 2427 2517 quod

280 2635 585 2682 entanatiom
616 2670 629 2694 ,
666 2640 771 2681 tous
803 2630 870 2680 les
884 2631 1034 2680 droits
1061 2639 1106 2679 et
1125 2640 1230 2679 tous
1253 2630 1319 2678 les
1474 2630 1540 2694 (6)
1580 2630 1708 2679 Ibid.
1738 2647 1771 2677 x
1793 2667 1805 2688 ‚
1844 2626 1943 2692 343
1975 2646 2037 2677 xv
2056 2663 2072 2689 ‚
2112 2645 2163 2693 7.

274 2717 535 2784 privileqes
571 2716 651 2765 des
692 2724 843 2764 nastes
869 2713 1181 2763 sacerdotales
1212 2721 1320 2760 tant
1474 2713 1542 2779 (7)
1574 2714 1701 2763 Ibid.
1739 2731 1833 2774 xv,
1869 2713 1917 2763 7.

280 2803 336 2850 de
348 2799 558 2850 l’Orient
572 2817 662 2866 que
684 2799 741 2847 de
755 2797 1024 2847 l’Occident
1040 2834 1054 2857 ‚
1076 2795 1193 2843 dont
1204 2794 1315 2843 I’E-
1474 2797 1546 2862 (8)
1577 2798 1699 2846 lbid.
1729 2815 1771 2846 111
1790 2835 1803 2857 ,
1839 2798 1922 2847 32.

281 2883 400 2947 qlise
422 2884 698 2932 chretienne
727 2899 776 2931 se
797 2881 999 2946 reqarda
1027 2879 1085 2929 de
1104 2879 1220 2945 plus
1257 2897 1317 2928 en
1472 2881 1538 2946 (9)
1578 2881 1625 2928 II
1664 2881 1780 2930 Petr.
1815 2896 1893 2940 111,
1939 2879 2028 2940 15,
2075 2877 2151 2928 16.

272 2965 392 3032 plus
438 2984 617 3016 comme
671 2966 924 3014 l'heritiere
962 2963 1212 3014 naturelle.
1260 2963 1317 3011 Et
1474 2964 1572 3030 (10)
1613 2962 1719 3012 Gal.
1758 2966 1823 3022 ir,
1855 2979 1904 3012 2.

284 3049 395 3096 alibi
439 3054 609 3114 passim
653 3051 816 3099 eadem
858 3048 1063 3098 inculcat
1099 3047 1317 3097 adversus
1471 3049 1574 3112 (11)
1612 3047 1728 3095 Luc.
1748 3063 1865 3105 xxii,
1890 3040 2434 3103 32.Csr.Bossuet‚Ser-

287 3130 617 3181 protestantes.
1400 3147 1514 3179 mon
1546 3147 1634 3178 sur
1666 3128 1835 3177 Punite
1871 3127 1928 3175 de
1960 3126 2166 3192 I'Eylise
2194 3165 2207 3189 ‚
2238 3130 2436 3193 premier

352 3215 420 3278 (1)
461 3214 635 3265 Manh.
671 3234 735 3276 x,
779 3234 847 3279 23
897 3215 1044 3264 Marc.
1086 3232 1173 3276 111,
1224 3215 1317 3275 16,·
1400 3217 1559 3280 point,
1594 3213 1680 3262 ubi
1707 3212 2086 3278 eloquentissime
2116 3222 2163 3260 et
2200 3213 2433 3276 energice‚

285 3297 402 3346 Luc.
430 3315 475 3345 vl
492 3334 508 3360 ,
534 3296 592 3361 14
613 3315 626 3359 ;
651 3299 775 3364 apud
797 3300 1068 3348 Matthaeum
1099 3316 1309 3364 expresse
1394 3314 1498 3365 quae
1525 3315 1610 3346 nos
1640 3298 1717 3344 hic
1741 3297 1818 3343 vix
1848 3295 2190 3357 indicavimus,
2215 3294 2436 3359 explanat

282 3381 454 3429 dicitur
476 3382 688 3446 primus.
1394 3388 1441 3430 et
1476 3380 1660 3430 evolvit.
1698 3376 1933 3427 OE'uvres
1954 3378 2012 3425 de
2048 3379 2278 3438 Bessum,
2316 3376 2431 3425 edit.

355 3464 423 3528 (⁰2)
459 3463 600 3513 Joan.
628 3481 644 3511 1
665 3502 679 3524 ‚
713 3463 888 3528 3341.
1397 3463 1640 3513 Versailles
1673 3459 1832 3524 1816,
1865 3472 1983 3511 tom.
2018 3480 2095 3523 xv,
2132 3479 2235 3527 pag.
2263 3455 2364 3525 495
2386 3467 2433 3507 et

355 3548 426 3614 (3)
465 3548 581 3598 Luc.
609 3566 716 3597 xxrv
736 3585 750 3612 ,
787 3547 871 3613 34.
1395 3565 1527 3613 seqq.
1562 3562 1650 3595 nec
1669 3563 1767 3594 non
1796 3562 1920 3594 com.
1953 3545 1998 3595 J.
2029 3544 2097 3594 De
2127 3544 2345 3601 Maistre‚
2384 3543 2435 3588 in

357 3631 425 3696 (14)
463 3631 564 3681 Act.
589 3649 604 3679 1
623 3666 637 3689 ,
677 3629 734 3681 15
764 3641 810 3681 et
835 3649 969 3698 seqq.
1410 3649 1485 3697 op.
1528 3628 1619 3677 Du
1655 3628 1826 3696 Papo,
1857 3641 1975 3679 tom.
2005 3646 2054 3689 1,
2091 3628 2176 3678 liv.
2212 3643 2261 3690 1,
2289 3627 2348 3673 ch
2382 3620 2434 3673 6.

356 3713 420 3779 (5)
460 3715 583 3766 Ibid.
616 3731 681 3776 11,
722 3711 782 3778 14
806 3723 850 3763 et
877 3732 1010 3781 seqq.
