2514 4218
836 174 1030 215 TRACT.
1075 175 1144 211 lm.
1187 173 1342 212 mols
1385 176 1770 218 THEOLOGICIS.

1090 342 1581 386 DIFFICULTATES.

341 474 481 535 424.
529 473 663 554 Obj.
691 474 903 556 prima.
947 471 1012 529 10
1045 471 1459 554 Apostolorum
1485 483 1545 531 et
1567 471 1936 553 Synodorum
1965 479 2231 556 decreta,
2261 492 2406 543 ante*

259 572 718 633 Constantinum
747 566 1117 651 promulgata
1140 613 1156 644 7
1195 567 1272 627 ad
1309 590 1439 628 eam
1465 567 1790 651 disciplinae
1830 584 2060 652 partem
2086 588 2360 658 spectant
2381 623 2398 653 .,

256 690 391 752 quae
427 667 688 728 Ecclesiae
723 664 1131 725 constitutioni
1166 676 1255 725 est
1279 664 1719 740 essentialiffiet
1744 687 1876 748 quae
1908 666 2045 729 fidei
2072 670 2401 734 christianae

256 766 340 824 ita
365 775 455 824 est
473 762 700 821 adnexa
721 805 737 835 ‚
764 772 833 819 ut
855 759 995 820 inde
1022 762 1282 843 separari
1310 773 1587 844 nequeat.
1618 762 1686 820 2⁰
1710 761 1894 844 quue
1921 785 1995 829 ex
2017 765 2142 848 ipsa
2161 767 2403 829 institu-

256 860 417 919 tione
450 856 705 932 Christi,
741 857 842 940 qui
879 857 1178 940 professus
1215 870 1339 934 est7
1383 880 1444 917 se
1490 881 1614 917 non
1646 859 1875 919 venisse
1910 858 2102 941 legem
2140 852 2400 939 solvere,

254 953 360 1014 sed
397 952 759 1035 adimpleret,
807 974 983 1037 porro
1024 953 1398 1036 exploratum
1439 965 1566 1028 est,
1612 954 1675 1012 in
1713 956 1899 1016 veteri
1930 955 2056 1037 lege
2093 969 2414 1041 utramque

255 1060 614 1134 potestatem
649 1049 888 1112 civilem
920 1061 982 1110 et
1023 1071 1248 1109 sacram
1284 1050 1459 1110 fuisse
1500 1053 1902 1129 conjunctam.
1944 1051 2010 1112 30
2055 1054 2207 1114 Hinc
2246 1057 2408 1137 Apo-

258 1146 442 1207 stolus
470 1193 487 1224 ,
518 1149 688 1207 Rom.
722 1147 863 1222 XII,
896 1148 925 1205 1
950 1193 966 1222 ‚
1003 1146 1382 1207 commendat
1407 1145 1803 1207 obedientiam
1839 1147 2275 1211 sublimioribus
2296 1173 2406 1233 po-

253 1241 564 1305 testatibus
582 1291 599 1319 ‚
637 1242 701 1303 id
727 1254 816 1304 est
836 1289 853 1319 ,
886 1242 1255 1325 Principibus
1275 1287 1292 1320 ‚
1333 1243 1435 1325 qui
1458 1241 1589 1303 ideo
1621 1242 1999 1326 appellantur
2029 1245 2417 1306 sublimiores.

254 1352 610 1424 potestates,
648 1340 783 1424 quia
810 1361 1018 1399 eorum
1047 1341 1360 1399 auctoritas
1385 1337 1561 1398 aliam
1586 1361 2020 1422 quamcumque
2057 1352 2407 1424 praetergre-

257 1436 453 1512 ditur3
492 1437 559 1496 4Ο
588 1457 770 1520 quare
810 1434 969 1496 idem
1001 1434 1213 1496 Paulus
1249 1434 1326 1495 ad
1370 1436 1658 1496 Caesarem
1693 1435 2034 1519 appellavit.
2060 1439 2229 1520 Ergo,

341 1533 482 1594 425.
528 1535 703 1617 Resp.
740 1533 834 1594 Ad
874 1534 991 1608 lm,
1029 1532 1182 1614 Neq.
1225 1532 1380 1607 Quid
1417 1533 1580 1595 enim
1628 1554 1942 1596 commune
1987 1535 2214 1598 habent
2252 1537 2408 1619 Apo-

251 1778 604 1829 etoblissemens
617 1780 960 1830 d’instruction
969 1779 1283 1846 incolamque,

252 1880 315 1912 on
340 1880 403 1913 ne
433 1863 635 1913 laissera
665 1865 696 1913 ὰ
728 1863 936 1930 l’eveque
965 1862 1140 1930 qu'une
1169 1866 1288 1912 tres-

244 1947 398 2012 saible
419 1955 540 2015 part
581 1947 827 2009 d’action;
862 1955 938 2008 et,
965 1963 1097 2013 pour
1122 1962 1174 1995 ce
1202 1948 1289 2011 qui

250 2032 451 2098 reqarde
480 2031 546 2081 les
575 2033 893 2087 seminoires‚
929 2048 1002 2080 ses
1035 2033 1196 2080 mains
1212 2048 1286 2080 se·

251 2123 361 2163 roni
392 2113 752 2181 completement
783 2114 916 2164 lieee.
954 2113 1008 2163 5ο
1039 2112 1104 2162 Le
1117 2123 1285 2181 patro-

250 2215 377 2265 naqe
412 2198 494 2246 dee
517 2214 655 2246 cures
688 2206 734 2246 et
764 2197 847 2246 des
873 2197 1100 2262 benefices
1120 2236 1134 2259 ,
1172 2214 1288 2247 con·

247 2283 534 2348 formemenl
553 2298 622 2329 au
654 2282 855 2346 systeme
886 2279 1153 2333 territorial
1172 2297 1289 2346 pro-

253 2374 448 2426 testant,
468 2375 513 2414 et
524 2382 586 2414 en
600 2370 920 2431 consequence
940 2365 1009 2413 du
1019 2367 1251 2432 principe
1268 2384 1288 2413 .-

254 2449 397 2517 Cujus
415 2459 484 2498 est
511 2452 635 2515 regio
653 2487 667 2510 ,
699 2448 824 2499 illius
852 2459 921 2499 est
950 2450 1111 2515 religio
1131 2487 1144 2510 ,
1178 2465 1288 2497 sera

253 2531 425 2581 devota
448 2549 516 2581 au
544 2533 773 2598 seigneur
804 2532 874 2580 du
896 2549 1043 2599 pays.
1065 2530 1119 2581 6ο
1151 2531 1207 2580 Il
1219 2541 1289 2580 est

252 2615 450 2676 necorde
479 2632 548 2664 au
574 2616 783 2682 prince,
820 2632 882 2663 en
915 2624 1033 2667 cette
1074 2615 1286 2680 qualite,

254 2715 352 2747 une
386 2700 433 2746 si
457 2697 646 2764 qrande
676 2698 915 2763 influence
936 2714 1025 2745 eur
1055 2697 1103 2745 1α
1126 2699 1284 2747 nomi-

255 2783 427 2830 nation
467 2781 549 2830 des
590 2783 785 2847 &ceques
804 2817 821 2839 ,
857 2780 939 2829 dee
967 2784 1104 2828 cures
1137 2788 1182 2827 et
1202 2779 1286 2827 des

256 2863 520 2913 chanoines
534 2899 552 2927 ,
591 2873 638 2912 et
665 2880 754 2912 sur
779 2862 826 2912 la
866 2864 1184 2930 composition
1208 2879 1282 2910 es-

256 2946 466 2995 sentielle
492 2948 559 2996 dn
588 2947 834 3015 chapitre,
865 2963 958 3012 que
984 2945 1029 2994 la
1055 2944 1285 2996 veritable

256 3028 420 3077 liberte
451 3030 509 3078 de
539 3029 741 3098 l’quise
770 3048 832 3079 ne
847 3039 972 3097 peut
1019 3029 1286 3078 reellement

258 3129 307 3159 se
348 3112 575 3162 concilier
617 3131 729 3163 avec
769 3123 840 3163 cet
878 3117 973 3163 etat
1015 3113 1073 3161 de
1105 3113 1284 3163 choses.

261 3203 315 3260 7⁰
341 3194 477 3242 Pour
506 3213 556 3244 ee
583 3200 671 3262 qui
694 3205 763 3246 est
788 3197 870 3246 des
892 3198 1135 3262 moriaqes
1164 3198 1290 3248 mitr-

265 3286 331 3325 tes
356 3313 371 3340 ‚
410 3277 468 3324 de
498 3276 545 3326 la
568 3288 768 3346 rupture
807 3280 875 3329 du
907 3280 1006 3329 lien
1046 3290 1092 3330 et
1131 3281 1189 3330 de
1216 3282 1299 3333 Γέ-

265 3358 495 3409 ducation
525 3359 607 3408 des
637 3363 806 3427 enfans
840 3365 969 3412 issue
1006 3363 1063 3413 de
1092 3381 1168 3413 ces
1195 3384 1300 3416 ma-

271 3443 432 3507 rioyes
453 3480 467 3504 ,
506 3458 570 3491 on
605 3460 636 3491 a
656 3444 754 3508 soit
772 3446 1028 3511 preooloir
1046 3446 1129 3495 dee
1148 3451 1299 3514 prin-

265 3527 397 3592 cipes
457 3525 865 3576 diametralement
915 3535 1112 3598 opposes
1167 3532 1200 3580 ὰ
1251 3532 1300 3581 1α

264 3609 479 3659 doctrine
532 3620 576 3660 et
620 3612 652 3660 ὰ
709 3611 756 3661 1α
794 3613 1052 3681 discipline
1080 3616 1297 3681 qenerale

265 3692 321 3740 (16
352 3692 572 3759 I'quise.
621 3695 753 3760 Bref
764 3734 776 3757 ‚
820 3713 871 3744 ce
920 3701 1009 3762 qui
1041 3707 1211 3748 resson
1243 3698 1299 3746 de

1375 1789 1489 1829 cette
1528 1782 1808 1847 conserens-e
1829 1820 1843 1843 ‚
1884 1781 2000 1831 c'est
2043 1800 2115 1831 nn
2163 1786 2313 1850 esprit
2347 1786 2407 1833 de

1375 1866 1625 1930 mesqu-ine
1643 1865 1802 1931 police
1826 1864 2178 1931 ecclesiastique
2203 1877 2250 1916 ec
2262 1865 2418 1915 ‹Peon--

1365 1948 1629 2013 pietement
1644 1965 1757 1996 sans
1767 1949 1843 2013 fin
1864 1948 1920 1996 de
1934 1947 1982 1997 la
1989 1957 2107 2014 part
2122 1948 2191 1996 du
2201 1966 2406 2013 youver-
2481 2011 2484 2013 Α

1372 2039 1584 2092 nement,
1608 2029 1722 2080 c'est
1732 2030 2125 2097 l'incorporation
2137 2031 2195 2078 (16
2207 2029 2412 2095 I‘quise

1373 2114 1404 2163 ὰ
1421 2113 1580 2175 I‘Etat
1603 2131 1717 2162 avec
1735 2114 1818 2161 des
1844 2115 2096 2178 qaranties
2123 2111 2273 2177 d'unye
2295 2130 2407 2163 sou-

1374 2199 1568 2245 veraine
1594 2197 1838 2262 indiqnite
1862 2200 1931 2245 au
1945 2198 2089 2263 profit
2102 2197 2159 2245 (16
2170 2196 2371 2248 celui-ci
2388 2234 2410 2263 ,a

1367 2279 1818 2347 particulierement
1839 2279 1886 2328 la
1906 2279 2084 2339 liberte
2097 2280 2166 2329 du
2190 2282 2408 2347 mariaqe

1366 2381 1499 2430 pour
1531 2362 1598 2412 les
1638 2363 2018 2430 ecclesiasliques
2056 2381 2173 2414 avec
2211 2363 2407 2431 laquelle

1374 2464 1438 2496 on
1466 2464 1516 2496 se
1538 2447 1671 2513 flatte
1699 2447 1959 2496 d'osservir
1988 2446 2342 2514 completement
2361 2447 2406 2496 le

1372 2530 1541 2596 clerqe.
1572 2531 1821 2597 Quomodo
1849 2549 1956 2580 vero
1987 2532 2137 2579 adnisi
2170 2529 2264 2579 sint
2288 2531 2406 2580 Pro-

1373 2623 1589 2663 testantes
1621 2615 1720 2662 haec
1737 2615 2002 2663 executioni
2026 2613 2249 2662 mandare
2266 2651 2278 2674 ‚
2313 2615 2401 2665 cfr.

1372 2695 1491 2744 ibid.
1540 2694 1627 2743 His
1671 2696 1860 2744 basibus
1911 2698 2081 2744 innixae
2133 2696 2405 2761 prodierunt

1372 2780 1730 2827 constitutiones
1751 2780 1887 2827 variae
1914 2778 2007 2827 illis
2037 2781 2089 2826 in
2111 2779 2403 2844 regionibus,

1371 2860 1589 2911 Attamen
1620 2878 1718 2909 non
1747 2864 1913 2928 pauci,
1939 2864 2021 2929 qui
2047 2882 2096 2914 se
2121 2864 2286 2912 dicunt
2312 2860 2403 2910 Ca-

1371 2945 1567 2994 tholicos
1584 2982 1598 3002 ,
1630 2943 1721 2993 illis
1758 2962 1806 2993 se
1834 2944 2129 3011 conjungunt
2161 2944 2221 2993 ad
2241 2947 2403 3010 perni-

1373 3030 1493 3077 ciem
1531 3030 1795 3077 animarum
1835 3037 1882 3077 et
1912 3028 2274 3077 destructionem
2309 3027 2404 3076 Ec-

1374 3111 1524 3161 clesiae
1563 3110 1818 3160 catholicae.
1850 3109 1972 3160 Vere
2009 3110 2089 3159 hie
2131 3111 2246 3159 libet
2284 3110 2405 3159 illud

1376 3197 1489 3261 regii
1524 3193 1687 3243 Psaltis
1718 3195 2007 3258 ingeminare
2044 3190 2208 3243 :Filii
2234 3192 2406 3241 matris

1383 3296 1502 3327 meoe
1523 3285 1867 3344 pugnaverunt
1894 3285 2063 3326 contra
2095 3295 2189 3327 me.
2229 3276 2406 3325 Notan-

1382 3362 1498 3410 dum
1526 3372 1684 3410 tamen
1720 3360 1799 3408 hic
1842 3371 1909 3409 est
1931 3398 1944 3420 a
1980 3378 2154 3409 novum
2179 3359 2406 3409 Borussiae

1382 3443 1555 3508 Regem
1581 3479 1597 3508 ,
1635 3446 1810 3509 ingenti
1846 3444 2079 3493 bonorum
2101 3446 2314 3492 omnium
2328 3441 2409 3489 lae-

1383 3527 1517 3588 titia,
1549 3546 1647 3577 non
1677 3545 1845 3593 parum
1876 3529 1935 3577 ab
1968 3529 2041 3577 bis
2075 3529 2312 3593 principiis
2335 3541 2407 3572 re-

1382 3615 1584 3663 cessisse.
