2514 4218
262 128 382 188 290

866 141 1064 179 TRAGT.
1109 141 1176 176 DE
1222 140 1374 177 LOCIS
1420 141 1803 182 THEOLOGICIS.

261 291 420 378 quod
454 291 650 349 forent
694 286 960 370 Episcopi
1003 285 1066 342 in
1096 282 1358 342 Ecclesiae
1396 283 1711 363 regimine,
1750 287 1812 347 id
1839 289 2031 369 ipsum
2071 301 2224 351 esset
2268 293 2393 375 ipse

262 385 455 471 quoad
480 384 779 468 politicam
811 394 869 442 et
892 392 1202 439 externam
1229 378 1660 438 auctoritatem.
1691 382 1894 443 Cetera
1926 396 2123 446 autem
2158 388 2401 448 nomina

259 484 635 545 sacerdotum
659 524 682 553 ,
728 477 1120 559 pontificum,
1177 475 1432 534 ecclesiae
1475 486 1778 535 rectorum
1824 478 2144 564 improprie
2189 483 2401 544 iisdem

262 578 564 639 interdum
594 575 813 636 tributa
838 573 1012 631 fuisse
1032 594 1209 632 nemo
1230 572 1459 652 ignorat
1479 595 1494 645 ς
1514 582 1703 654 atque
1734 572 1814 631 ita
1844 573 2084 637 fuerunt
2106 580 2403 661 Principes

261 675 585 756 nuncupati
628 670 702 729 ob
754 670 1080 744 rationem,
1131 690 1310 751 quam
1355 670 1413 727 S.
1464 669 1576 726 Leo
1620 669 1697 734 M.
1743 669 1845 750 qui
1886 673 2173 747 ejusmodi
2216 675 2401 735 titulis

261 775 514 832 Leonem
558 769 883 846 Augustum
928 765 1266 846 insignivit7
1308 765 1589 847 exponit,
1641 763 1717 823 ad
1756 786 1893 824 eum
1937 766 2210 843 adducit,
2257 772 2403 830 scri-

263 869 408 929 bens
438 888 451 925 :
475 866 666 925 Debes
694 866 1123 923 incunctanter
1145 864 1474 936 advertere,
1507 864 1741 942 reyiam
1756 873 2103 941 potestatem
2137 867 2258 924 tihi
2282 889 2405 928 non

262 966 454 1025 solum
481 963 567 1021 ad
590 962 816 1020 mundi
835 965 1138 1041 regimen,
1165 960 1270 1018 sed
1306 963 1571 1017 maaime
1606 959 1693 1016 ad
1720 959 2005 1019 Ecclesioe
2033 963 2410 1041 praesidium

261 1081 375 1119 esse
423 1060 704 1118 collatam
731 1082 757 1132 ‚-
806 1067 880 1117 ut
919 1078 1111 1115 ausus
1154 1058 1421 1135 nefarios
1458 1057 1909 1135 comprimendo
1932 1100 1954 1128 ,
1990 1067 2046 1115 et
2084 1080 2221 1138 quoe
2266 1059 2410 1117 bene

261 1166 405 1215 sunt
440 1165 669 1214 statuta
699 1154 1022 1233 defendas,
1057 1163 1111 1210 et
1139 1173 1344 1211 veram
1370 1173 1589 1231 pacem
1627 1153 1721 1210 his
1735 1196 1758 1223 ,
1796 1175 1930 1232 quoe
1955 1165 2099 1212 sunt
2122 1155 2370 1214 turbata
2386 1197 2408 1227 ,

262 1256 547 1311 restituas
577 1249 686 1331 (l).

344 1346 487 1406 435.
538 1345 628 1406 Ad
673 1345 792 1419 ὄπι,
836 1346 1001 1404 Dis-t.
1050 1341 1250 1402 Talem
1285 1355 1677 1404 exercuerunt
1720 1355 2076 1425 potestatem
2111 1346 2410 1428 Principes

264 1465 334 1504 ex
354 1449 483 1522 jure
509 1442 621 1502 sibi
655 1442 893 1525 proprio
908 1485 932 1514 ,
968 1452 1117 1501 teste
1151 1441 1535 1505 Thomassino
1555 1486 1571 1516 7
1609 1461 1772 1522 ne9.,·
1801 1441 2046 1501 testibus
2081 1443 2206 1502 aliis
2236 1444 2414 1525 scrip·

264 1539 487 1599 toribus
520 1538 854 1613 catholicis7
892 1539 1069 1598 subd.
1113 1537 1312 1596 aulicis
1361 1550 1421 1597 et
1464 1537 1748 1618 regalistis
1792 1538 2052 1599 Ecclesiae
2087 1539 2407 1621 proditori-

261 1634 372 1695 bus
395 1683 411 1712 .‚
449 1636 547 1718 qui
574 1634 845 1695 catholici
874 1656 998 1693 non
1025 1634 1404 1694 retinuerunt
1431 1634 1545 1693 nisi
1571 1656 1793 1695 nomen
1825 1647 1883 1694 et
1910 1634 2171 1707 larvam,
2203 1659 2364 1697 conc.
2385 1657 2406 1704 ,·

265 1941 390 1988 dixit
417 1937 550 2005 apud
559 1930 611 1985 E
616 1937 853 1985 asebium.
873 1933 972 1986 Sed
984 1937 1031 1984 si
1046 1935 1152 1987 hoec
1164 1952 1286 2002 pro-

264 2024 392 2072 batio
411 2025 467 2071 in
481 2023 704 2070 tetricum
717 2019 932 2068 lectorem
947 2019 1202 2079 incideret,
1222 2036 1295 2068 re-

258 2095 448 2173 ponere*
471 2110 630 2170 posset
665 2140 678 2163 ‚
720 2101 876 2150 verbis
918 2103 1094 2166 qraecis
1142 2100 1294 2150 aliam

266 2190 424 2236 inesse
453 2187 738 2234 sententiam
752 2223 769 2245 ,
793 2201 901 2249 quoe
941 2184 1006 2232 ad
1027 2201 1264 2250 personas
1281 2222 1295 2247 ‚

269 2287 371 2318 non
398 2269 464 2316 ad
489 2285 562 2316 res
581 2270 714 2333 ipsas
736 2268 801 2315 sit
823 2266 1074 2332 reserenda
1096 2286 1112 2323 ;
1145 2269 1216 2314 ita
1241 2276 1296 2315 ut

271 2352 571 2416 siqm'fi'cetar
600 2386 614 2410 ‚
645 2347 913 2415 Episcopos
940 2366 1104 2396 eorum
1123 2366 1293 2397 curam

266 2450 459 2499 9erere,
494 2432 578 2497 qui
611 2429 848 2481 Ecclesiae
881 2430 1118 2498 adscripti
1145 2432 1294 2496 fidem

271 2516 587 2565 christianam
594 2515 941 2579 profitere-ntur
953 2553 965 2575 ‚
983 2531 1032 2562 se
1051 2531 1160 2563 vero
1173 2532 1291 2580 yen-

269 2598 451 2658 tilium‚
471 2598 558 2662 qui
572 2606 726 2645 essent
741 2604 876 2644 extra
886 2595 1160 2658 Ecclesiam
1179 2635 1191 2658 ‚
1212 2614 1293 2645 sa-

272 2681 366 2744 luti
387 2678 630 2728 consulere
652 2716 665 2739 ‚
698 2680 957 2743 sacrificiis
986 2696 1294 2746 payanorum

271 2763 432 2811 vetitis
449 2798 463 2822 ,
490 2761 747 2810 dominicae
775 2761 875 2809 diei
910 2760 1043 2808 cultu
1071 2770 1115 2809 et
1135 2761 1292 2825 feria-

273 2846 399 2892 tione
406 2852 648 2910 praecepta
671 2844 816 2892 etiam
834 2844 958 2909 ipsis
986 2843 1251 2908 qentilibus
1276 2880 1290 2904 ‚

273 2926 671 2992 quemadmodum
687 2926 1017 2993 superioribus
1036 2935 1079 2974 et
1096 2944 1296 2991 sequen·-

257 3007 403 3056 'tibus
443 3008 682 3074 capitibus
741 3008 974 3076 explicuit
1019 3007 1293 3062 Eusebius.

275 3089 452 3157 Quare
498 3094 652 3139 satius
692 3100 761 3140 est
803 3092 864 3140 ab
906 3109 958 3140 eo
1011 3102 1295 3157 arqumeuto

277 3173 534 3223 abstinere.
567 3173 690 3224 Sane
722 3192 865 3241 graeca
885 3180 1025 3225 verba
1057 3179 1119 3224 ita
1145 3195 1191 3225 se
1213 3178 1298 3226 ha-

279 3255 399 3305 bent
434 3271 449 3304 ε
473 3255 603 3304 Ἀλλ’
629 3258 756 3320 ὑμεῖς
778 3256 863 3322 μὲν
887 3263 968 3308 τὸν
993 3258 1093 3308 εἴα-ω
1119 3257 1202 3315 τῖἷς
1225 3262 1299 3310 ἐκ·

279 3335 475 3395 κλητιόις
493 3376 507 3400 ,
554 3336 643 3398 ἐγῶ
685 3338 739 3389 δὲ
781 3347 863 3391 τί,
909 3338 1035 3397 izv-0⁸5
1092 3340 1173 3391 tiri
1210 3350 1302 3393 θεοῦ

281 3420 631 3485 καθεσταμένος
679 3420 923 3480 ἐπίσκοπος
960 3422 1012 3476 «ἓν
1059 3425 1165 3482 εἴην.
1203 3426 1297 3475 Cfr.

282 3508 420 3557 etiam
436 3505 633 3554 Allatius
653 3542 667 3566 ,
697 3506 777 3556 De
796 3525 1029 3559 consensu
1050 3511 1302 3574 utriusque

282 3585 543 3647 Ecclesiae,
568 3605 670 3654 pag.
721 3589 819 3638 230
849 3600 895 3639 et
929 3610 1063 3659 seqq.
1116 3602 1162 3640 et
1196 3591 1300 3640 Ma-

283 3668 490 3720 machius
523 3669 731 3736 Oriqen.
764 3678 811 3720 et
840 3675 1074 3739 antiquit.
1116 3673 1298 3725 Christ.

1379 1942 1499 1986 tom.
1533 1954 1610 1998 iv,
1641 1954 1742 2003 pag.
1779 1936 1891 1986 113.

1448 2020 1509 2083 (l)
1527 2017 1693 2086 Epist.
1714 2036 1833 2081 czvl,
1853 2019 1963 2068 edit.
1980 2018 2200 2067 Ballerin.
2225 2034 2326 2083 cap.
2350 2017 2399 2067 3.

1379 2100 1481 2168 Quo
1504 2120 1641 2150 sensu
1665 2104 1835 2166 pariter
1852 2101 2002 2149 Conc.
2022 2100 2405 2150 Chalcedonense

1381 2185 1520 2250 (tom.
1556 2195 1610 2232 n.
1643 2184 1757 2234 Act.
1796 2182 1982 2232 Concil.
2016 2183 2278 2242 Harduini,
2311 2183 2403 2231 col.

1379 2268 1510 2335 490)
1551 2270 1732 2317 vocavit
1773 2267 2065 2316 Marcianum
2100 2266 2403 2315 Sacerdotem

1377 2359 1423 2398 et
1439 2351 1614 2415 Reqem
1631 2369 1650 2412 ,·
1669 2361 1712 2400 et
1742 2350 1983 2417 Gregorius
2013 2368 2045 2400 11
2069 2350 2405 2399 exhortabatur

1380 2432 1583 2483 Leonem
1601 2433 1854 2483 Isauricum
1876 2434 1891 2498 (
1909 2434 2032 2498 apud
2047 2433 2266 2482 eumdem
2281 2431 2403 2480 Har-

1378 2517 1510 2566 duin.
1544 2529 1660 2567 tom.
1683 2532 1730 2566 tv
1752 2555 1765 2578 ,
1798 2519 1888 2566 col.
1927 2515 2053 2577 18),
2087 2525 2137 2563 ut
2158 2525 2274 2563 esset
2301 2514 2403 2563 Rex

1377 2608 1423 2647 et
1456 2599 1724 2664 Pontifex3
1758 2618 1783 2648 a
1805 2599 2030 2650 ,Concilio
2061 2616 2169 2647 vero
2200 2597 2402 2663 Mogun-

1377 2683 1474 2730 tino
1493 2700 1616 2730 anno
1641 2681 1742 2731 813
1762 2719 1775 2742 ,
1802 2682 1927 2747 apud
1949 2681 2214 2730 Hartzheim
2235 2717 2250 2742 ‚
2279 2680 2406 2729 Con-

1376 2763 1461 2812 cil.
1493 2762 1729 2812 German.
1767 2774 1882 2813 tom.
1902 2782 1916 2811 1
1939 2802 1951 2823 ‚
1985 2761 2235 2829 pag.4o5‚
2268 2782 2406 2813 voca-

1378 2856 1454 2894 tur
1475 2846 1667 2895 Carolus
1690 2846 1756 2895 M.
1784 2847 1953 2895 Rector
1968 2846 2220 2909 Ecclesiae,
2239 2846 2409 2894 Rector

1378 2948 1501 2979 veroe
1540 2930 1814 2996 reliqionis'.
1861 2931 1970 2997 Quae
2006 2931 2196 2997 quidem
2225 2929 2407 2995 aliaque

1381 3014 1607 3078 ejusmodi
1624 3052 1637 3073 ‚
1657 3013 1828 3080 quibus
1850 3014 2106 3061 abutuntur
2121 3012 2370 3060 adversarii
2391 3050 2404 3073 ,

1382 3095 1443 3146 ad
1468 3115 1574 3146 eum
1608 3097 1801 3145 modum
1840 3096 2035 3161 intelligi
2067 3096 2269 3155 debent,
2315 3113 2409 3161 quo

1359 3181 1621 3242 &merdam
1670 3179 1829 3227 fideles
1874 3188 2096 3226 vocantur
2146 3194 2279 3242 reyes
2297 3215 2310 3238 ‚
2354 3194 2408 3226 eo

1385 3264 1512 3326 quod
1535 3265 1755 3328 scriptum
1792 3264 1850 3309 sit
1871 3279 1884 3309 :
1906 3261 2049 3308 Fecit
2066 3278 2152 3308 nos
2171 3277 2373 3325 requam
2392 3276 2409 3314 ε

1385 3348 1451 3395 sic
1481 3363 1607 3411 reges
1633 3354 1742 3393 sunt
1785 3344 2043 3393 sacerdotes
2074 3346 2210 3411 juxta
2248 3342 2368 3390 illud
2391 3357 2408 3389 ε

1386 3426 1558 3492 Reqale
1585 3425 1923 3475 sacerdotium.
1958 3426 2098 3474 Porro
2140 3425 2305 3474 eadem
2331 3441 2410 3472 ra-

1386 3513 1508 3558 tione
1526 3546 1541 3569 ‚
1565 3526 1660 3575 qna
1686 3509 1844 3558 fideles
1859 3511 2045 3558 nonnisi
2061 3509 2314 3573 improprie
2332 3506 2411 3554 di-

1385 3603 1556 3641 cuntur
1597 3608 1727 3656 reyes
1750 3628 1764 3652 ,
1816 3595 1879 3642 ita
1931 3594 2118 3641 nonnisi
2156 3591 2410 3656 improprie

1386 3677 1615 3743 principes
1647 3676 1869 3726 dicuntur
1899 3676 2179 3726 sacerdotes.
