2514 4218
337 161 495 197 PART.
544 162 583 195 1.
642 159 794 197 SEC'I'.
848 159 911 196 11.
959 159 1083 198 GAP.
1131 162 1220 197 111.
1270 163 1337 197 DE
1380 162 1509 198 RAT.
1559 163 1624 198 ET
1669 164 1794 200 JUR.
1835 164 1992 200 PRIM.
2082 142 2198 202 46].

95 303 262 375 Quod
290 303 338 360 si
373 301 639 360 Pontifex
671 302 936 359 nondum
967 302 1319 361 sententiam
1347 301 1546 361 tulerit
1567 348 1583 367 .
1610 302 1860 363 liberum
1889 305 2206 386 unicuique>

95 407 182 456 est
210 397 500 478 inquirere
519 396 580 454 in
609 397 1009 477 quaestionem,
1025 384 1098 455 de
1121 418 1236 477 qua
1258 397 1467 478 agitur,
1491 410 1871 458 monumenta
1902 412 2202 476 excutere,

93 513 158 550 ac
200 491 437 550 demum
465 512 581 548 una
605 512 736 550 cum
763 492 1039 551 Pontifice
1073 493 1428 551 sententiam
1454 492 1661 553 dicere.
1687 495 1755 552 In
1790 505 2040 576 utroque
2062 517 2203 557 casu:

92 585 349 646 definitio
383 585 620 644 Concilii
648 585 986 646 oecumenici
1023 585 1206 644 fertur
1227 607 1332 667 per
1356 587 1595 646 modum
1632 589 1802 646 unius
1830 599 1959 648 tum
1994 591 2202 670 capitis

91 693 219 740 tum
263 681 691 758 membrorum,
721 682 853 764 quia
893 692 1066 766 caput
1096 681 1270 739 simul
1302 693 1361 740 et
1389 682 1652 742 membra
1695 683 1959 744 Ecclesiae
1998 686 2201 757 unita.-

91 787 211 835 tem
244 777 624 836 constituunt.
668 777 790 836 Hae
826 777 1049 835 ratione
1081 785 1141 834 et
1168 796 1269 834 sua
1302 777 1568 836 Pontifici
1597 799 1870 860 suprema
1907 780 1970 840 in
1994 779 2202 840 Concil-

88 870 166 929 lio
195 882 458 932 servatur
496 871 803 930 auctoritas
825 915 841 945 ,
885 881 944 930 et
982 863 1278 950 Episcopisv
1311 892 1413 930 sua
1444 871 1747 948 judicandi
1781 884 2064 955 postestas
2084 874 2196 934 sub

91 977 149 1025 et
179 987 293 1024 una
330 987 463 1024 cum
493 988 640 1025 rom.
667 965 941 1024 Pontifice
968 962 1058 1042 (l)
1082 1009 1099 1037 ‚
1144 965 1235 1023 cui
1259 978 1662 1047 cooperantur.

169 1060 305 1119 671.
352 1060 482 1138 Obj.
518 1061 705 1120 tertia.
751 1060 814 1117 10
839 1057 898 1117 Si
939 1070 1319 1118 monumenta
1355 1061 1721 1142 antiquitatis
1774 1063 2046 1141 evolvas,
2095 1067 2196 1129 vix

90 1153 318 1213 dubites
380 1154 878 1214 confirmationem
926 1152 1313 1212 Conciliorum
1366 1154 1441 1212 ad
1494 1154 1791 1235 politicam
1841 1170 2196 1240 potestatem

88 1261 377 1330 spectare3
407 1251 477 1308 20
501 1251 691 1332 priora
718 1247 876 1307 enim
912 1246 1164 1306 Concilia
1191 1247 1364 1307 fuisse
1396 1248 1470 1308 ab
1499 1251 1954 1333 Imperatoribus
1978 1257 2193 1316 confir-

85 1357 241 1405 mata
262 1391 278 1420 ‚
308 1345 537 1427 publica
562 1346 820 1426 ipsorum
849 1341 1035 1402 edicta
1076 1362 1142 1401 ac
1182 1341 1334 1421 leges
1379 1345 1657 1404 evincunt
1686 1346 1794 1427 (2).
1840 1348 1906 1406 30
1940 1351 2194 1412 Concilia

82 1440 208 1522 ipsa
241 1440 617 1526 necessariam
663 1436 947 1516 ejusmodi
994 1437 1496 1497 confirmationem
1536 1440 1894 1502 existimasse
1915 1490 1931 1519 a
1985 1449 2191 1507 ceteris

84 1536 304 1594 omissis
327 1580 344 1611 ,
382 1532 700 1593 ostendunt
728 1531 903 1592 verba
931 1531 1168 1591 Concilii
1191 1532 1475 1613 generalis
1507 1535 1558 1592 II
1580 1579 1596 1606 ,
1629 1535 1838 1617 quibus
1876 1550 2073 1620 patres
2111 1542 2192 1601 sic

85 1630 500 1711 Imperatorem
528 1628 905 1709 alloquuntur
936 1649 948 1684 :
995 1628 1301 1707 Rogamus
1331 1639 1494 1688 tuam
1539 1632 1947 1704 elementiam,
1981 1646 2053 1695 ut
2073 1657 2197 1715 per-

80 1727 306 1784 litteras
337 1746 564 1804 quoque
597 1734 714 1782 tuae
747 1725 993 1803 pietatis
1030 1732 1236 1781 ratum
1286 1723 1581 1785 habeatur
1626 1726 1960 1788 Concilium
1994 1731 2185 1790 decre·

81 2010 200 2048 terea
231 2017 284 2048 ex
315 2002 416 2065 ipso
450 1999 653 2049 Concilio
693 2000 963 2050 Tridentino
983 2036 997 2062 ‚
1037 2003 1087 2048 in

82 2099 174 2146 quo
211 2081 361 2130 Patres
398 2082 521 2130 fuere
559 2085 656 2130 veri
685 2083 862 2147 judices
890 2085 940 2130 in
973 2082 1088 2130 defi-

82 2163 263 2211 niendis
298 2164 590 2226 veritatibus,
615 2179 718 2230 quae
739 2164 918 2230 jamdiu
937 2166 987 2212 in
1007 2181 1089 2212 an-

80 2246 392 2296 tecedentibus
418 2247 633 2296 Conciliis
663 2249 954 2295 oeeumenicis
985 2244 1088 2296 fue-v

81 2339 184 2376 rant
210 2332 467 2378 constitutae
487 2367 499 2389 ‚
536 2339 581 2378 et
610 2348 635 2378 a
660 2330 827 2396 quibus
851 2330 1088 2378 dissentire

81 2410 210 2458 nullo
224 2411 362 2460 modo
391 2422 616 2476 poterant.

147 2493 213 2556 (l)
250 2493 354 2553 Qua
390 2495 565 2542 ratione
610 2510 815 2541 assensus
842 2492 1089 2557 Episcopo-

80 2590 188 2622 rum
209 2574 456 2623 Pontificiis
480 2574 825 2623 definitionibus
853 2574 1087 2623 adhibitus

81 2663 129 2704 et
153 2655 440 2705 adhibendus
466 2654 626 2721 judicii
655 2667 864 2704 naturam
891 2656 1083 2716 induat,

82 2741 142 2785 ita
191 2738 393 2802 perbelle
436 2742 624 2804 exponit
673 2739 950 2788 Fenelonius
967 2777 980 2797 ‚
1036 2742 1086 2787 in

82 2823 213 2884 epist.
261 2838 340 2868 seu
380 2823 677 2870 instructione
722 2821 931 2885 pastorali
979 2823 1083 2869 data

80 2902 153 2951 die
178 2918 241 2950 20
263 2902 375 2967 Apr.
402 2901 527 2966 1715
545 2940 558 2963 ,
585 2903 708 2967 apud
734 2904 951 2952 eumdem
977 2902 1085 2952 Bal-

71 2983 287 3033 lerinium
305 3021 318 3042 ‚
347 2986 438 3033 loc.
469 2987 549 3034 cit.
584 2983 823 3032 Iudicare
842 3021 856 3044 ,
895 2987 1047 3050 inquit
1067 3021 1081 3044 ‚

67 3073 174 3129 post
185 3066 436 3130 judicium
465 3062 724 3131 Pontificis
749 3075 816 3114 est
845 3082 987 3113 suum
990 3068 1083 3131 ju-

74 3145 257 3193 dicium
275 3165 384 3196 eum
395 3149 645 3214 pontificio
660 3146 769 3213 conj
773 3164 956 3211 unqere.
970 3147 1082 3196 Hac

73 3229 257 3276 ratione
285 3227 518 3296 Episcopi
554 3230 666 3279 olim
698 3230 1083 3295 subscripserunt

72 3311 286 3374 ipsorum
320 3309 644 3361 Consiliorum
673 3311 977 3377 qeneralium
1000 3312 1080 3359 de-

71 3393 230 3440 cretis.
276 3391 464 3440 Eorum
506 3395 756 3443 submissio
803 3403 904 3442 erat
937 3395 1080 3460 Judi-

70 3474 200 3520 cium
220 3509 233 3530 ,
270 3481 314 3520 et
348 3490 510 3522 eorum
530 3476 781 3540 judicium
824 3485 926 3524 erat
964 3476 1077 3524 sub-

72 3558 254 3605 missio.
266 3552 619 3607 Subscribeutes
630 3575 727 3606 sese
741 3559 1077 3608 submittebant

71 3637 219 3685 simul
243 3644 286 3685 et
311 3638 654 3702 confirmabant
674 3640 958 3691 decisionem
980 3641 1071 3706 Sy-

1173 1997 1306 2049 nodi.
1345 2000 1480 2067 Quod
1514 2013 1690 2052 constat
1723 2020 1782 2053 ex
1811 2007 1922 2055 actis
1958 2018 2002 2056 et
2036 2024 2090 2058 ex
2115 2009 2188 2059 his

1172 2083 1363 2148 aliisque
1399 2083 1626 2133 similibus
1655 2084 2051 2152 subscriptionum
2094 2091 2187 2140 sor-

1174 2166 1311 2213 mulis
1336 2164 1607 2215 :Judieans
1629 2168 1893 2235 subscripsi
1899 2188 1919 2232 ‚·
1940 2188 2189 2236 recoqnos-

1172 2263 1290 2305 cens,
1313 2250 1537 2295 consensi
1545 2270 1565 2307 ;
1595 2249 1921 2316 obtemperans
1942 2258 2187 2304 sementim

1173 2330 1585 2377 sanctissimorum
1609 2340 1652 2379 et
1665 2331 2046 2382 beatissimorum
2067 2335 2189 2402 Epi-

1173 2427 1417 2476 scoporum
1431 2414 1729 2461 consentiens
1742 2423 1785 2461 et
1803 2431 1885 2478 eqo
1900 2416 2183 2482 subscripsi}

1171 2495 1466 2541 consentiens
1491 2504 1535 2542 et
1574 2511 1657 2559 eqo
1683 2495 1949 2562 subsc-ripa
1960 2515 1981 2558 ,·
2015 2514 2189 2562 coquo-

1173 2590 1307 2622 sceus
1321 2574 1662 2624 discussionem
1675 2586 1949 2625 sauctorum
1963 2574 2185 2641 Pati-um,

1172 2666 1216 2703 et
1239 2674 1350 2705 cum
1376 2660 1511 2722 sequi
1529 2658 1747 2721 debeam,
1763 2659 2028 2726 subscripsi
2045 2698 2060 2721 ‚
2094 2673 2183 2712 etc.

1173 2738 1285 2786 Aliis
1333 2739 1483 2804 placet
1516 2741 1746 2805 judicium
1788 2759 1907 2791 rom.
1950 2741 2186 2794 Pontificis

1172 2836 1334 2868 vocare
1355 2820 1646 2886 principale.
1666 2821 1765 2870 cfr.
1783 2825 1925 2872 etiam
1942 2823 2152 2875 Zaccaria
2162 2861 2180 2888 ,

1171 2901 1223 2949 in
1269 2900 1608 2967 Amifebrouio
1651 2905 1895 2954 vindicato
1916 2944 1930 2966 ,
1967 2917 2080 2957 tom.
2115 2925 2180 2971 Π,

1171 2984 1284 3033 diss.
1310 3002 1355 3033 iv
1375 3022 1388 3045 ‚
1425 3003 1523 3050 cap.
1546 2983 1605 3045 6,
1636 2985 1717 3034 ubi
1735 2987 1835 3035 fuse
1862 2987 1920 3036 de
1941 2989 2032 3037 hoc
2052 3007 2184 3055 argu-

1171 3072 1334 3114 mento
1361 3066 1522 3115 scribit
1542 3067 1757 3117 adversus
1782 3068 2080 3119 Febronium.

1240 3147 1304 3211 (2)
1343 3148 1410 3196 Ita
1450 3148 1618 3197 Planck
1638 3187 1650 3207 ,
1694 3152 1745 3197 in
1788 3169 1864 3216 op.
1910 3149 2183 3203 Gescbichte

1169 3230 1253 3279 der
1287 3230 1916 3292 Christlich-Kircklicheu,
1966 3246 2053 3286 etc.
2095 3254 2179 3284 seu

1169 3311 1398 3362 Historia
1424 3316 1776 3363 constitutionis
1800 3316 1991 3365 socialis
2016 3315 2179 3365 Eccle-

1166 3395 1254 3442 sioe
1282 3394 1559 3443 christianoe
1573 3432 1591 3457 ‚
1626 3406 1743 3461 part.
1766 3414 1814 3458 1,
1843 3416 1892 3463 p.
1922 3390 2019 3462 687
2046 3435 2059 3455 ‚
2097 3397 2177 3446 ubi
2204 3432 2206 3434 -

1167 3477 1392 3540 ejusmodi
1421 3479 1757 3541 imperatoriam
1784 3479 2177 3528 confirmationem

1165 3556 1225 3605 ad
1259 3559 1355 3622 ipsa
1391 3559 1499 3607 fidei
1530 3559 1740 3625 dogmata
1774 3560 1977 3609 extendit
2000 3595 2015 3619 ,
2054 3561 2176 3625 apud

1153 3638 1450 3707 Roskovany,
1469 3658 1546 3706 op.
1582 3644 1659 3692 cit.
1689 3640 1716 3707 §
1750 3642 1846 3709 73,
1886 3657 1991 3708 pag.
2029 3640 2140 3692 136.
