2514 4218
533 222 692 261 mar.
739 221 782 258 1.
837 220 958 259 car.
1002 220 1092 258 111.
1140 219 1208 256 nn
1251 217 1520 257 ncctnsm
1562 219 1743 258 noris.
2083 200 2205 261 205

98 367 315 443 reales,
356 386 483 444 neq.
511 360 758 435 Quando
779 362 841 420 in
883 359 1169 420 abusuum
1202 380 1440 420 censum
1465 357 1927 419 adnumerantur
1952 358 2205 441 legitima

94 471 219 542 jura
245 479 619 521 romanorum
650 458 995 516 Pontificum
1014 500 1031 530 ‚
1063 467 1218 515 certe
1254 454 1448 537 plures
1472 456 1759 514 recenseri
1789 468 2074 535 possunt3
2104 457 2205 518 sed

98 562 146 619 si
171 555 505 618 exercitium
526 553 794 633 legitimae
819 550 1176 612 auctoritatis
1201 571 1232 609 a
1257 549 1486 608 Christo
1509 560 1757 631 acceptae
1784 548 1945 608 nulla
1977 552 2208 615 ratione

99 652 308 713 abusus
342 650 452 710 dici
483 660 710 730 potest,
746 648 952 706 frustra
991 644 1322 705 obnitentes
1359 656 1419 704 et
1451 643 1777 726 perduelles
1817 657 1883 704 ut
1919 647 2206 708 motivum

96 747 420 808 schismatis
451 744 662 804 abusus
702 741 1055 803 obtendunt.
1088 739 1262 816 Quod
1295 761 1467 819 porro
1502 739 1722 799 dictum
1760 751 1847 800 est
1873 740 1947 801 de
1977 741 2208 819 juribus

98 845 264 901 Rom.
302 841 628 914 pontificis,
671 839 828 899 idem
871 837 982 896 dici
1012 834 1187 894 debet
1222 831 1297 893 de
1330 834 1652 895 innumeris
1689 835 1846 913 aliis,
1882 858 2008 919 quae
2043 835 2233 917 juxta'

100 939 339 997 Patrum
379 936 702 995 doctrinam
745 944 804 993 et
840 930 1068 1014 praxim
1109 929 1570 1010 antiquissimam
1609 930 1869 992 Ecclesiae
1925 932 2204 1010 Catholici

100 1044 337 1106 tenent,
363 1031 676 1092 adversarii
709 1049 844 1089 vero
858 1031 1026 1105 juxta
1057 1047 1158 1084 sua
1187 1026 1498 1108 anticipata
1519 1027 1734 1106 judicia
1766 1038 2044 1111 tanquam
2069 1031 2209 1091 toti-

99 1125 234 1186 dem
265 1125 474 1185 abusus
505 1127 862 1185 insectantur
893 1120 1004 1200 (l).
1036 1119 1337 1180 Calumnia
1360 1143 1499 1181 vero
1518 1123 1876 1203 apertissima
1903 1136 2012 1201 est,
2053 1125 2211 1205 quod

100 1221 366 1299 adjicitur
399 1221 471 1280 de
499 1217 895 1278 dominatione
930 1215 1272 1298 temporali,
1314 1238 1490 1298 quam
1517 1217 1626 1276 sibi
1653 1240 1947 1280 assumere
1981 1222 2211 1282 romani

102 1318 408 1377 Pontifices
436 1316 548 1374 nisi
572 1314 805 1373 fuerint.
840 1313 1144 1372 Proferant
1169 1311 1483 1372 adversarii
1516 1311 1614 1372 vel
1635 1314 1871 1374 unicum
1901 1337 2122 1393 casum,
2148 1319 2211 1378 in

100 1435 217 1495 quo
259 1414 368 1494 ipsi
401 1411 585 1471 aliena
608 1413 739 1487 jura
776 1409 1096 1468 invaserint
1134 1407 1466 1489 aliquandO.
1506 1409 1675 1482 Quod
1703 1409 1750 1467 si
1777 1411 1947 1487 justis
1974 1412 2047 1472 de
2084 1434 2212 1471 cau·

99 1509 175 1567 sis
212 1508 508 1567 Pontifices
547 1504 662 1563 lata
700 1504 1301 1564 excommunicatione
1337 1502 1596 1563 subditos
1632 1503 1982 1586 quandoque
2027 1507 2212 1569 solve·

100 1602 246 1663 bant
267 1625 296 1662 a
315 1601 729 1681 jurejurandO,
760 1622 875 1682 quo
899 1601 992 1659 isti
1013 1622 1144 1659 suos
1173 1622 1303 1680 erga
1335 1600 1628 1682 Principes
1655 1599 2168 1681 obstringebantur
2189 1647 2208 1678 ,

101 1698 230 1758 ideo
271 1697 409 1771 fuit,
455 1698 588 1778 quia
631 1698 709 1756 sic
746 1694 968 1756 ferebat
1015 1694 1315 1776 quondam
1343 1698 1437 1772 jus
1481 1694 1780 1777 publicum
1827 1695 1901 1755 ab
1940 1697 2215 1758 omnibus

100 1814 205 1873 per
235 1791 295 1850 id
334 1792 608 1874 temporis
650 1790 969 1850 admissum
992 1790 1099 1870 (2).

182 1886 320 1945 316.
371 1885 457 1945 Ad
506 1887 662 1960 12³1,
708 1887 881 1968 Resp.
922 1886 1046 1944 Imo
1078 1907 1216 1945 vere
1261 1883 1633 1944 schismaticae
1667 1896 1833 1959 sunt,
1884 1886 2015 1967 quia
2056 1908 2214 1947 rese-

100 1992 203 2042 ctae
237 1993 373 2041 sunt
396 2003 461 2041 ac
490 1981 691 2041 divisae
718 1979 791 2040 ab
827 1981 1085 2051 Ecclesiae
1109 1981 1296 2063 capite
1318 2026 1334 2054 ,
1374 1992 1433 2040 et
1456 2002 1489 2039 a
1516 1981 1927 2041 communione
1957 1981 2215 2043 Ecclesiae

100 2077 281 2135 unicae
334 2076 659 2155 catholicae3
699 2077 831 2158 quia
872 2088 1153 2158 praeterea
1200 2075 1425 2134 nullam
1467 2074 1690 2135 habent
1723 2076 1859 2135 fidei
1887 2077 2171 2137 unitatem
2195 2122 2213 2152 ,

103 2191 286 2252 quum
325 2171 616 2230 destitutae
654 2173 771 2229 sint
806 2172 1148 2232 auctoritate
1172 2183 1325 2230 certa
1352 2183 1525 2253 atque
1563 2170 1889 2247 infallibili,
1928 2194 2056 2254 quae
2081 2172 2215 2231 uni-

105 2285 235 2323 cum
265 2264 523 2323 medium
561 2276 651 2323 est
684 2266 925 2323 unitatis
955 2265 1092 2324 fidei
1116 2265 1442 2325 servandae.
1483 2267 1654 2339 Quod
1686 2278 1849 2347 patet
1881 2266 2119 2348 quidem
2141 2289 2213 2328 ex

109 2369 392 2440 perpetua
406 2357 618 2418 harum
635 2359 1014 2418 Ecclesiarum
1035 2358 1437 2433 fluctuatione,
1455 2381 1567 2439 qua
1586 2360 1802 2434 factum
1825 2372 1936 2432 est,
1959 2373 2026 2419 ut
2042 2361 2214 2421 modo

104 2455 519 2534 profiterentur
568 2476 782 2535 purum
833 2454 1405 2535 protestantismum‚
1456 2453 1631 2512 modo
1682 2466 1910 2536 partem
1951 2476 2213 2515 errorum

105 2557 335 2606 tantum
356 2592 373 2616 ,
402 2548 578 2607 modo
607 2549 682 2607 ad
710 2548 1016 2607 Ecclesiam
1043 2570 1348 2607 romanam
1372 2547 1641 2608 accedere
1669 2548 2008 2624 videantur,
2036 2550 2212 2610 modo

105 2652 227 2702 toto
255 2642 402 2704 coelo
431 2642 505 2706 ab
530 2665 597 2704 ea
619 2643 974 2714 abhorreant
994 2689 1011 2720 ,
1031 2644 1174 2704 adeo
1197 2655 1263 2703 ut
1284 2645 1345 2703 in
1364 2644 1488 2724 ipsa
1512 2646 1890 2707 universitate
1908 2648 2215 2708 oxoniensi

175 2946 242 3009 (l)
276 2943 378 3006 Sic,
405 2951 541 3010 prout
570 2944 766 3009 quisque
792 2940 984 2990 affectus
1018 2951 1110 3004 est,
1195 2942 1308 2991 dum
1326 2961 1419 3013 ,pro
1448 2954 1570 2994 certo
1605 2946 1882 3006 assumitur,
1908 2947 2034 3013 quod
2057 2947 2211 2998 adhuc

109 3024 235 3075 hunc
254 3044 444 3075 censum
464 3024 673 3088 exhibet3
691 3023 998 3072 Protestantes
1013 3041 1115 3071 om·
1198 3027 1248 3073 in
1271 3028 1526 3090 quaestione
1547 3036 1632 3076 est.

111 3121 190 3155 nes
228 3110 347 3157 inter
375 3099 544 3156 abusus
579 3106 790 3154 Ecclesiae
826 3120 1028 3153 romanae
1045 3122 1118 3154 re·
1270 3107 1337 3171 (2)
1374 3107 1470 3156 Cfr.
1487 3108 1648 3157 Comte
1662 3108 1719 3156 de
1734 3106 1941 3172 Maistre‚
1959 3107 2036 3161 Du
2052 3110 2207 3178 Papo,

115 3184 267 3236 ferunt
292 3189 601 3253 indulgentias
621 3225 634 3250 ‚
652 3189 988 3236 invocationem
1004 3185 1122 3235 San·
1203 3188 1285 3238 liv.
1337 3206 1402 3250 11,
1463 3190 1598 3255 ehap.
1641 3206 1711 3257 93
1766 3191 2056 3255 potissimum
2098 3210 2207 3244 vero

115 3276 293 3316 ciorum
315 3306 329 3328 ‚
346 3273 688 3318 venerationem
719 3272 972 3331 imaginum
989 3303 1005 3326 ‚
1033 3278 1119 3316 etc.
1202 3272 1705 3320 commendatissimum
1727 3289 1870 3336 opus,
1902 3276 1976 3322 cui
2002 3276 2159 3324 titulus
2189 3292 2205 3323 ε

116 3343 460 3399 sacramentarii
476 3352 785 3400 adorationem
803 3351 1117 3410 Eucharistiae,
1202 3351 1422 3402 Pouvoir
1462 3353 1528 3401 du
1557 3350 1690 3419 Papa
1721 3369 1807 3401 sur
1834 3353 1898 3403 les
1929 3358 2208 3404 souveraim

118 3426 397 3477 oblationem
421 3429 639 3480 Sacrificii
656 3467 674 3494 ,
696 3430 1121 3497 etc.Anabaptistae
1202 3451 1269 3481 aa
1313 3436 1618 3500 moyen-dyc,
1660 3434 1785 3485 Paris
1830 3434 1985 3505 1839,
2018 3439 2068 3485 in
2112 3453 2205 3502 quo

114 3510 408 3558 collationem
427 3510 644 3577 Baptismi
663 3514 921 3563 infantibus
948 3551 961 3574 ,
994 3524 1038 3563 et
1059 3516 1122 3562 ita
1203 3531 1274 3565 res
1291 3554 1304 3577 ‚
1331 3517 1389 3566 de
1410 3535 1502 3584 qua
1545 3517 1621 3565 hic
1654 3520 1827 3583 agitur,
1852 3518 1982 3567 docte
2004 3517 2204 3566 erudite-

114 3608 267 3655 porro.
310 3590 420 3657 Quae
453 3593 616 3657 agendi
649 3597 764 3644 ratio
799 3606 865 3644 est
895 3613 997 3645 vera
1029 3612 1116 3661 pe·
1200 3616 1290 3664 que
1322 3600 1563 3649 discutitur
1591 3617 1646 3650 ac
1670 3600 1806 3666 pleno
1835 3603 1885 3650 in
1915 3601 2091 3650 lumine
2112 3599 2207 3649 col-

114 3672 226 3721 titio
262 3672 540 3740 principii,
570 3684 623 3724 ut
658 3675 913 3744 loquuntur
940 3678 1111 3743 logici,
1196 3678 1388 3730 locatur.
