2514 4218
309 224 386 283 26

902 245 1099 284 rnAcT.
1146 246 1213 280 DE
1257 244 1406 282 LOCIS
1449 246 1829 287 TflnozoechS.

392 386 491 446 41.
539 385 628 446 Ad
664 388 779 465 6¹1¹,
814 389 970 448 Dist.
1020 391 1059 448 A
1102 387 1333 446 Christo
1370 386 1646 449 historico
1675 392 1913 454 realiter
1947 398 2233 457 existente
2260 398 2425 459 facile

310 482 417 541 fuit
454 481 527 542 ad
562 482 900 545 institutam
949 484 1024 543 ab
1060 484 1186 564 ipso
1222 482 1533 543 Ecclesiam
1574 486 1818 564 gradum
1865 491 2051 552 facere
2080 538 2098 569 ,
2144 515 2345 561 oono.,·
2391 518 2425 555 a

308 580 538 640 Christo
562 579 736 640 ideali
763 594 821 642 et
844 580 1160 662 symbolico
1179 624 1196 653 ,
1227 602 1357 661 noy.
1388 583 1538 640 Nam
1563 582 1838 660 Ecclesia,
1872 609 2056 672 eaque
2079 591 2248 651 realis
2271 603 2426 652 certe

307 677 528 758 pendet
561 698 595 736 a
634 678 862 738 Christo
897 678 1057 758 ipsc,
1099 689 1304 759 utpote
1341 681 1463 756 ejus
1497 690 1731 740 auctore
1769 692 1829 740 et
1855 684 2224 762 institutore,
2263 687 2425 749 velut

302 784 532 846 catena,
550 776 711 850 cujus
737 772 991 832 annulus
1012 773 1235 855 primus
1259 772 1488 833 Christo
1512 774 1803 856 pendulus
1826 776 2061 840 haereat.
2086 782 2186 840 Ast
2210 783 2425 842 Christi

305 868 614 929 existentia
636 911 651 940 .,
689 879 866 948 prout
904 868 976 928 ab
1003 868 1383 949 Evangelistis
1413 869 1725 929 exhibetur
1745 917 1760 946 7
1800 872 2060 951 sublata,
2103 875 2266 935 nulla
2295 899 2426 936 am·-

304 964 454 1047 plius
499 966 886 1026 institutionis
936 977 997 1024 et
1050 966 1408 1025 fundationis
1463 967 1725 1027 Ecclesiae
1783 970 1930 1028 ratio
1978 971 2144 1032 reddi
2204 983 2417 1055 potest.

304 1062 509 1143 Ecquis
541 1065 701 1124 enim
742 1063 820 1122 sic
848 1063 1045 1121 animo
1077 1074 1166 1121 est
1188 1074 1557 1144 comparatus
1578 1109 1593 1137 ,
1626 1076 1691 1122 ut
1729 1065 2069 1126 innumeros
2095 1069 2423 1129 exantlaret

302 1156 529 1219 labores
551 1205 567 1235 .,
609 1181 814 1245 peenas
851 1158 946 1219 vel
969 1159 1256 1218 immanes
1293 1157 1548 1234 subiret,
1582 1162 1926 1240 sanguinem
1954 1162 2206 1245 denique
2231 1166 2424 1247 ipsum

299 1253 631 1315 effunderet
650 1301 666 1331 .,
688 1255 774 1314 uti
796 1255 1198 1336 praestiterunt
1221 1254 1483 1336 Apostoli
1507 1267 1683 1337 atque
1710 1255 1975 1340 discipuli
1995 1304 2011 1332 7
2045 1258 2258 1319 deinde
2283 1281 2423 1321 vero

302 1361 389 1409 tot
431 1364 762 1433 martyrum
802 1350 1018 1426 millia,
1054 1373 1161 1432 pro
1198 1350 1371 1410 ideali
1400 1373 1464 1410 ac
1493 1351 1812 1432 symbolico
1846 1356 2061 1413 mentis
2096 1355 2425 1438 conceptu?

301 1447 440 1508 Haec
471 1449 777 1527 nugatoria
806 1459 973 1524 sunt,
1007 1448 1126 1507 imo
1150 1446 1401 1506 absurda
1426 1447 1809 1508 deliramenta
1827 1495 1844 1526 ,
1885 1472 2015 1531 quae
2049 1451 2155 1509 soli
2184 1451 2425 1532 mythici

300 1554 359 1602 et
405 1543 780 1604 rationalistae
823 1544 1031 1624 glutire
1071 1553 1341 1625 possunt.
1389 1544 1610 1603 Judaeis
1652 1556 1849 1604 autem
1891 1567 1955 1605 ac
1989 1546 2428 1625 judaizantibus

299 1639 724 1722 relinquimus,
765 1661 895 1722 quae
937 1640 1010 1700 de
1047 1640 1259 1703 veteris
1300 1662 1600 1721 synagogae
1631 1641 2136 1716 institutionibus,
2175 1642 2383 1701 ritibus
2406 1688 2423 1717 ,

297 1736 613 1816 regimine,
662 1737 985 1795 hierarchia
1028 1747 1087 1795 et
1115 1735 1437 1796 sacerdotio
1461 1780 1476 1810 7
1516 1747 1644 1794 tum
1681 1758 1807 1817 quae
1838 1737 1911 1796 de
1951 1737 2211 1815 ejusdem
2247 1737 2424 1818 gloria

300 1853 367 1890 ac
408 1836 746 1911 majestate,
788 1844 916 1890 tum
954 1832 1195 1892 demum
1231 1853 1357 1913 quae
1388 1831 1462 1890 de
1498 1832 1803 1913 temporali
1837 1834 2278 1912 regeneratione
2317 1854 2420 1892 seu

295 1929 718 1988 resurrectione
748 1928 1052 2016 applicatis
1085 1950 1187 1987 seu
1225 1927 1524 1986 translatis
1559 1927 1633 1986 ab
1662 1928 1947 2010 Apostolis
1978 1929 2040 1986 in
2073 1928 2290 1988 Christi
2322 1929 2428 1987 Ec-

293 2022 528 2082 clesiam
547 2025 660 2105 ipsi
686 2025 1215 2084 comminiscuntur
1236 2068 1251 2094 .,
1277 2023 1704 2105 prophetarum
1731 2024 1963 2083 oracula
1998 2025 2259 2083 crassiori
2289 2045 2429 2105 qua-

295 2119 434 2178 dam
453 2120 683 2180 ratione
702 2121 1180 2202 interpretantes
1210 2120 1448 2182 Diversa
1477 2117 1841 2200 providentis
1872 2122 1976 2178 Dei
2000 2120 2147 2178 ratio
2178 2121 2239 2176 in
2264 2140 2432 2200 syna-

294 2237 498 2295 gogam
544 2228 681 2275 ante
726 2228 787 2275 et
824 2227 959 2297 post
988 2216 1382 2294 rejectionem*
1406 2214 1657 2290 Christi,
1697 2216 2025 2274 continenti
2066 2214 2274 2293 viginti
2299 2213 2430 2295 plus

291 2409 520 2479 ρῦγμοιτος
547 2412 633 2464 nin-2>
661 2420 742 2464 τοῦ
769 2420 960 2481 Χριστοῦ
988 2413 1309 2481 πεπραγμένων

292 2493 519 2556 &imno-n.
535 2496 750 2545 Perlatis
765 2500 879 2563 jam
894 2535 906 2557 ‚
927 2497 1113 2558 scribit,
1138 2500 1196 2545 in
1215 2514 1313 2545 om-

290 2581 431 2628 nium
452 2617 465 2639 ‚
497 2581 745 2645 ipsiusque
789 2580 906 2628 adeo
941 2579 1155 2628 Joannis
1183 2580 1310 2626 noti-

293 2663 411 2709 tiam
462 2662 754 2728 supradictis
811 2661 964 2709 tribus
1020 2660 1279 2726 evanqeliis
1298 2698 1311 2720 ‚

289 2737 628 2810 approbavisse
648 2761 704 2792 ea
735 2742 950 2792 Joannes
968 2782 981 2804 ‚
1011 2753 1055 2791 et
1069 2746 1313 2791 veritatem

289 2828 575 2892 scriptorum
599 2843 685 2874 suo
715 2828 987 2874 testimonio
1008 2826 1314 2890 confirmasse

287 2911 472 2958 dicitur
488 2929 501 2970 ;
517 2910 664 2959 solam
677 2928 785 2958 vero
798 2912 1127 2959 narrationem
1144 2926 1311 2958 earum

290 3010 447 3041 rernm
470 3031 482 3053 ‚
508 3011 627 3058 quas
664 2994 889 3042 Christus
909 2995 1042 3041 circa
1070 2992 1313 3058 proedioa-

289 3076 436 3125 tionis
469 3077 670 3125 initium
711 3084 920 3142 qesserat
940 3114 954 3136 ‚
1000 3075 1311 3124 desiderasse.

290 3158 509 3209 Clemens
578 3158 829 3210 Alexandr.
897 3159 1022 3224 apud
1096 3159 1314 3207 eumdem

291 3241 462 3293 Euseb.
517 3241 604 3291 lib.
641 3260 689 3291 v¹
719 3280 732 3302 ‚
783 3261 884 3309 cap.
937 3239 997 3305 14
1023 3279 1038 3303 ‚
1089 3240 1251 3290 subdit
1296 3258 1311 3289 ε

291 3321 444 3375 ...Τὸν
467 3322 618 3389 μέντοι
637 3323 826 3383 Ἰωάννην
858 3324 1052 3390 ’ἔσχατον
1080 3322 1313 3374 cvanrae

289 3405 355 3459 ἔτι
401 3405 463 3459 τοὶ
510 3407 753 3473 caparae*
796 3412 833 3459 ἐν
881 3411 973 3464 τοῖς
1027 3405 1315 3468 ἒυοιγγελιόις

289 3489 570 3548 δεδήλωται·
602 3492 909 3559 προτραπέντοι
938 3490 1022 3543 ὁτὲ
1044 3499 1125 3543 τῶν
1158 3489 1313 3558 ’γνωρί-

286 3598 375 3637 μων
389 3615 404 3639 ,
420 3574 644 3639 πνεᾶμοιτι
660 3573 999 3644 θεοφορεθένται,
1017 3572 1317 3640 mevpmrmssv

290 3665 475 3715 ποιῆσαι
514 3657 800 3721 εὐαγγέλιον.
837 3659 1055 3709 Ioannes
1098 3659 1318 3711 omnium

283 3752 552 3806 postremus
600 3761 710 3793 cum
765 3742 947 3792 videret
994 3745 1050 3791 in
1109 3741 1316 3792 aliorum

290 3825 548 3888 evanqeliis
589 3844 645 3875 ea
662 3864 677 3886 ‚
706 3843 813 3891 quae
839 3825 903 3876 ad
926 3841 1097 3890 corpus
1135 3823 1321 3872 Christi

1396 2414 1672 2479 pertinent,
1713 2411 1894 2461 tradita
1944 2429 2042 2461 esse
2060 2449 2073 2473 ‚
2115 2414 2220 2477 ipse
2265 2410 2432 2461 divino

1401 2495 1600 2561 Spiritu
1636 2495 1824 2560 afflatus
1862 2493 2080 2560 spiritale
2126 2491 2429 2556 evangelium

1393 2576 1721 2642 familiarium
1733 2592 1928 2624 suorum
1942 2583 2111 2640 roqatu
2125 2576 2426 2639 conscripsit.

1402 2658 1720 2723 Epiphanius,
1765 2656 1933 2705 haeres.
1979 2672 2060 2717 m,
2103 2654 2132 2722 ᾗ
2170 2672 2231 2722 19
2280 2656 2425 2720 (edit.

1402 2740 1593 2803 Petav.)
1615 2736 1868 2806 ιΤέτ-οιρτος
1913 2736 2002 2805 vaip
2044 2736 2171 2788 καις-οἶ
2199 2734 2425 2800 διαδοχῶν

1404 2824 1544 2871 ἔλθω
1587 2819 1887 2887 δμοωιοῖριος,
1921 2830 2087 2888 πρῶτος
2119 2819 2200 2885 μὲν
2243 2817 2324 2882 dir,
2346 2815 2425 2870 ὅσ·-

1401 2926 1522 2971 τερος·
1558 2902 1614 2953 δὲ
1639 2905 1731 2957 τοῖς
1751 2900 1891 2952 ἴτω-ιν
1915 2901 2325 2964 εὐαγγελιούμενος
2362 2901 2426 2953 τοὶ

1402 2985 1484 3054 arpi
1514 2989 1649 3036 κᾶτοῧ
1684 2978 1834 3040 κοίλὸς
1861 2985 2127 3052 ’τεταγμένοι
2168 2988 2244 3036 οᾶκ
2286 2984 2428 3052 ἐμερί-

1401 3091 1561 3134 pauno-ev
1587 3067 1831 3132 ἐκθέσθαι,
1862 3069 1990 3121 cizan*
2016 3065 2326 3136 προλαμβᾶνει
2346 3074 2426 3116 τᾶν

1403 3151 1620 3219 ῥηθέντων
1650 3147 1713 3201 vo?
1739 3149 1805 3215 pon*
1839 3150 2050 3218 ῥηθέντα.
2075 3150 2428 3199 Sanctissimae

1403 3235 1484 3284 hio
1499 3234 1811 3300 Evanqelista
1832 3272 1843 3294 ‚
1860 3237 2019 3302 inquit
2039 3273 2052 3294 ,
2071 3233 2240 3282 ordine
2254 3249 2310 3280 ac
2322 3249 2427 3279 suc·

1402 3321 1612 3367 cessione
1649 3328 1875 3383 quartus,
1906 3335 1991 3377 ac,
2022 3317 2208 3365 tametsi
2231 3317 2428 3381 primus

1404 3412 1519 3451 esset
1552 3402 1770 3450 omnium
1789 3438 1800 3460 ‚
1843 3399 2087 3448 scribendi
2118 3407 2276 3445 tamen
2306 3406 2424 3446 tem-

1399 3502 1515 3551 pore
1538 3491 1808 3550 postremus
1829 3520 1841 3540 ‚
1864 3499 1970 3546 quoe
1990 3489 2098 3529 ante
2126 3498 2175 3528 se
2194 3477 2427 3546 praeclare

1408 3572 1549 3617 erant
1588 3564 1798 3614 aliorum
1843 3581 1985 3630 opera
2014 3563 2198 3628 diqesta
2222 3569 2427 3626 repetere

1407 3648 1564 3699 noluit
1589 3669 1605 3706 ,·
1636 3647 1722 3696 sed
1747 3657 1856 3697 ante
1885 3665 1939 3695 ea
1958 3684 1970 3707 ‚
2023 3664 2131 3712 quoe
2154 3647 2267 3712 jam
2296 3642 2425 3690 diota

1405 3734 1637 3799 fuerant,
1673 3749 1780 3798 quoe
1828 3748 1927 3780 non
1967 3739 2105 3779 erant
2142 3729 2271 3777 diota
2307 3741 2425 3792 pro·

1404 3819 1586 3883 posuit.
