2514 4218
256 134 377 196 418

890 147 1091 185 TRACT.
1145 147 1212 181 DE
1257 143 1410 183 Locls
1455 144 1840 183 THEOLOGICIS.

340 296 478 356 601.
529 291 615 353 Ad
654 290 774 364 3¹¹¹,
809 269 959 370 Ney.
996 287 1280 362 Quamvis
1311 285 1471 345 enim
1502 286 1564 343 in
1601 284 1847 345 arbitrio
1874 286 2031 346 Petri
2059 286 2234 346 fuerit
2259 286 2413 349 hanc
2484 352 2489 357 ,

255 394 450 476 potius
493 410 671 471 quam
713 385 880 445 illam
913 382 1123 445 urbem
1159 382 1224 441 in
1258 381 1460 442 sedem
1508 380 1794 461 deligere,
1832 393 2096 442 attamen
2127 381 2413 445 electione

254 490 405 549 facta
448 508 514 546 ac
567 494 758 543 morte
802 491 936 563 post
979 477 1328 539 electionem
1373 478 1830 560 superveniente
1873 478 1937 537 in
1982 479 2189 539 eadem
2236 479 2409 558 sede,

248 589 373 664 jam
403 584 467 646 in
512 588 801 664 potestate
852 575 1150 635 Pontificis
1185 586 1289 635 aut
1326 572 1566 634 alterius
1599 572 1760 632 haud
1787 584 1875 634 est
1919 574 2179 634 Ecclesiae
2209 573 2412 636 sedem

260 776 441 824 luntste
458 774 645 824 Petrum
660 771 821 819 Romae
853 768 1011 818 sedem
1035 786 1168 817 suam
1190 768 1289 817 col-

259 858 460 915 locasse,
499 856 558 904 de
589 873 681 922 qua
711 854 928 920 quamvis
958 870 1012 900 ex
1040 850 1289 916 Scripturis

227 959 351 990 ·non
399 944 612 999 constet,
656 946 865 986 attamen
920 934 980 983 D.
1036 933 1193 984 Carol.
1224 933 1290 983 du

255 1024 421 1073 Plessis
458 1020 755 1086 d'Argentre,
789 1018 955 1067 doctor
981 1015 1288 1075 Sorbonicus,

253 1105 303 1154 id
334 1108 396 1154 ita
432 1114 610 1153 certum
644 1111 896 1167 ratumque
933 1099 1077 1148 habet
1110 1136 1124 1159 ,
1159 1109 1212 1147 ut
1234 1098 1292 1147 de

255 1206 310 1237 eo
344 1187 552 1236 dubitari
570 1202 666 1233 non
701 1186 838 1233 sinat.
865 1182 965 1231 Cfr.
998 1185 1101 1248 ejus
1133 1180 1290 1243 Elem,

267 1268 689 1334 Theoloqica,cap.
704 1282 757 1334 9,
777 1264 804 1332 S
818 1282 869 1327 2,
888 1265 962 1314 ed.
978 1264 1124 1313 Paris.
1146 1280 1290 1331 1702,

258 1370 364 1419 pag.
405 1349 502 1400 265
537 1361 582 1400 et
620 1368 752 1416 seqq.
790 1348 913 1398 Sane
943 1347 1166 1397 credibile
1199 1357 1292 1408 est,

257 1436 384 1484 haud
417 1435 597 1500 absque
628 1432 799 1481 Christi
840 1432 1177 1497 dispositione,
1214 1440 1294 1479 aut

258 1515 422 1567 saltem
448 1515 664 1582 Spiritus.
700 1513 858 1563 Sancti
877 1514 1085 1579 impulsu
1102 1513 1292 1562 Petrum

257 1601 376 1650 illud
407 1602 553 1667 egisse
578 1637 591 1657 ,
625 1616 680 1647 ex
707 1615 801 1663 quo
825 1597 1209 1646 determinandus
1244 1599 1294 1644 in

255 1689 534 1749 perpetuum
577 1690 676 1730 erat
714 1679 934 1728 Ecclesiae
973 1682 1201 1744 primatus
1243 1682 1293 1727 in

259 1765 482 1831 peculiari
500 1762 639 1813 Sede.
657 1761 753 1811 Nec
769 1762 936 1811 desunt
950 1764 1000 1810 in
1015 1764 1296 1829 antiquitate

257 1849 402 1915 hujus
429 1848 694 1895 assertionis
716 1844 1047 1894 fundamenta.
1081 1843 1132 1894 S.
1157 1844 1253 1894 Leo
1280 1882 1292 1905 ,

257 1931 416 1980 Serm.
440 1946 475 1990 1,
494 1928 551 1976 de
567 1924 608 1975 S
612 1927 654 1975 S
658 1963 671 1978 .
694 1926 744 1975 A
742 1936 872 1993 post.
899 1927 1042 1975 Petro
1060 1934 1104 1974 et
1119 1923 1293 1985 Paulo,

258 2031 373 2079 cap.
409 2017 439 2066 3
464 2048 479 2075 ,
497 2010 607 2060 edit.
631 2012 710 2058 cit.
736 2009 1064 2057 Beatissimus
1101 2007 1296 2066 PetruS,

260 2099 448 2163 inquit,
485 2093 725 2158 Princeps
767 2092 1024 2158 apostolici
1072 2092 1294 2153 ordinis,

260 2178 327 2227 ad
343 2193 505 2227 arcem
526 2173 746 2226 Romani
761 2174 1034 2223 destinatur
1049 2175 1294 2243 Imperii,

263 2269 318 2309 ut
343 2258 429 2307 lux
466 2259 686 2306 veritatis
705 2294 718 2315 ‚
738 2273 846 2321 quae
860 2259 916 2305 in
943 2259 1164 2306 omnium
1180 2276 1298 2323 qen-

259 2345 387 2392 tium
417 2339 722 2389 revelabatur
739 2339 941 2388 salutem
960 2376 978 2401 ,
994 2339 1237 2406 efficacius
1250 2358 1299 2390 se

257 2426 427 2492 abipso
445 2424 607 2490 capite
618 2439 715 2489 per
747 2430 900 2471 totum
922 2423 1110 2493 inundir
1125 2440 1300 2490 corpus

266 2507 552 2577 effunderet.
568 2503 621 2555 S.
650 2504 863 2555 Gelasius
885 2543 899 2566 ,
919 2523 995 2572 ep.
1020 2524 1095 2555 x1v
1120 2524 1134 2556 :
1161 2506 1302 2555 Duo-

269 2592 424 2640 decim
443 2627 457 2650 ,
503 2588 699 2644 scribit,
729 2595 855 2636 certe
876 2589 1013 2653 fuere
1045 2589 1300 2656 Apostoli,

263 2673 472 2742 paribus
495 2671 684 2719 meritis
707 2672 919 2736 parique
936 2670 1177 2736 diqnitate
1197 2672 1302 2737 suf-

265 2755 400 2822 fulti.
431 2751 653 2818 Cumque
678 2751 841 2800 omnes
871 2753 1125 2818 oequaliter
1151 2756 1302 2820 spiri-

270 2837 361 2887 tali
385 2837 490 2885 luce
502 2834 765 2902 sulqerent,
788 2852 943 2884 unum
966 2843 1126 2885 tamen
1151 2839 1301 2903 prin-

274 2923 428 2987 cipem
454 2936 513 2968 esc
528 2918 630 2967 illis
653 2918 809 2969 voluit
831 2918 1054 2969 Christus
1068 2958 1083 2978 ‚
1102 2939 1304 2986 eumque

277 3003 632 3070 dispensatione
679 3001 902 3052 mirabili
956 3005 1012 3052 in
1054 3003 1304 3053 dominam

278 3089 494 3152 qentium
525 3085 729 3134 Romam
758 3086 969 3147 direxit,
994 3095 1048 3134 ut
1081 3088 1138 3135 in
1173 3104 1305 3154 proe·

280 3169 427 3236 cipua
455 3168 572 3216 urbe
595 3167 672 3217 vel
688 3170 858 3235 prima
877 3171 1099 3235 primum
1118 3179 1162 3218 et
1175 3187 1307 3236 proe-

281 3255 484 3321 cipuum
538 3251 769 3317 diriqeret
828 3253 1048 3302 Petrum.
1114 3253 1306 3305 Collect.

287 3336 437 3386 Conc.
461 3333 630 3384 Venet.
657 3334 760 3383 Nic.
797 3335 947 3385 Coleti
966 3371 981 3398 ,
1003 3345 1119 3386 tom.
1145 3355 1192 3398 v,
1213 3338 1305 3388 col.

287 3417 406 3484 342.
448 3415 507 3465 Et
551 3426 657 3465 ante
698 3419 826 3485 ipsos·
868 3418 1098 3468 Eusebius
1116 3455 1132 3480 ‚
1175 3418 1310 3471 Hist.

285 3500 399 3552 eccl.
426 3501 512 3549 lib.
544 3515 576 3547 ιι
596 3537 611 3561 ,
643 3516 746 3565 cap.
802 3498 891 3564 μί,
924 3503 1122 3570 loquens
1155 3503 1213 3553 de
1238 3504 1315 3553 Si—

290 3586 443 3633 monis
502 3584 625 3648 magi
679 3585 916 3647 praestigiis
954 3602 966 3633 ε
1011 3584 1279 3650 Censet-tim
1298 3625 1310 3646 ‚

291 3666 478 3730 scribit,
503 3666 625 3733 ipsis
666 3664 866 3714 Claudii
886 3667 1104 3731 Auqusti
1132 3676 1313 3735 tempo-

1377 765 1515 815 ribus
1562 761 1774 831 beniqna
1817 773 1863 814 et
1897 763 2275 818 clementissima
2319 768 2414 820 Dei

1368 847 1686 916 providentia
1706 847 2034 913 fortissimum
2073 858 2118 898 et
2143 851 2414 901 maa-imum

1376 934 1505 980 inter
1557 930 1788 997 apostolos
1837 934 2043 980 Petrum
2059 967 2074 991 ,
2121 942 2167 981 et
2218 933 2415 983 virtutis

1376 1016 1547 1063 merito
1568 1013 1866 1079 reliquorum
1891 1015 2111 1062 omnium
2128 1017 2410 1083 principem

1377 1114 1435 1146 ac
1456 1105 1721 1163 patronum
1741 1131 1757 1159 ,
1785 1096 1989 1145 Romam
2015 1096 2248 1146 adversus
2271 1097 2408 1146 illam

1376 1180 1569 1245 qeneris
1598 1177 1809 1226 humani
1839 1177 1991 1226 labem
2018 1195 2075 1227 ac
2102 1189 2279 1245 pestem
2291 1198 2406 1248 per·

1378 1261 1530 1312 ducit.
1586 1260 1636 1310 S.
1679 1260 1952 1310 Ambrosius
1983 1298 1997 1319 ‚
2051 1258 2212 1312 Serm.
2252 1270 2409 1316 contr.

1379 1344 1714 1403 Auxentium,
1751 1362 1796 1391 n.
1841 1345 1933 1404 13,
1966 1343 2136 1400 refert,
2180 1362 2290 1394 cnm
2321 1345 2408 1396 Pe-

1379 1437 1478 1476 trus
1522 1445 1547 1475 a
1583 1426 1857 1475 Christianis
1895 1438 2160 1493 rogaretur,
2204 1439 2257 1477 ut
2297 1447 2414 1495 pau-

1378 1510 1520 1575 lisper
1546 1511 1859 1575 persecutioni
1888 1511 2103 1560 cederet:
2123 1510 2273 1560 Nocte
2300 1529 2412 1561 mu-

1378 1608 1457 1641 ros
1494 1591 1659 1655 eqredi
1696 1593 1868 1658 coepit‚
1923 1601 1968 1640 et
2012 1593 2180 1642 videns
2226 1594 2325 1643 sibi
2359 1578 2411 1642 in

1373 1685 1518 1743 porta
1555 1675 1804 1723 Christum
1833 1691 2080 1724 occurrere
2101 1714 2115 1738 ,
2155 1677 2413 1743 urbemque

1380 1757 1608 1824 inqredi,
1651 1758 1770 1806 ait:
1807 1756 2053 1817 Domine,
2092 1776 2184 1825 quo
2223 1759 2413 1808 vadis?

1384 1840 1657 1909 Respondit
1675 1841 1902 1890 Christus
1931 1858 1945 1891 :
1981 1841 2038 1889 V
2033 1844 2142 1891 enio
2175 1843 2413 1908 (Romam)

1381 1927 1560 1974 iterum
1579 1924 1869 1990 crucifiqi...
1893 1921 2143 1974 Intellexi-it
2169 1943 2279 1991 erqo
2311 1930 2410 1976 Pe-

1382 2018 1486 2056 trus
1499 2045 1511 2067 ‚
1530 2007 1658 2073 quod
1675 2009 1850 2055 iterum
1873 2006 2099 2055 Christus
2123 2009 2415 2074 crucifiqen-

1383 2090 1477 2138 dus
1508 2098 1626 2138 esset
1645 2091 1702 2137 in
1722 2087 1926 2139 servulo.
1953 2089 2127 2155 Itaque
2151 2101 2319 2158 sponte
2339 2108 2414 2141 re-

1382 2176 1580 2224 meavit.
1603 2173 1731 2223 Edit.
1767 2173 1918 2223 Maur.
1945 2184 2060 2224 tom.
2086 2190 2118 2223 ιι
2142 2213 2155 2235 ,
2188 2174 2410 2243 col.867.

1386 2258 1513 2305 Licet
1535 2273 1644 2305 vero
1673 2266 1976 2322 protestantes
2006 2256 2211 2306 Velenus
2252 2258 2415 2307 Petrus

1382 2350 1433 2390 et
1459 2339 1712 2405 Basnagius
1731 2338 1855 2387 hanc
1877 2340 2116 2389 historiam
2150 2340 2294 2390 veluti
2334 2343 2412 2390 fa-

1385 2424 1547 2472 bulam
1574 2423 1844 2481 traducant,
1886 2426 2100 2471 acerrimi
2133 2429 2295 2473 tamen
2319 2426 2412 2472 cri-

1387 2510 1466 2555 tici
1483 2523 1589 2555 eam
1607 2515 1797 2554 tuentur
1811 2540 1825 2566 ,
1852 2523 1968 2571 quos
1991 2508 2112 2554 inter
2132 2506 2408 2572 Fogginius‚

1384 2607 1465 2655 op.
1493 2591 1574 2638 cit.
1610 2585 1797 2637 exercitL
1825 2603 1880 2655 17
1902 2624 1916 2648 ‚
1949 2606 2050 2654 pag,
2077 2586 2177 2652 404
2215 2598 2260 2639 et
2283 2605 2416 2655 seqq.

1385 2681 1430 2721 et
1475 2671 1742 2720 Mazocbius
1772 2708 1785 2730 ‚
1829 2673 1880 2718 in
1939 2670 2164 2720 Kalend.'
2210 2670 2414 2738 Neapol.

1384 2770 1489 2820 pag.
1517 2752 1640 2822 889.
1664 2753 1789 2803 Sane
1817 2758 1919 2820 ejus
1944 2757 2157 2803 meminit
2191 2754 2411 2821 Hegesip-

1385 2855 1473 2904 pus
1491 2874 1505 2895 ‚
1532 2837 1622 2886 lib.
1641 2855 1695 2885 ιιι
1718 2875 1731 2897 ,
1763 2837 1887 2902 apud
1917 2838 2030 2887 edit.
2062 2838 2214 2887 Maur.
2241 2841 2293 2886 in
2322 2838 2413 2886 loc.

1386 2922 1467 2971 cit.
1497 2927 1638 2987 atque
1667 2921 1726 2969 ad
1766 2921 1889 2969 lranc
1928 2922 2166 2970 historiam
2205 2920 2415 2970 alludere

1347 3070 1350 3073 ὴ
1386 3003 1568 3053 videtur
1601 3002 1851 3069 Origenes,
1886 3014 2001 3053 tom.
2042 3021 2152 3065 xxi,
2181 3006 2251 3051 In
2278 3002 2425 3052 Joan.

1388 3088 1503 3137 edit.
1538 3086 1679 3135 Huet.
1722 3096 1838 3136 tom.
1879 3104 1944 3147 u,
1981 3105 2086 3152 pag.
2128 3102 2224 3155 290
2253 3124 2266 3147 ‚
2301 3087 2433 3135 illam

1389 3170 1590 3219 referens
1625 3187 1679 3218 ex
1703 3169 1844 3217 Actis
1871 3168 2028 3216 Pauli
2052 3206 2065 3230 ,
2098 3187 2199 3235 quae
2239 3170 2433 3218 sortasse

1390 3253 1503 3301 olim
1530 3252 1717 3318 vulgata
1732 3263 1862 3301 erant
1893 3252 1981 3300 sub
1995 3255 2067 3302 tit.
2087 3251 2201 3302 Act.
2226 3251 2367 3300 Petri
2388 3260 2435 3300 et

1390 3332 1564 3396 Pauli,
1581 3335 1846 3402 cujusmodi
1862 3345 1986 3397 sunt,
2003 3352 2109 3401 quae
2137 3335 2274 3384 resert
2290 3335 2432 3383 Com·

1397 3419 1587 3468 befisius
1636 3435 1689 3466 ex
1737 3417 1960 3467 Biblioth.
2002 3420 2123 3484 regia
2166 3417 2429 3467 Parisiensi.

1399 3501 1501 3551 Hoc
1544 3504 1656 3549 item
1703 3501 1878 3550 factum
1928 3513 2152 3551 memorat
2195 3501 2247 3551 S.
2295 3500 2430 3565 Greg-

1401 3585 1467 3635 Μ.
1503 3589 1551 3634 in
1594 3586 1765 3635 Psalm.
1803 3604 1863 3646 iv,
1892 3585 2054 3635 Poenit.
