2514 4218
512 196 668 236 PART.
715 195 756 233 1.
804 194 954 232 sacr.
1005 194 1069 232 11.
1110 192 1363 233 cantv.
1407 194 1476 230 mi
1518 187 1702 231 nom.
1750 191 1906 230 ram.
2136 168 2255 231 503

135 342 283 403 illud
315 364 336 416 ,ε
377 341 511 401 Fiet
547 360 744 398 urium
778 339 931 396 ,ovile
966 347 1021 395 et
1052 336 1216 395 unus
1238 347 1449 414 pastor
1475 335 1586 416 (1).
1626 336 1773 414 Ergo
1803 346 1863 394 et
1895 334 2007 417 ipsi
2036 344 2256 392 tenen—

135 451 233 498 tur
271 437 442 514 hujus
454 437 720 513 pastoris
752 454 943 492 vocem
966 432 1185 490 audire
1213 441 1269 489 et
1294 452 1432 489 eum
1456 435 1628 511 sequi
1656 427 1768 510 (2).
1808 431 1943 489 Jam
1985 450 2126 490 vero
2149 472 2168 503 ,
2208 430 2258 487 si

135 555 283 593 rom.
322 529 589 589 Pontifex
638 529 701 586 in
755 526 989 610 publico
1033 547 1157 600 suo*
1181 547 1246 584 ac
1295 525 1545 585 solemni
1591 513 1926 605 magisterio
1974 526 2035 583 in
2082 523 2257 584 rebus

138 626 279 686 fidei
338 645 531 683 errare
558 634 816 705 posset,·
844 644 920 680 an
973 643 1094 680 non
1133 621 1470 680 universum
1497 642 1726 701 gregem
1762 622 1824 678 in
1865 641 2123 680 errorem
2159 620 2243 676 in-

136 718 419 780 duceret?
470 721 669 780 Restat
717 718 890 796 igitur
934 728 1002 775 ut
1059 715 1319 774 dicamus
1348 761 1363 789 ,
1415 718 1463 774 si
1514 717 1849 789 Christum,
1894 713 2063 773 nobis
2101 734 2259 794 prae-

137 816 327 897 cepit,
377 826 441 873 ut
466 813 794 893 magisterio
829 812 1020 886 Petri,
1068 811 1130 869 in
1158 810 1226 869 iis
1253 813 1582 892 praesertim
1630 832 1758 894 quae
1788 810 1862 870 ad
1903 811 2084 870 fidem
2120 831 2258 892 per-

138 912 331 970 tinent
363 955 379 985 ,
452 908 838 990 nosmetipsos
905 905 1318 984 subjiceremus
1351 951 1367 981 ,
1434 909 1675 966 Petrum
1742 906 2022 969 vicarium
2086 927 2260 964 suum

137 1004 552 1066 infallibilitate
595 1005 657 1063 in
698 1005 788 1063 his
824 1001 1068 1062 donasse
1088 1046 1104 1075 ,
1147 1022 1267 1082 quo
1306 1003 1834 1085 tuto-prospiceret
1870 1002 2006 1062 fidei
2045 1012 2259 1060 nostrae

139 1102 491 1180 integritati,
542 1100 800 1182 alioquin
847 1098 907 1157 in
953 1117 1177 1156 errores
1222 1109 1424 1157 contra
1471 1096 1650 1158 fidem
1687 1100 2011 1157 necessario
2055 1096 2270 1158 induci.

139 1220 460 1281 possemus·
503 1197 767 1270 Accedit,
806 1192 963 1277 quod
1001 1194 1066 1252 in
1105 1193 1573 1267 adversariorum
1613 1194 1927 1276 hypothesi
1965 1217 2087 1253 non
2127 1216 2259 1253 am«-

139 1294 292 1375 plius
348 1305 495 1353 esset
555 1303 755 1375 pastor
809 1291 909 1371 qui
962 1310 1098 1351 oves
1143 1301 1404 1370 pasceret
1431 1335 1447 1365 ,
1494 1311 1559 1348 ac
1611 1311 1718 1371 per
1773 1301 1965 1349 tutam
2019 1290 2261 1348 duceret

140 1391 412 1448 semitam
446 1415 478 1461 .·,,
518 1386 620 1450 sed
685 1387 824 1467 ipsae
889 1407 1026 1446 oves
1079 1395 1386 1466 pascerent
1445 1395 1739 1465 pastorem
1787 1430 1803 1459 ,
1879 1405 1946 1443 ac
2020 1383 2260 1443 devium

140 1483 308 1543 illum
349 1485 413 1544 in
449 1484 599 1544 viam
640 1492 1018 1554 revocarent,
1052 1479 1210 1561 quod
1245 1478 1533 1538 absonum
1566 1491 1655 1538 est
1689 1500 1756 1538 ac
1796 1490 2013 1560 apertae
2045 1479 2261 1539 Christi

141 1580 328 1639 menti
370 1578 610 1637 omnino
655 1577 997 1659 opponitur.
1038 1576 1229 1634 Gratis
1276 1575 1530 1656 denique
1576 1573 1896 1633 abstruitur
1935 1573 2009 1632 ab
2047 1573 2261 1635 adver-

141 1677 338 1747 sariiS,
376 1673 686 1733 Ecclesiam
731 1694 762 1730 a
812 1672 999 1753 capite
1046 1670 1382 1729 distinctam
1420 1668 1846 1729 infallibilitatis
1880 1669 2014 1729 dote
2042 1668 2264 1750 pollere

140 1771 217 1830 ad
254 1780 430 1853 caput
471 1791 642 1828 suum
684 1766 1088 1848 corrigendum
1113 1811 1129 1841 ,
1176 1787 1310 1825 cum
1351 1775 1551 1826 tamen
1589 1787 1792 1848 neque
1837 1787 1907 1825 ex
1952 1766 2263 1846 Scripturis

142 1888 336 1948 neque
373 1887 444 1926 ex
484 1865 798 1925 traditione
843 1864 905 1922 id
950 1863 1178 1944 uspiam
1229 1872 1546 1947 appareat,
1595 1862 1713 1920 imo
1758 1872 2041 1943 appareat
2081 1859 2260 1941 plane

145 1962 526 2021 contrarium.
553 1961 796 2019 Constat
833 1958 1009 2038 igitur
1047 1979 1118 2016 ex
1145 1958 1456 2039 Scripturis
1485 2001 1501 2030 ,
1548 1956 1705 2038 quod
1743 1954 2133 2018 evincendum
2178 1976 2264 2013 as-

144 2056 497 2137 sumpsimus
532 2053 641 2135 (3).

928 2230 1443 2284 pIFFICULTATES.

227 2399 264 2457 7
273 2397 367 2456 36.
412 2396 545 2475 Obj.
590 2397 800 2479 prima.
847 2394 962 2455 Abs
1005 2417 1070 2455 re
1111 2396 1405 2477 profertur
1450 2395 1711 2477 primum
1748 2395 2148 2476 testimonium
2193 2395 2270 2454 ad

141 2491 560 2552 adstruendam
598 2513 746 2550 rom.
786 2491 1076 2550 Pontificis
1113 2489 1626 2564 infallibilitatem,
1669 2511 1803 2548 cum
1844 2491 1906 2547 in
1948 2511 2016 2549 eo
2060 2499 2266 2571 agatur

143 2587 216 2647 de
256 2585 783 2669 favoreppersonali
836 2585 1023 2660 Petri3
1074 2606 1265 2663 sermo
1306 2586 1466 2644 enim
1511 2584 1627 2644 illic
1671 2595 1758 2644 est
1802 2584 1877 2644 de
1923 2585 2264 2644 imminenti

143 2682 549 2763 Apostolorum
585 2682 912 2742 tentatione
946 2682 1009 2740 in
1042 2681 1313 2764 passione
1349 2680 1596 2756 Christi,
1625 2679 1698 2740 de
1729 2679 1894 2762 lapsu
1927 2680 2083 2740 Petri
2108 2684 2262 2759 ejus·
2289 2675 2301 2687 ’

144 2799 258 2860 que
291 2778 688 2839 conversione.
726 2780 794 2837 20
819 2778 1108 2858 Distingui
1134 2788 1411 2860 praeterea
1449 2776 1626 2836 debet
1657 2779 1720 2835 in
1747 2776 1860 2835 illis
1887 2775 2100 2836 Christi
2127 2797 2263 2838 ver-

142 2872 231 2932 bis
258 2895 405 2932 onus
427 2875 598 2933 Petro
619 2873 958 2955 impositum
984 2874 1391 2953 confirmandi
1413 2876 1640 2952 fratres
1667 2870 1741 2930 ab
1763 2870 2023 2931 oratione
2039 2916 2056 2947 ,
2085 2876 2264 2953 quam

209 3106 278 3179 (l)
314 3106 453 3157 Joan.
487 3126 515 3156 x
534 3144 548 3167 ,
594 3105 672 3156 16.
1231 3105 1641 3155 commandemeni
1675 3103 1732 3152 de
1767 3102 1835 3153 les
1885 3106 2102 3173 affer-mir
2140 3104 2264 3154 dam

213 3186 279 3249 (2)
316 3187 436 3237 lbid.
472 3205 557 3254 27.
590 3187 710 3236 Sane
738 3188 809 3236 vel
832 3190 930 3253 ipse
956 3188 1148 3237 Bossue·
1232 3174 1278 3235 la
1301 3188 1375 3252 foi
1390 3222 1408 3249 ‚
1431 3187 1645 3252 penisque
1681 3184 1782 3235 cela
1805 3188 1988 3248 meme,
2017 3187 2126 3235 c’eat
2146 3203 2266 3251 qou-

147 3278 240 3328 tus,
268 3272 316 3315 in
336 3270 738 3319 Meditaeionihus
756 3287 900 3336 super
926 3268 1154 3335 Evanqe-
1236 3285 1406 3318 vomer
1420 3268 1460 3315 la
1474 3274 1718 3333 troupeau.
1730 3268 1856 3334 Opp.
1869 3269 1979 3318 edit.
1994 3275 2074 3318 cit.
2087 3277 2199 3317 tom.
2211 3285 2260 3327 x,

141 3348 285 3409 lium,
327 3349 402 3398 die
432 3368 517 3408 ιιι
539 3388 554 3412 ,
584 3351 756 3401 Christi
784 3351 925 3401 verba
953 3369 966 3399 :
999 3354 1157 3400 Pasce
1237 3369 1346 3417 pag.
1379 3367 1465 3399 22.

144 3447 358 3496 σφωε...
380 3448 524 3497 pasce
546 3449 682 3494 oves,
719 3436 906 3498 exponit
933 3436 1071 3482 etiam
1095 3430 1158 3481 de
1307 3431 1379 3496 (3)
1415 3431 1514 3480 cfr.
1543 3430 1848 3494 Ballerinius‚
1880 3450 1961 3498 op.
1989 3434 2069 3480 cit.
2107 3429 2183 3479 Dc
2206 3431 2262 3479 vi

144 3512 395 3578 Episcopis‚
416 3514 528 3561 dum
550 3514 784 3565 Christum
809 3533 875 3564 sxc
886 3517 1155 3583 loquentem
1238 3523 1284 3563 et
1300 3524 1395 3565 rat.
1421 3516 1624 3581 primae.
1654 3532 1759 3581 cap.
1799 3532 1889 3576 12,
1925 3512 1952 3580 §
1989 3531 2008 3562 1
2046 3522 2093 3562 et
2121 3529 2256 3579 seqq.

145 3594 373 3644 inducit.
410 3598 535 3643 Pais
574 3595 642 3644 les
681 3614 829 3645 meres
870 3614 1047 3646 comme
1095 3595 1161 3644 les
1242 3601 1293 3647 in
1321 3597 1492 3665 quibus
1525 3600 1708 3665 copiose
1749 3596 1958 3669 singulos
1988 3596 2078 3645 hos
2110 3604 2261 3645 textus

136 3679 314 3742 petits,
361 3688 403 3725 et
443 3679 630 3744 adJ'icit·
660 3677 725 3727 Ce
755 3681 842 3744 qui
875 3681 1059 3729 retient
1096 3696 1162 3728 au
1244 3680 1427 3730 evolvit.
