2514 4218
197 198 321 258 220
813 218 1010 259 ram-r.
1055 217 1126 258 nn
1167 219 1320 259 roms
1362 221 1738 264 maome-acis,

1060 359 1528 404 DIFFICULTATES

272 488 427 550 339.
474 488 611 568 obj.
654 489 791 562 Quae
816 507 859 574 'a
889 484 1201 545 Catholicis
1239 487 1623 569 proferuntur
1657 487 1733 547 ad
1768 491 2338 553 indefectibilitatem

202 584 465 646 Ecclesiae
505 579 926 643 adstruendam
950 625 967 656 ‚
1020 581 1191 641 nihili
1237 605 1476 664 prorsus
1526 581 1843 664 pendenda
1894 600 2051 648 sunt.
2108 591 2339 648 Etenim

205 683 271 741 1⁰
307 681 573 764 quamvis
608 698 745 741 vera
782 676 1032 737 Ecclesia
1073 677 1349 740 deficeret
1384 678 1480 739 vel
1516 700 1587 738 ex
1623 689 1749 738 toto
1780 680 1876 740 vel
1912 703 1984 741 ex
2017 685 2206 767 aliqua
2238 708 2341 745 sua

202 788 371 861 parte
394 823 410 851 ‚
453 797 576 833 non
614 783 927 855 propterea
959 786 1302 857 sequeretur
1321 822 1336 850 a
1373 775 1644 835 homines
1679 776 1845 834 omni
1874 775 2114 837 destitui
2142 781 2341 840 salutis

202 873 434 945 medi03
472 879 669 951 posset
697 869 859 929 enim
894 872 1048 930 Deus
1079 871 1356 954 supplere
1390 872 1594 932 mediis
1633 873 1919 947 interni33
1963 887 2204 956 possent
2229 876 2343 936 ho-

202 969 392 1027 mines
442 965 653 1047 spiritu
697 965 908 1026 saltem
950 968 1225 1048 conjungi
1260 989 1392 1027 cum
1427 990 1567 1030 vera
1606 969 1821 1029 Christi
1859 970 2109 1042 Ecclesia
2136 1019 2152 1042 ,
2191 993 2347 1053 prae-

204 1064 408 1123 sertim
444 1083 579 1121 cum
608 1083 773 1122 error
795 1074 884 1122 est
920 1064 1163 1122 omnino
1188 1063 1619 1125 involuntarius
1649 1077 1707 1126 et
1736 1063 2166 1141 ineluctabilis3
2200 1078 2345 1127 tunc

205 1159 365 1221 enim
385 1179 598 1219 nocere
622 1180 747 1217 non
768 1170 965 1240 potest
982 1205 998 1235 7
1026 1171 1090 1218 ut
1107 1172 1337 1219 constat
1360 1182 1433 1221 ex
1451 1160 1734 1221 haereticis
1759 1164 2184 1223 materialibus
2199 1186 2349 1222 nun-

205 1256 452 1339 cupatis.
497 1257 565 1313 20
594 1256 714 1314 Nec
751 1254 1055 1338 quidpiam
1102 1257 1283 1336 magis
1326 1258 1609 1318 evincunt
1650 1257 1867 1317 Christi
1903 1259 2348 1339 promissione53

206 1353 481 1437 quamvis
519 1352 687 1411 enim
733 1352 940 1434 saepius
987 1354 1323 1435 promiserit
1373 1355 1529 1414 Deus
1579 1355 1642 1412 in
1688 1356 1812 1414 Vet.
1856 1357 2014 1415 Test.
2061 1355 2352 1439 populum

205 1448 555 1509 hebraicum
584 1448 707 1507 fore
747 1458 1062 1526 aeternum,
1106 1471 1209 1509 seu
1236 1450 1300 1507 in
1330 1460 1685 1532 perpetuum
1713 1450 2066 1510 duraturum
2089 1497 2105 1527 ‚
2138 1451 2352 1512 defecit

206 1557 431 1605 tamen.
462 1544 529 1604 30
557 1545 725 1604 Ratio
749 1556 837 1606 est
859 1591 875 1621 ,
910 1546 1070 1628 quia,
1100 1545 1235 1606 licet
1260 1547 1675 1629 promissiones
1700 1570 1732 1607 a
1759 1550 1879 1608 Deo
1907 1549 2167 1609 Ecclesiae
2192 1550 2353 1608 factae

209 1643 330 1704 sint
366 1651 665 1725 perpetuae
687 1688 703 1713 ,
748 1653 999 1724 possunt
1044 1654 1264 1703 nostrae
1298 1642 1718 1704 inobedientiae
1751 1645 1895 1706 vitio
1920 1643 2197 1719 limitar13
2244 1667 2353 1705 nec

211 1736 426 1798 desunt
469 1738 536 1797 4⁰
562 1737 838 1820 exempla
870 1737 1089 1801 divinae
1117 1739 1441 1801 voluntatis
1470 1762 1695 1800 arcane
1721 1741 2010 1801 frustratae
2031 1787 2046 1815 ,
2087 1742 2221 1823 quia
2248 1742 2352 1801 Dei

209 1835 526 1917 promissa,
553 1834 747 1917 quoad
770 1834 1010 1894 illarum
1038 1834 1099 1894 in
1126 1837 1316 1918 specie
1340 1837 1745 1897 executionem
1767 1883 1783 1912 ,
1814 1832 2064 1918 poscunt
2090 1836 2347 1895 hominis

211 1932 683 2014 cooperationem
705 1958 720 2008 ς
754 1935 907 1992 Deus
933 1942 1130 1992 autem
1146 1954 1269 1991 non
1293 1944 1530 1993 tenetur
1552 1932 1845 1992 miraculis
1872 1933 2101 1992 efficere
2118 1978 2135 2009 ‚
2160 1944 2228 1991 ut
2253 1931 2354 1991 illa

210 2049 523 2110 nunquam
561 2028 731 2088 desit.
772 2028 837 2086 50
871 2030 1074 2110 Neque
1093 2033 1335 2109 factum
1370 2052 1477 2112 pro
1505 2029 1815 2089 Catholicis
1849 2051 1976 2088 rem
2009 2029 2355 2099 confirmat;

214 2125 484 2207 quamvis
507 2125 670 2184 enim
704 2124 968 2183 Christus
995 2136 1055 2184 et
1082 2125 1347 2208 Apostoli
1374 2148 1528 2208 saepe
1562 2124 1991 2186 inculcaverint
2027 2123 2323 2184 unitatem
2342 2168 2358 2197 ,

214 2241 463 2302 eamque
498 2221 857 2303 perfectam3
897 2222 1167 2304 quamvis
1197 2223 1375 2282 etiam
1407 2223 1467 2280 in
1496 2223 1721 2280 unitate
1758 2220 2022 2280 Christus
2048 2219 2362 2280 Ecclesiam

214 2339 382 2377 suam
416 2317 788 2377 constituerit
812 2362 828 2393 ,
885 2329 1114 2378 certum
1151 2329 1353 2378 tamen
1389 2329 1476 2378 est
1517 2319 1580 2376 in
1620 2317 1846 2377 unitate
1886 2316 2198 2377 Ecclesiam
2238 2338 2359 2375 non

214 2413 541 2496 perstitisse
560 2459 576 2487 ‚
616 2434 811 2495 neque
842 2413 1096 2497 amplius
1116 2414 1272 2474 hanc
1295 2426 1431 2498 post
1454 2425 1543 2473 tot
1566 2413 1881 2476 divisiones
1908 2414 2197 2472 unitatem
2222 2411 2364 2471 sub-

215 2510 419 2569 sistere
452 2509 563 2592 (1).
589 2511 647 2568 6ο
672 2512 890 2570 Notum
918 2523 1201 2594 praeterea
1227 2523 1339 2588 est,
1369 2510 1645 2571 Basiliam
1666 2555 1681 2585 ‚
1717 2510 2005 2569 Hilarium
2026 2554 2042 2582 7
2076 2509 2365 2588 Hierony·

215 2628 383 2666 mum
404 2651 420 2680 ‚
459 2607 826 2666 Bernardum
856 2607 1123 2668 Ecclesiae
1151 2607 1540 2667 defectionem
1569 2618 1738 2667 aetate
1774 2627 1875 2664 sua
1909 2603 2218 2664 deflevisse
2250 2604 2360 2682 (2).

218 2703 286 2762 7ο
297 2704 516 2762 Notum
526 2703 747 2784 pariter
761 2714 874 2778 est,
891 2703 1216 2762 Concilium
1233 2702 1561 2763 Basileense
1576 2701 1919 2784 deposuisse
1933 2701 2255 2780 Eugenium
2272 2700 2368 2768 IV,

221 2800 389 2882 eique
422 2799 716 2860 suffecisse
743 2799 993 2859 Felicem
1026 2800 1091 2858 V.
1128 2799 1418 2880 Eugenius
1453 2810 1656 2859 tamen
1695 2798 2107 2880 pontificatum
2145 2796 2321 2877 gessit
2348 2840 2364 2869 ‚

222 2916 288 2955 ac
310 2896 565 2980 reliquos
588 2940 605 2974 ,
647 2895 751 2978 qui
782 2917 919 2956 eum
955 2896 1139 2956 secuti
1174 2907 1315 2955 sunt
1338 2917 1488 2956 rom.
1517 2894 1827 2954 Pontifices
1851 2940 1867 2969 .,
1900 2892 2111 2952 habuit
2146 2911 2367 2950 succes·

223 3012 418 3072 sores3
465 3014 678 3075 magna
734 2993 996 3076 profecto
1036 2991 1283 3053 defectio
1329 2991 1593 3053 Ecclesiae
1637 2989 1912 3051 habenda
1959 2989 2080 3050 haec
2130 2997 2219 3047 est
2257 2985 2367 3067 (3).

226 3186 420 3234 internis
449 3195 585 3252 atque
626 3187 828 3235 externis
859 3184 1215 3235 difficultatibus
1240 3223 1253 3246 ‚
1411 3185 1478 3250 (2)
1515 3173 1652 3250 Apud
1708 3182 1978 3231 Bellarmin.
2021 3177 2105 3227 De
2147 3177 2373 3227 Ecclesia

226 3267 422 3335 ao'jugi
460 3271 802 3332 conspiratione
850 3278 915 3318 tot
953 3270 1056 3335 ejus
1090 3266 1256 3318 adver·
1343 3268 1490 3318 milit.
1519 3267 1606 3327 lib,
1635 3281 1685 3315 111
1708 3303 1723 3327 ‚
1747 3282 1849 3330 cap.
1899 3261 1971 3311 16.

231 3353 459 3400 sariorum
501 3351 560 3397 ad
593 3369 695 3399 eam
724 3389 738 3412 ,
770 3354 809 3400 si
850 3352 952 3401 fieri
992 3354 1254 3417 potuisset,
1411 3351 1477 3415 (3)
1517 3350 1584 3399 Ita
1617 3347 1840 3398 Calvinus
1861 3348 1910 3394 in
1943 3345 2123 3411 praefat.
2146 3341 2373 3390 Institut-

227 3434 415 3500 penitus
441 3432 741 3483 abolendam.
1343 3437 1425 3486 ubi
1473 3435 1653 3502 prolato
1703 3433 1794 3480 hoc
1848 3439 2121 3496 argumento
2181 3425 2372 3486 subdit,

299 3514 369 3581 (l)
407 3515 480 3564 Ita
514 3514 767 3573 Newmam
800 3534 877 3582 op.
914 3520 997 3567 cit.
1032 3517 1138 3566 lect.
1156 3531 1258 3576 vm,
1345 3518 1640 3583 triumphum
1672 3531 1844 3563 canens
1876 3530 1889 3561 t
1939 3511 2044 3560 Hic
2094 3507 2380 3576 deprehensi

233 3614 337 3666 quae
366 3608 434 3648 est
465 3597 548 3648 De
581 3597 994 3662 indefectibilitas
1028 3597 1263 3650 Ecclesioe
1343 3599 1635 3665 (catholici)
1664 3596 1880 3645 hoereant
1899 3610 2087 3643 necesse
2114 3599 2247 3641 est...
2268 3588 2375 3638 Aut

233 3681 505 3745 catholicae,
536 3701 642 3751 pag.
662 3683 760 3732 230
777 3693 821 3732 et
843 3701 975 3751 seqq.
996 3683 1080 3734 ubi
1107 3686 1263 3734 omnia
1347 3685 1502 3750 ἐρίων
1542 3679 1778 3733 Ecclesia?
1818 3679 2032 3745 formam
2076 3675 2218 3725 aliter
2260 3671 2376 3735 defi--

236 3768 480 3832 permiscet
505 3777 646 3836 atque
668 3767 932 3817 confundit.
1349 3767 1498 3815 niam
1520 3804 1533 3827 ‚
1566 3774 1651 3814 aut
1683 3768 1913 3829 quotquot
1940 3769 2053 3809 sunt
2079 3797 2093 3819 ‚
2126 3754 2376 3804 habebam-
