2514 4218
2090 165 2223 233 283.

502 197 662 249 PAET.
710 194 752 233 1.
801 195 924 231 CAP.
973 193 1052 231 IV.
1099 193 1167 230 DE
1209 190 1480 230 ECGLESIAE
1522 190 1773 228 DOTIBUS.

102 343 384 411 stolorum
413 340 565 419 leges
590 338 664 398 de
692 335 1046 397 abstinentia
1067 357 1100 394 a
1123 335 1404 417 sanguine
1439 343 1498 393 et
1533 331 1841 406 suffocate,
1873 329 1948 392 de
1971 331 2217 392 non-ad*-

100 436 403 498 mittendis
440 432 513 493 ad
537 455 760 493 sacram
788 431 1234 492 Ordinationem
1267 428 1575 511 neophytis
1607 436 1666 488 et
1699 425 1976 506 bigamiS‚
2020 427 2094 488 de
2129 429 2214 487 si-

98 533 282 595 lentio
295 529 607 590 mulierum
628 530 689 587 in
707 527 976 600 Ecclesia,
995 525 1068 585 de
1083 524 1339 586 velando
1353 522 1693 584 earumdem
1721 522 1941 604 capite,
1971 521 2214 605 aliaeque

99 625 413 707 ejusmodi,
446 646 578 684 cum
615 621 908 683 essentiali
945 619 1206 680 Ecclesiae
1256 618 1673 678 constitutione
1686 632 1709 693 5
1762 627 1862 676 aut
1898 615 2015 677 fide
2050 617 2220 676 chri-

97 721 324 782 stiana?
349 721 414 779 ld
441 722 635 804 ipsum
667 719 891 778 dicatur
914 715 990 777 de
1013 715 1378 797 poenitentiis
1398 715 1717 790 canonicis,
1741 712 1934 774 seculo
1955 713 2219 775 Ecclesiae

99 817 356 877 secundo
389 815 658 888 labente,
700 823 800 873 aut
839 812 1006 872 initio
1049 809 1227 869 seculi
1276 810 1355 868 III
1385 853 1401 884 .,
1440 808 1514 868 ab
1551 809 1795 873 Ecclesia
1843 808 2214 893 praescriptis,

100 915 238 986 Quae
268 912 420 993 leges
457 909 804 970 si'Ecclesiae
849 904 1251 967 constitutioni
1296 904 1684 965 essentialiter
1726 917 2235 967 connecterentur·

100 1019 159 1068 et
191 1007 327 1067 fidei
352 1007 648 1067 catholicae
673 1051 689 1081 ‚
722 1003 885 1063 nulla
909 1023 1173 1083 unquam
1203 1001 1339 1061 data
1367 1002 1570 1062 fuisset
1594 1001 1668 1061 ab
1701 1002 1952 1063 Ecclesia
1986 1002 2235 1086 dispen--

100 1102 246 1160 satio
271 1147 287 1176 ‚
324 1102 515 1162 multo
547 1121 688 1163 vero
719 1099 913 1157 minus
956 1096 1250 1177 abrogatae
1283 1097 1533 1156 fuissent
1567 1098 1684 1179 (1).

183 1197 321 1256 426.
366 1197 456 1257 Ad
497 1198 617 1271 2¹1¹,
661 1194 813 1274 Ney.
855 1193 1142 1274 Componi
1177 1193 1338 1252 enim
1375 1193 1584 1275 nequit
1617 1193 1916 1272 ejusmode
1952 1193 2222 1254 doctrina

100 1303 201 1351 aut
236 1313 369 1352 cum
414 1285 600 1351 allatis
650 1288 865 1349 Christi
899 1299 959 1348 et
998 1287 1161 1347 Pauli
1203 1286 1399 1348 verbis
1419 1335 1435 1361 ,
1485 1297 1589 1347 aut
1628 1309 1763 1348 cum
1809 1290 2226 1372 Apostolorum

100 1388 269 1469 praxi
290 1433 306 1463 ‚
335 1410 368 1446 a
401 1385 609 1469 quibus
647 1384 784 1444 solis
811 1383 1078 1443 ordinata
1102 1395 1191 1444 est
1215 1382 1518 1466 disciplina
1540 1428 1558 1459 ‚
1594 1383 1759 1443 nullo
1787 1405 2023 1466 prorsus
2049 1385 2223 1445 adhi-

97 1481 222 1542 bito
258 1482 592 1562 Principum
626 1480 916 1556 subsidio,
959 1481 1144 1539 immo
1176 1478 1646 1562 repugnantibus
1681 1480 2019 1539 immaniter
2045 1478 2223 1540 seculi

98 1576 500 1660 potestatibus,
527 1578 814 1660 Componi
836 1588 1118 1660 praeterea
1141 1577 1348 1659 nequit
1375 1597 1509 1636 cum
1538 1575 1802 1636 adductis
1832 1578 2076 1638 Patrum
2101 1587 2223 1636 tes-

98 1674 386 1751 timoniis,
408 1672 619 1756 quibus
646 1673 947 1752 adJicimus
967 1673 1024 1732 S.
1044 1673 1451 1747 Athanasium‚
1474 1674 1552 1732 sic
1574 1673 2036 1754 interrogantem
2065 1675 2222 1734 Con-

95 1771 420 1830 stantinum
464 1771 886 1852 Imperatorem
935 1792 949 1828 ε
1006 1770 1414 1849 Quandonam
1461 1770 1748 1829 Ecclesiae
1788 1772 2089 1829 decretum
2143 1772 2225 1829 ab

95 1866 466 1947 Imperatore
487 1869 718 1946 aceepit
745 1869 1163 1925 auctoritatem
1187 1863 1314 1945 (2)?
1345 1862 1404 1924 S.
1431 1866 1606 1924 Joan.
1633 1867 2059 1925 Damascenum
2077 1913 2093 1942 ⁷
2123 1868 2224 1950 qui

93 1962 180 2021 ita
207 1961 522 2044 alloquitur
544 1963 799 2022 Leonem
826 1961 1142 2020 Isauricum
1170 1982 1184 2018 ε
1227 1961 1377 2021 Tibi
1384 1962 1744 2041 parebimus
1761 2006 1778 2036 ,
1808 1982 1841 2020 0
1861 1962 2222 2041 Imperator,

95 2060 166 2114 in
197 2057 290 2116 his
311 2102 327 2132 .,
356 2080 489 2137 quoe
527 2059 612 2116 ad
643 2059 830 2137 hujus
870 2057 1061 2116 seculi
1089 2060 1323 2138 negotia
1341 2061 1730 2137 pertinent...
1769 2057 1993 2116 Verum
2021 2059 2102 2117 ad
2128 2081 2224 2119 res

98 2152 379 2211 Ecclesioe
416 2155 762 2213 statuendas
798 2164 1079 2232 pastores
1117 2154 1438 2224 habemus,
1479 2158 1594 2233 qui
1630 2154 1804 2212 nobis
1842 2155 2093 2214 verbum
2148 2161 2225 2213 lo-

99 2257 410 2326 quantur,
445 2259 618 2326 atque
643 2251 923 2308 instituta
951 2250 1346 2308 ecclesiastica
1375 2251 1774 2308 tradiderunt
1797 2248 1905 2328 (3).
1937 2251 2225 2331 Componi

100 2341 354 2423 denique
388 2342 593 2423 nequit
617 2363 752 2401 cum
794 2343 862 2401 iis
883 2387 901 2418 ,
939 2364 1071 2423 quae
1106 2345 1172 2401 in
1203 2343 1560 2404 oecumenico
1602 2342 1859 2401 Concilio
1901 2343 2224 2405 Chalcedo-

100 2437 270 2496 nensi
302 2437 380 2496 ad
409 2439 608 2497 Patres
632 2436 780 2496 dixit
802 2438 1131 2497 Marcianus
1152 2439 1478 2520 Imperator
1510 2459 1526 2495 :
1555 2439 1860 2497 Decorum
1886 2448 2028 2497 esta
2058 2439 2223 2499 vohis

167 2628 234 2692 (Ι)
265 2627 334 2683 ‚Ut
362 2631 560 2695 quisque
594 2631 760 2677 certior
809 2612 969 2678 eorum
998 2631 1109 2690 fiat,

101 2728 202 2777 quae
236 2711 314 2759 hic
340 2714 583 2760 asserimus
607 2748 622 2772 ,
647 2714 753 2760 satis
778 2713 820 2760 ei
842 2714 928 2761 erit
954 2712 1111 2761 oculos

100 2791 326 2859 conjicere
355 2795 406 2842 in
443 2794 646 2842 indicem
677 2797 880 2859 capitum
917 2804 1020 2843 octo
1052 2795 1112 2842 li·
1187 2819 1192 2826 ·

98 2875 289 2924 brorum
329 2875 490 2924 Const.
524 2873 846 2941 Apostolicar.
878 2877 1002 2941 apud
1022 2875 1114 2926 Co-

102 2958 333 3018 teledam,
363 2968 481 3007 tom.
511 2975 545 3007 ι.
576 2958 630 3007 In
660 2959 752 3007 illis
775 2959 1110 3024 deprehendet,

102 3039 344 3089 innumera
364 3057 507 3106 prope
532 3043 708 3090 sancita
728 3041 898 3102 fuisse,
925 3057 1028 3107 quae
1055 3041 1116 3090 ad

104 3123 387 3171 essentialem
401 3122 614 3172 Ecclesiae
625 3126 1003 3173 constitutionem
1016 3141 1118 3189 per-

105 3201 247 3250 tinere
267 3241 281 3263 ‚
317 3215 442 3254 anta
479 3206 573 3255 fide
595 3206 849 3256 'christiana
881 3208 1114 3272 insepara-

104 3278 215 3329 bilia
240 3299 333 3333 esse
351 3303 488 3336 nemo
511 3291 601 3338 nisi
615 3307 774 3339 amens
794 3289 1112 3338 affirmaverit.

104 3361 326 3427 Exemplo
344 3378 476 3418 sunto
495 3388 553 3419 ex
570 3371 656 3420 lib.
676 3389 695 3421 1
712 3410 726 3434 ,
747 3389 848 3438 cap.
865 3385 943 3432 ιιι,
960 3388 1008 3420 vr
1026 3409 1039 3431 ,
1061 3389 1114 3436 x;

101 3461 157 3491 ex
187 3445 274 3495 lib.
294 3462 326 3494 u
342 3483 356 3507 ,
393 3465 494 3514 cap.
523 3469 582 3506 xx
605 3491 619 3513 ,
638 3470 722 3503 xxi
745 3491 759 3514 ,
783 3474 869 3503 xxv
895 3491 910 3516 ‚
940 3472 1111 3516 xxvm,

102 3541 230 3574 xxxv
256 3563 274 3588 ,
316 3538 408 3578 etc.
464 3547 658 3596 quorum
702 3536 920 3605 pleraque
960 3548 1109 3587 tractu

101 3612 316 3675 temporis
342 3609 510 3660 abolita
532 3625 659 3665 sunt.

169 3694 231 3757 (2)
270 3691 383 3742 Πὸτε
421 3691 508 3762 γοῖρ
544 3693 684 3762 κρίσις
706 3697 948 3756 ‘'azzano-iae
981 3702 1104 3768 πειραὶ

1196 2626 1421 2688 βασιλέως
1451 2626 1564 2691 ’ἔα-χε
1603 2625 1658 2678 τέ
1696 2626 1840 2696 κῦρος.
1878 2628 1933 2678 In
1969 2633 2052 2680 cit.v
2074 2633 2221 2681 Hist.

1198 2710 1385 2760 Arian.
1409 2730 1462 2759 n.
1496 2709 1581 2773 52,
1618 2730 1719 2777 pag.
1754 2709 1872 2777 376.
2255 2706 2259 2714 ’

1269 2795 1337 2860 (3)
1378 2795 1509 2844 Orat.
1548 2812 1615 2860 11,
1649 2794 1721 2845 De
1762 2797 1972 2861 imaqin.
2011 2814 2066 2845 n.
2099 2812 2169 2844 xn
2202 2814 2218 2845 ε

1198 2876 1446 2942 Υπεῖκομέν
1475 2899 1544 2928 σοι
1560 2915 1573 2938 ,
1598 2875 1630 2927 ὅ
1652 2883 1847 2937 sexo-cm&
1863 2915 1876 2941 ,
1902 2877 1941 2927 ἐν
1963 2878 2058 2931 τοῖς
2087 2876 2218 2928 κατ-οἶ

1198 2956 1268 3008 τὸ
1301 2959 1394 3020 βίον
1423 2957 1669 3027 πράγμασι
1689 2997 1703 3022 ,
1729 2961 1764 3008 ἕν
1790 2957 1852 3008 δὲ
1882 2966 1940 3028 τῇ·
1979 2961 2226 3016 ἐκκλησια-

1200 3046 1336 3109 σ-τυιξῖ
1358 3040 1672 3104 navarriae,
1714 3037 1877 3105 ἔχομεν
1901 3039 2009 3095 rotis·
2054 3041 2222 3106 ποιμέ-

1199 3143 1299 3186 νας,
1327 3121 1429 3178 τοδς
1460 3121 1755 3180 >notatio-auras
1796 3125 1897 3188 ἐμῗν
1935 3121 2008 3174 τὶν
2043 3120 2178 3185 λέγων
2204 3163 2220 3189 ,

1199 3206 1278 3256 καὶ
1295 3205 1589 3262 πταίσαντας
1604 3204 1680 3262 τὼ
1710 3204 2089 3264 {nnana-meran&
2104 3212 2221 3258 3⁶0²-

1195 3289 1440 3353 peoS·eo·t'oer.
1478 3290 1586 3340 Vid.
1620 3307 1730 3356 opp.
1773 3290 1885 3339 edit.
1930 3289 1995 3339 Le
2026 3292 2216 3351 Quien,

1196 3382 1312 3423 tom.
1347 3376 1400 3434 i,
1446 3391 1548 3439 pag.
1600 3370 1715 3421 336.
1757 3372 1916 3422 Plures
1948 3365 2061 3421 alias
2090 3373 2217 3436 ejus-

1197 3457 1325 3504 modi
1351 3455 1399 3504 S.
1429 3455 1564 3504 Joan.
1589 3454 1861 3505 Damasceni
1886 3458 1935 3503 in
1965 3455 2087 3502 hanc
2112 3468 2212 3500 rem
2258 3447 2260 3449 ’

1196 3540 1444 3587 sententias
1498 3539 1548 3585 in
1594 3538 1683 3587 hoc
1723 3539 1887 3589 eodem
1934 3533 2217 3603 paragrapho

1195 3620 1381 3668 videsis.
