2514 4218
358 172 514 213 rAn'r.
560 175 603 210 1.
651 171 805 210 suc-r.
851 172 912 211 11.
957 172 1081 211 cu.
1128 174 1215 211 111.
1261 173 1337 210 nn*
1373 173 1503 211 πη.
1547 172 1619 211 m·
1660 173 1783 212 sun.
1834 175 1990 212 Pam.
2090 154 2205 215 469

93 341 191 379 eos
217 319 455 379 Concilii
483 318 824 379 oecumenici
859 317 1211 376 sententiam
1249 328 1350 376 aut
1380 338 1586 379 vocare
1612 319 1902 378 ultimum
1923 319 2207 378 Ecclesiae

72 417 426 493 judicium,
460 414 618 495 quod
654 412 775 472 ullo
822 412 995 471 modo
1039 405 1340 472 retractari
1390 433 1511 471 non
1551 416 1766 494 possit,
1819 414 1905 472 uti
1947 413 2207 473 Athana-

90 511 205 568 sius
244 509 370 587 (l)‚
412 508 765 589 Epiphanius
812 506 902 588 (2)
927 552 942 580 ,
985 509 1096 565 Leo
1152 509 1233 565 M.
1287 506 1413 586 (3),
1467 506 1723 566 Gelasius
1763 505 1858 588 (4)
1891 552 1907 581 ,
1949 508 2206 568 Conci-lia

90 602 446 683 Ephesiuum
472 603 561 682 (5)
585 614 642 661 et
668 601 1135 661 Chalcedonense
1150 600 1263 679 (6);
1297 612 1398 659 aut
1419 590 1716 661 haereticos
1744 600 2039 683 appellare
2059 647 2075 675 ,
2102 604 2205 684 qui

87 697 326 755 Cone-ilii
356 697 689 777 dogmaticae
726 695 1050 755 definitioni
1073 716 1195 752 non
1235 694 1643 776 acquiescunt.
1667 707 1735 762 ut
1768 697 1984 755 iterum
2014 696 2197 756 Atha-

84 793 277 851 nasius
303 794 416 871 (7),
445 793 749 872 Gregorius
778 791 1044 850 Nazianz.
1075 789 1189 868 (8),
1209 791 1321 869 Leo
1348 792 1426 849 M.
1452 791 1540 870 (9)
1561 835 1576 865 ,
1609 791 1844 850 Basilius
1874 791 2004 870 (10)
2028 792 2203 852 Cone.

86 885 553 947 Chalcedonense
575 887 740 968 (11);
769 897 871 944 aut
890 883 1179 943 affirmare
1204 885 1420 942 divina
1442 895 1498 943 et
1517 907 1554 943 a
1573 887 1812 965 Spiritu
1827 888 1886 944 S.
1918 885 2073 945 edita
2095 909 2203 966 ge—

82 981 372 1041 neralium
408 981 796 1040 Conciliorum
819 979 1046 1039 decreta
1068 1023 1084 1052 ,
1110 979 1196 1037 uti
1220 978 1570 1068 Athanasius
1598 981 1752 1059 (12),
1782 981 2199 1040 Constantinus

83 1077 406 1157 Imperator
441 1076 571 1158 (13)
599 1122 615 1151 ,
647 1075 949 1154 Gregorius
976 1073 1372 1133 Nazianzenus
1402 1074 1532 1154 (14)
1555 1119 1570 1149 ‚
1602 1075 1716 1135 Leo
1753 1077 1830 1134 M.
1868 1075 2030 1155 (15),
2061 1078 2202 1136 Gre-

81 1171 271 1249 gorius
310 1173 392 1230 M.
443 1173 544 1252 qui
579 1179 931 1253 protestatus
971 1179 1089 1242 est,
1144 1189 1205 1227 se
1259 1179 1510 1249 quatuor
1543 1170 1736 1250 priora
1769 1170 2020 1229 Concilia
2057 1172 2203 1230 sicut

82 1277 334 1347 quatuor
361 1265 667 1346 Evangelia
685 1264 952 1324 venerari
977 1263 1106 1342 (16)
1131 1287 1147 1336 3
1173 1274 1274 1320 aut
1303 1261 1554 1344 denique
1569 1263 1777 1324 docere
1795 1309 1811 1339 7
1828 1265 2201 1325 moriendum

79 1363 272 1441 potius
323 1383 498 1443 quam
548 1358 814 1420 recedere
863 1380 895 1417 a
942 1357 1333 1416 Conciliorum
1383 1360 1873 1418 oecumenicorum
1923 1359 2202 1436 decretiS‚

78 1468 254 1538 prout
299 1455 492 1517 verbis
549 1465 609 1514 et
663 1453 823 1512 factis
879 1454 1034 1511 inter
1083 1462 1307 1511 ceteros
1351 1452 1753 1532 praestiterunt
1816 1453 2161 1514 Athanasius
2180 1501 2198 1529 ,

80 1551 368 1626 Hilarius,
416 1548 695 1608 Eusebius
721 1594 737 1623 ,
781 1548 881 1629 qui
908 1558 1151 1629 propter
1180 1547 1481 1606 Nicoenam
1530 1547 1710 1606 fidem
1765 1547 2003 1606 exilium
2046 1551 2200 1631 passi

75 1658 212 1722 sunt
234 1647 380 1728 (17).
411 1645 566 1704 Nihil
593 1645 843 1727 proinde
869 1645 932 1702 in
957 1654 1079 1701 tota
1122 1642 1470 1723 antiquitate
1502 1642 1610 1702 hac
1652 1642 1916 1703 doctrina
1948 1646 2195 1723 certius,

74 1742 340 1823 nihilque
374 1740 752 1823 exploratius,
791 1741 861 1798 Et
892 1738 1013 1798 haec
1046 1736 1285 1820 quidem
1312 1736 1505 1819 quoad
1542 1749 1949 1820 protestanteS.

155 1838 297 1898 686.
347 1837 462 1896 Sed
500 1847 567 1895 ut
588 1835 663 1894 ad
699 1835 1111 1904 Jansenianos‚
1134 1831 1528 1892 Febronianos
1552 1878 1568 1908 a
1605 1833 2194 1918 Palmeriu-mqueac-

71 1933 342 1993 cedamus
361 1978 377 2007 ,
409 1954 585 2014 quam
600 1929 853 1991 absurda
867 1930 944 1989 sit
967 1930 1227 2011 ipsorum
1250 1927 1511 1987 doctrina
1528 1974 1545 1997 ,
1570 1940 1798 1988 constat
1828 1931 1891 1988 10
1920 1952 1993 1990 ex
2020 1953 2193 1992 sensu

139 2166 205 2231 (1)
243 2165 408 2233 Epist.
441 2167 506 2215 ad
532 2165 822 2234 Epictetum.
840 2167 959 2233 Opp.
979 2168 1092 2217 edit·
1245 2177 1313 2243 (9)
1348 2177 1514 2244 Epist.
1543 2178 1653 2227 edit.
1680 2181 1760 2228 cit.
1791 2196 1910 2229 cun
1928 2219 1942 2241 ‚
1977 2182 2043 2230 ad
2071 2182 2193 2233 Leo-

70 2250 228 2299 Maur.
259 2260 376 2298 tom.
412 2267 459 2309 1,
502 2260 621 2314 part.
662 2267 728 2311 11,
774 2268 876 2316 pag.
920 2265 1015 2317 901
1051 2265 1095 2303 et
1173 2275 1282 2307 nem
1330 2258 1541 2324 Auqust.
1563 2260 1650 2318 col.
1682 2260 1808 2327 1339
1832 2273 1877 2310 et
1900 2280 2038 2329 seqq.

64 2348 196 2397 seqq.
1012 2380 1019 2390 ,
1244 2343 1340 2405 (ῙΟ)
1370 2342 1536 2409 Epist.
1558 2360 1702 2399 cxxv,
1740 2346 1850 2394 edit.
1885 2346 2036 2396 Maur.
2070 2347 2193 2414 Opp.

139 2411 215 2478 (2)
254 2412 442 2462 Hoeres.
472 2430 650 2474 txxvu,
672 2414 756 2463 ubi
779 2424 993 2479 praeterea
1018 2433 1090 2464 re·
1177 2433 1292 2473 tom,
1324 2441 1412 2484 111,
1450 2442 1551 2489 pag.
1585 2422 1685 2488 214
1721 2436 1766 2474 et
1793 2441 1924 2493 seqq.

66 2495 169 2543 tulit
193 2497 416 2558 integram
431 2494 759 2560 cit.epistolam
772 2495 1090 2547 S.Athanasii.
1256 2505 1356 2568 (11)
1393 2505 1501 2555 Loc.
1530 2508 1608 2555 cit.

131 2576 195 2640 (3)
232 2575 397 2641 Epist.
414 2576 525 2626 edit.
543 2577 759 2626 Ballerin.
777 2594 854 2639 xc,
875 2578 941 2627 ad
954 2575 1086 2645 Imp.
1238 2589 1336 2652 (12)
1374 2587 1537 2655 Epist.
1573 2593 1652 2639 cit.
1682 2589 1748 2638 ad
1772 2590 1921 2654 Afros
1942 2589 2109 2656 Episc.

63 2659 382 2710 Marcianum
413 2678 518 2726 cap.
547 2676 575 2708 2
595 2696 612 2722 ‚
658 2669 705 2710 et
731 2659 867 2712 alibi.
1238 2671 1339 2735 (13)
1379 2671 1433 2719 In
1468 2670 1635 2737 Epist.
1665 2672 1731 2720 ad
1748 2673 2110 2723 omnesEccles.
2139 2673 2199 2723 de

128 2742 190 2804 (ἅ)
226 2742 386 2810 Epist.
419 2742 485 2790 ad
504 2740 670 2807 Episc.
698 2742 1006 2804 Dafflanioe,
1033 2747 1083 2792 in
1166 2750 1380 2800 Nicoena
1412 2753 1596 2818 synodo
1615 2791 1629 2813 ‚
1664 2755 1788 2819 apud
1810 2754 1983 2804 Euseb.
2004 2753 2073 2804 De
2094 2757 2197 2805 vita

60 2821 247 2873 Collect.
264 2823 1079 2886 Conc.edit.Venet.Coleti‚tom.v,
1169 2833 1420 2884 Constant,
1444 2836 1531 2884 lib.
1559 2834 1613 2883 in
1632 2871 1647 2896 ,
1689 2852 1794 2900 cap.
1829 2853 1904 2903 ¹7·

59 2905 146 2953 col.
172 2904 292 2955 325.
1235 2917 1339 2981 (14)
1378 2916 1507 2966 Orat.
1528 2920 1601 2966 xxi
1617 2955 1630 2978 ‚
1654 2920 1719 2966 In
1732 2915 1790 2969 S.
1810 2918 2060 2970 Athamas.
2080 2920 2195 2970 edit.

126 2987 190 3051 (ὅ)
212 2987 265 3036 ln
278 2992 422 3054 episto
445 2990 489 3038 la
507 2989 784 3046 Tractoria,
802 2989 924 3054 apud
936 2989 1079 3041 Hard.
1161 3000 1240 3049 cit.
1273 3009 1384 3048 tom.
1411 3014 1457 3060 1,
1486 3015 1592 3063 pag.
1622 2995 1740 3048 381.

60 3063 185 3113 Acta
216 3067 362 3119 Cone.
393 3081 508 3119 tom.
538 3087 584 3125 1,
629 3070 715 3117 001.
746 3065 870 3118 1623
888 3080 932 3118 et
953 3088 1081 3137 seqq.
1232 3078 1336 3143 (15)
1370 3076 1536 3146 Epist,
1573 3096 1643 3128 ενι
1663 3117 1677 3141 ‚
1724 3080 1834 3129 edit.
1865 3083 1946 3130 cit.
1980 3097 2081 3145 cap.
2122 3096 2152 3129 2
2173 3120 2187 3144 ‚

131 3146 200 3210 (6)
247 3149 510 3212 Actionem>
540 3152 856 3214 ibid.tom.n‚
877 3152 967 3203 col.
984 3152 1082 3222 447
1165 3161 1256 3209 001.
1282 3177 1299 3208 1
1317 3158 1403 3209 161
1438 3171 1482 3210 et
1506 3178 1637 3228 seqq.
1660 3171 1706 3210 et
1739 3163 1790 3209 in
1807 3160 1975 3228 Epist.
2011 3164 2093 3211 cit.
2129 3160 2196 3209 ad

59 3237 102 3276 et
127 3245 256 3296 seqq.
940 3298 944 3301 ¹
1170 3242 1487 3290 Marcianum
1519 3247 1566 3290 et
1593 3242 1802 3291 Leonem
1836 3242 2047 3308 Anqust.

129 3309 192 3374 (7)
230 3311 396 3378 Epist.
435 3317 500 3364 ad
532 3317 710 3382 Afros,
755 3319 869 3368 edit.
919 3329 963 3368 et
999 3319 1091 3368 loc·
1244 3322 1343 3385 (16)
1379 3323 1526 3389 Epist.
1554 3324 1783 3385 xxv‚lib.
1810 3341 1845 3386 ι,
1885 3326 1997 3374 edit.
2032 3323 2185 3373 Maur.

57 3396 135 3442 cit.
167 3395 256 3444 col.
284 3394 375 3462 891
405 3408 450 3446 et
473 3417 602 3466 seqq.
1176 3422 1285 3471 opp.
1312 3415 1430 3454 tom.
1458 3421 1529 3467 11,
1557 3407 1646 3456 col.
1679 3405 1797 3457 515.

125 3473 191 3539 (8)
223 3475 388 3542 Epist.
432 3495 479 3540 1,
529 3481 595 3528 ad
639 3481 921 3532 Cledonium
941 3521 954 3542 ‚
1014 3501 1094 3533 seu
1244 3485 1344 3551 (17)
1379 3487 1477 3537 Cfr.
1508 3486 1727 3541 Bellarm.
1756 3487 1828 3541 De
1840 3487 1982 3538 Cone.
2011 3486 2095 3536 lib.
2113 3502 2179 3550 u,

57 3567 179 3607 orat.
212 3576 273 3607 u.
294 3559 421 3625 Opp.
446 3562 557 3612 edit.
575 3562 720 3614 Paris.
749 3562 874 3616 1630
892 3599 908 3630 ‚
927 3576 1042 3615 tom.
1065 3578 1101 3611 ι’
1186 3584 1289 3633 cap.
1323 3567 1374 3618 3.

54 3655 162 3707 pag.
206 3641 321 3706 738.
