2514 4218
304 202 381 261 48
889 224 1083 265 TRAcT.
1135 227 1201 260 ns
1247 224 1399 262 LOCIS
1445 228 1819 267 TnuoLoc1cls.

387 368 484 427 81.
532 368 623 428 Ad
660 368 780 443 ΒΜ,
826 372 985 428 Dist.
1034 367 1123 426 Ad
1157 366 1308 425 nihil
1349 368 1680 429 inserviunt
1719 376 1844 432 sihi
1879 375 2069 456 quoad
2114 378 2425 452 meritum,

298 463 409 521 nisi
434 463 776 545 resipiscant
799 510 815 538 ,
841 484 1042 530 couc.,·
1076 464 1280 522 ceteris
1303 508 1318 537 .,
1349 473 1408 522 et
1437 476 1725 544 quatenus
1756 470 2148 531 instrumenta
2187 485 2288 532 aut
2313 476 2430 533 mi-

298 559 467 618 nistri
496 560 711 620 Christi
745 571 915 634 sunt,
950 580 1079 639 neq.
1126 558 1239 638 (1).

377 655 475 716 82.
523 657 656 735 Obj.
710 654 984 715 secunda.
1039 657 1217 713 Juxta
1256 654 1478 733 ideam,
1529 679 1710 738 quam
1751 657 1919 719 nobis
1970 684 2122 723 verae
2165 664 2429 724 Ecclesiae

294 752 607 835 Scripturae
637 764 696 811 et
724 755 922 810 Patres
962 750 1248 811 exhibent
1272 797 1287 826 ,
1324 752 1448 811 haec
1478 752 1655 812 debet
1678 775 1914 835 prorsus
1943 780 2066 816 esse
2090 759 2424 835 invisibilis7

293 878 361 917 ac
398 851 645 935 proinde
681 871 753 908 ex
786 849 920 908 solis
954 849 1127 928 justis
1168 861 1455 909 constare.
1506 852 1737 909 Etenim
1781 852 1843 909 1ο
1882 854 1936 911 S.
1961 855 2168 914 Paulus
2211 855 2430 915 descri-

292 951 440 1013 bens
478 947 791 1007 Ecclesiam
831 957 1008 1027 prout
1046 957 1134 1005 est
1162 947 1226 1004 in
1267 968 1423 1006 novo
1461 948 1840 1007 Testameuto
1887 972 1900 1006 z
1945 950 2089 1009 Non
2127 955 2292 1009 enim
2323 974 2431 1012 ac-

291 1049 573 1117 cessistis,
603 1043 826 1123 inquit,
853 1043 940 1100 ad
952 1044 1335 1101 tractabilem
1359 1055 1617 1102 montem
1643 1055 1698 1101 et
1719 1047 2134 1104 accensibilem
2162 1052 2428 1127 iynem...

288 1145 392 1203 sed
422 1144 751 1201 accessis-tis
799 1141 886 1198 ad
926 1140 1071 1198 Sion
1105 1149 1365 1198 montem
1404 1151 1462 1199 et
1499 1143 1798 1199 civitatem
1834 1145 1958 1201 Dei
1994 1146 2283 1215 viventis,
2322 1146 2430 1205 Je-

288 1241 556 1299 rusalem
598 1238 879 1296 coelestem
897 1279 918 1306 ,
963 1245 1018 1293 et
1061 1237 1393 1293 multorum
1431 1238 1699 1294 millium
1745 1240 2098 1316 anyelorum
2134 1242 2429 1318 frequen-

287 1341 442 1395 tiam
462 1380 478 1407 7
521 1344 577 1392 et
607 1333 943 1393 Ecclesiam
980 1334 1452 1409 primitivorum
1474 1375 1494 1402 ,
1540 1334 1649 1411 qui
1676 1336 2008 1412 conscripti
2037 1345 2180 1393 sunt
2212 1339 2276 1392 in
2313 1356 2432 1393 coe-

286 1434 364 1491 lis
403 1432 528 1509 (2);
571 1440 632 1488 et
663 1429 731 1487 ⁵20
767 1426 1078 1510 Apostolus
1124 1430 1329 1485 Petrus
1357 1473 1373 1499 a
1424 1439 1479 1486 et
1532 1432 1658 1507 ipsi
1692 1439 1990 1508 tanquam
2044 1432 2272 1508 lapides
2311 1434 2442 1489 vivi

207 1603 218 1613 β
285 1527 868 1608 superaedificamini
899 1525 1110 1582 domus
1133 1524 1545 1602 spiritualis...
1585 1545 1682 1583 vos
1713 1536 1917 1583 autem
1938 1546 2129 1605 yeuus
2156 1528 2433 1596 electum,

286 1627 480 1706 reyale
515 1624 953 1691 sacerdotium,
986 1643 1134 1701 qens
1165 1632 1377 1680 sancta
1419 1621 1530 1700 (3).
1579 1620 1647 1679 30
1680 1623 1823 1694 Quae
1867 1635 2201 1704 congruunt
2238 1623 2430 1683 verbis

285 1722 504 1782 Christi
543 1744 556 1778 ε
594 1721 873 1800 Reynum
919 1720 1037 1777 Dei
1072 1722 1243 1777 intra
1268 1738 1367 1776 vos
1391 1727 1477 1775 est
1505 1715 1616 1796 (4).
1653 1719 1778 1775 Imo
1821 1716 1888 1774 40
1914 1730 2247 1797 congruunt
2277 1720 2429 1778 anti-

284 1819 415 1901 quis
452 1816 744 1876 vaticiniis
782 1814 976 1886 Isaiae,
1028 1814 1357 1886 L11‚·1--2
1418 1834 1433 1871 ε
1467 1812 1612 1873 Non
1652 1813 1902 1892 adjiciet
1935 1815 2144 1885 ultra,
2185 1825 2254 1873 ut
2286 1837 2431 1893 per«

284 1924 557 1973 transeat
573 1923 761 1992 perte
784 1912 1262 1970 incircumcisus
1278 1920 1335 1967 et
1352 1910 1733 1967 immundus.
1749 1952 1790 1967 ..
1815 1910 2118 1986 Recedite,
2144 1912 2394 1970 recedite
2411 1959 2426 1979 ,

282 2015 434 2069 exite
470 2010 649 2078 inde,
689 2009 989 2086 pollutum
1023 2007 1204 2065 nolite
1238 2015 1514 2085 tanyere,
1551 2009 1702 2062 eoeite
1730 2005 1797 2061 de
1833 2005 2025 2063 medio
2048 2010 2214 2082 ejus,
2243 2017 2295 2064 et
2326 2028 2424 2086 eqo

282 2109 580 2185 recipiam
606 2125 731 2173 vos,
759 2105 914 2162 dicit
940 2104 1269 2173 Dominus,
1302 2111 1368 2158 ut
1383 2098 1583 2158 subdit
1610 2099 1922 2182 Apostolus
1938 2145 1953 2172 ,
1978 2101 2218 2159 recitata
2240 2102 2423 2180 verba

282 2223 619 2285 exponen53
645 2202 746 2283 qui
771 2212 1050 2282 praeterea
1079 2199 1373 2256 rationem
1397 2195 1615 2267 reddit,
1648 2218 1828 2276 quare
1860 2195 2134 2255 recedere
2164 2194 2422 2255 debeant

273 2299 419 2378 justi
463 2321 495 2357 a
532 2295 935 2380 peccatoribus
963 2340 979 2368 ‚
1029 2295 1231 2354 dicens
1281 2316 1295 2351 z
1336 2294 1484 2373 Quoe
1519 2295 1683 2350 enim
1714 2295 2121 2371 participatio
2155 2296 2425 2369 justitiae

279 2418 413 2455 cum
450 2398 848 2472 iniquitate...
887 2414 1022 2471 quoe
1054 2392 1359 2449 conventio
1404 2389 1633 2449 Christi
1658 2388 1743 2445 ad
1776 2389 1977 2446 Belial
2009 2385 2144 2467 (5)'?
2181 2387 2247 2445 50
2273 2388 2422 2447 Hinc

278 2501 581 2572 receptum
627 2488 779 2548 illud
824 2486 984 2570 apud
1034 2490 1232 2545 Patres
1283 2483 1470 2543 veluti
1521 2485 1788 2557 axioma,
1828 2505 1950 2541 non
1984 2503 2155 2564 posse
2202 2481 2421 2543 habere

278 2589 470 2646 Deum
498 2595 769 2666 patrem,
799 2585 902 2665 qui
932 2582 1247 2642 Ecclesiam
1280 2591 1536 2639 matrem
1560 2602 1685 2638 non
1721 2577 1933 2647 habet3
1977 2598 2049 2635 ex
2078 2599 2195 2657 quo
2216 2589 2419 2658 aperte

279 2681 544 2764 sequitur
581 2679 808 2738 ratione
843 2678 1271 2737 contrariorum
1293 2720 1309 2746 ἢ
1352 2695 1461 2733 nec
1494 2695 1664 2755 posse
1699 2671 1916 2731 habere
1942 2671 2255 2732 Ecclesiam
2294 2695 2419 2733 ma-

279 2790 456 2853 trem,
482 2776 583 2860 qui
614 2779 804 2835 Deum
836 2784 1069 2856 patrem
1098 2769 1462 2845 nonhabet,
1490 2766 1812 2846 cujusmodi
1830 2767 2091 2849 profecto
2115 2780 2253 2827 sunt
2279 2791 2418 2850 pec-

279 2886 521 2935 catoreS.
570 2872 674 2932 Cui
716 2871 1003 2954 principio
1049 2869 1286 2928 innixus
1333 2868 1397 2925 6⁰
1443 2867 1498 2925 S.
1530 2864 1883 2945 Augustinus
1931 2886 1944 2921 ε
1982 2866 2071 2924 Ac
2106 2887 2226 2945 per
2274 2867 2415 2939 hoc,

352 3083 415 3145 (l)
452 3081 559 3130 Huc
586 3082 849 3131 referuntur
882 3080 1082 3146 plurimi
1118 3077 1299 3127 articuli
1385 3072 1575 3123 litantis
1615 3071 1846 3120 Ecclesioe
1869 3107 1884 3131 ‚
1925 3089 2036 3118 cum
2061 3088 2149 3120 nec
2183 3073 2248 3119 sit
2271 3089 2417 3119 mem-

279 3170 330 3215 in
375 3164 593 3214 Wicleffo
642 3175 687 3213 et
723 3164 846 3212 Huss
884 3163 1121 3228 proscripti
1175 3160 1301 3208 Con·
1385 3159 1525 3206 hrum
1545 3158 1667 3223 ejus.
1698 3156 1798 3204 Csr.
1827 3155 2018 3204 Collect.
2050 3155 2238 3204 Concil.
2262 3156 2410 3204 Labb.

279 3248 385 3297 cilio
422 3247 765 3296 Constantiensi
788 3285 801 3306 ‚
845 3248 1081 3312 praecipue
1122 3253 1210 3291 art.
1256 3260 1302 3290 1v
1387 3252 1494 3290 tom.
1520 3257 1597 3290 xv1
1618 3276 1631 3298 ‚
1656 3238 1747 3288 col.
1783 3235 1881 3304 756
1899 3250 1942 3287 et
1965 3254 2096 3304 seqq.
2115 3254 2173 3285 ex
2189 3239 2301 3286 edit.
2327 3237 2415 3286 Co-

276 3329 474 3380 Wicleff
496 3367 510 3391 ‚
545 3327 608 3380 Si
625 3328 926 3396 Episcopus,
972 3326 1046 3376 vel
1069 3323 1304 3377 Sacerdos
1387 3324 1487 3382 leti,
1527 3322 1685 3370 Venet.
1720 3323 1866 3387 1731.

277 3416 455 3463 existat
498 3414 556 3460 in
581 3421 778 3478 peccato
820 3410 1050 3471 mortali,
1091 3424 1192 3456 uon
1231 3423 1306 3457 or·
1460 3409 1538 3470 (2).
1566 3405 1712 3455 Hebr.
1745 3420 1842 3463 κη,
1888 3403 1947 3453 ι8
1973 3417 2017 3454 et
2052 3424 2195 3473 seqq.

277 3498 419 3545 dinat
437 3534 450 3556 ‚
483 3512 582 3543 non
617 3505 865 3543 consecrat
885 3533 898 3553 ‚
944 3509 1043 3541 non
1073 3491 1269 3554 conficit
1288 3529 1302 3547 ‚
1462 3488 1528 3553 (3)
1566 3487 1587 3534 1
1617 3487 1715 3535 Pet.
1747 3503 1817 3547 11,
1843 3485 1894 3536 5.

276 3597 376 3629 non
414 3578 649 3645 baptizat.
704 3577 762 3625 Et
798 3586 887 3625 art.
927 3593 987 3624 xx
1032 3574 1153 3623 Huss
1178 3608 1195 3635 ,
1249 3572 1309 3621 Si
1459 3571 1524 3632 (h)
1560 3570 1677 3619 Luc.
1702 3585 1835 3630 xvu,
1869 3586 1953 3618 21.

277 3663 425 3729 Papa
457 3672 524 3711 est
557 3659 748 3716 malus,
789 3667 834 3706 et
850 3658 1124 3724 praesertim
1159 3657 1205 3702 si
1238 3664 1308 3703 est
1461 3652 1529 3717 (ὅ)
1564 3651 1607 3699 ΙΙ
1636 3652 1695 3700 ad
1721 3650 1833 3699 Cor.
1867 3669 1912 3699 vi
1933 3690 1946 3710 ‚
1988 3651 2046 3715 14
2080 3665 2123 3701 et
2159 3670 2292 3718 seqq.

276 3747 598 3809 praescitus...
618 3759 717 3791 non
744 3750 813 3789 est
841 3748 989 3805 caput
1015 3745 1191 3787 sanctoe
1213 3738 1305 3784 mi-
