2514 4218
313 255 391 314 20
915 274 1108 312 macr.
1159 276 1228 312 nn
1272 272 1423 312 roms
1468 274 1838 315 mmmmm&

314 431 441 481 cata
466 463 480 492 ,
517 418 799 497 originem
838 416 1000 477 dedit
1039 417 1301 498 primum
1337 415 1639 495 evangelio
1675 440 1923 481 aramaeo
1947 466 1964 497 ,
1999 420 2213 482 deinde
2242 443 2432 486 evan-

313 515 476 597 geliis
497 513 735 596 reliquis
759 558 776 588 ,
815 535 915 573 seu
939 509 1371 570 narrationibus
1396 511 1470 571 de
1502 511 1717 571 Christi
1743 515 1875 575 fatis
1899 516 2200 600 effatisque
2215 564 2230 593 .,
2256 531 2433 601 prout

311 609 502 669 adhuc
526 609 805 692 leguntur
817 613 988 686 juxta
1013 606 1236 683 variaS.,
1282 627 1409 689 quae
1451 607 2007 671 circumferebantur
2029 658 2044 688 7
2086 613 2430 675 traditiones

308 728 380 767 ex
414 707 573 765 fonte
602 703 991 786 mythologico
1021 701 1331 763 derivatas
1377 702 1443 761 50
1475 706 1653 762 Prout
1690 714 1886 764 autem
1912 709 2158 790 quisque
2185 710 2426 770 affectus

312 813 477 877 eratq
529 801 625 859 alii
673 810 924 878 systema
961 796 1508 876 judaico-orientale
1551 799 1626 858 ad
1670 822 1939 883 normam
1989 815 2238 886 receptae
2293 817 2433 876 tunc

311 896 592 978 temporis
628 893 1130 975 interpretationis
1179 905 1449 953 veterum
1487 906 1692 955 vatum
1728 906 2155 977 exposuerunt,
2195 900 2282 958 uti
2311 910 2430 960 tres

308 993 530 1076 priores
546 988 939 1070 evangelistae,
962 989 1061 1070 qui
1076 1000 1410 1071 propterea,
1427 1010 1809 1073 quaecumque
1833 991 1905 1051 de
1931 993 2130 1074 populi
2143 994 2432 1055 israelitici

294 1087 716 1167 personifieati
765 1083 985 1143 vicibus
1034 1094 1197 1146 vates
1250 1085 1647 1167 praedicarunt
1679 1132 1695 1161 ,
1759 1088 1868 1168 ipsi
1915 1090 2432 1150 accommodarunt

309 1182 541 1242 Christo
577 1183 748 1257 Jesu3
802 1179 948 1240 alius
998 1192 1232 1256 autem,
1293 1202 1510 1263 nempe
1557 1183 1812 1242 Joannes
1839 1228 1855 1256 .,
1918 1185 2167 1263 systema
2202 1190 2429 1246 secutus

308 1275 839 1358 graeco-orientale,
877 1286 1084 1358 utpote
1111 1275 1270 1358 apud
1297 1277 1559 1336 asiaticos
1592 1289 1984 1338 commoratus
2020 1291 2194 1361 atque
2218 1281 2281 1340 in
2305 1282 2430 1363 ipsa

305 1373 499 1433 schola
544 1371 935 1432 Alexandrina
981 1372 1313 1447 institutu3‚
1359 1371 1650 1432 visibilem
1687 1375 1874 1433 Deum
1922 1375 1984 1433 in
2020 1375 2250 1434 Christo
2278 1378 2431 1436 >‚Iesu

305 1467 632 1531 visibilibus
668 1468 897 1527 Graeciae
932 1466 1040 1525 diis
1069 1466 1389 1526 substituit.
1428 1468 1494 1525 60
1526 1468 1716 1528 Facile
1757 1481 1955 1529 autem
1991 1470 2103 1529 fuit
2141 1494 2173 1530 a
2200 1473 2431 1532 Christo

307 1566 380 1625 ad
418 1564 751 1623 institutam
782 1561 1099 1644 quamdam
1125 1561 1199 1621 ab
1234 1584 1301 1622 eo
1339 1563 1676 1624 societatem
1715 1585 1815 1624 seu
1846 1566 2157 1626 Ecclesiam
2182 1569 2430 1647 gradum

304 1664 529 1735 facere3
575 1671 636 1720 et
671 1679 799 1741 quae
838 1659 914 1718 de
950 1679 1252 1739 synagogas
1293 1658 1792 1734 institutionibus,
1834 1659 2073 1737 ritibus,
2109 1664 2428 1744 regimine,

306 1756 632 1818 hierarchia
658 1800 674 1830 ,
724 1754 1044 1814 sacerdotio
1091 1754 1405 1813 constituta
1452 1766 1654 1830 erant,
1702 1766 1832 1814 tum
1879 1760 2008 1838 quae
2055 1756 2128 1817 de
2168 1758 2428 1836 ejusdem

307 1851 622 1935 temporali
650 1850 830 1930 gloria
860 1871 924 1909 ac
963 1855 1273 1928 majestate
1293 1849 1525 1909 fuerant
1556 1850 1867 1931 praedicta,
1901 1863 2031 1911 tum
2064 1875 2194 1935 quae
2223 1855 2298 1913 de
2335 1876 2431 1914 re·

306 1947 680 2030 generatione
703 1945 1014 2027 temporali
1041 1955 1100 2005 et
1116 1945 1390 2005 felicitate
1418 1948 1681 2005 omnium
1705 1948 1968 2027 gentium
1992 1971 2166 2030 opera
2192 1952 2228 2009 J
2233 1950 2430 2011 udaeo-

306 2066 543 2105 rumex
579 2043 685 2101 Dei
726 2042 1052 2121 cognitione
1095 2053 1261 2101 erant
1301 2040 1651 2101 denunciata
1704 2042 1951 2104 Abrahae
1992 2056 2050 2103 et
2090 2045 2272 2104 Jacob
2300 2091 2317 2121 ,
2366 2047 2429 2105 in

307 2141 573 2200 fictitiam
593 2137 747 2196 hanc
772 2137 984 2197 Christi
1017 2137 1326 2196 Ecclesiam
1353 2137 1632 2197 translata
1660 2150 1820 2198 sunt.
1862 2140 1929 2198 70
1955 2140 2188 2199 Semina
2217 2141 2430 2202 exinde

306 2238 516 2296 suturae
546 2233 990 2310 dominationi8‚
1026 2234 1382 2292 auctoritatis
1405 2279 1421 2308 7
1455 2233 1638 2292 immo
1673 2245 1732 2294 et
1758 2233 2092 2295 ambitionis
2125 2257 2190 2295 ac
2215 2248 2432 2317 poten-

306 2335 399 2393 tiae
411 2337 565 2411 jacta
589 2342 761 2404 suntg
789 2330 1069 2410 temporis
1101 2340 1298 2388 autem
1331 2328 1498 2411 lapsu
1521 2329 1755 2390 evoluta
1774 2376 1789 2404 ‚
1818 2353 1888 2391 ex
1917 2332 2160 2411 mystica
2182 2342 2240 2390 et
2266 2332 2431 2412 spiri-

308 2428 453 2487 tuali
495 2426 872 2501 auctoritate,
898 2445 1026 2506 quae
1050 2425 1211 2506 prius
1245 2425 1470 2497 fuerat,
1509 2426 1574 2483 in
1598 2437 1896 2485 terrenam
1938 2438 1998 2485 et
2038 2426 2427 2507 temporalem

306 2525 523 2584 iterum
553 2520 789 2602 delapsa
816 2531 902 2579 est
930 2544 946 2593 ς
985 2521 1065 2578 ita
1093 2529 1159 2607 ut
1184 2520 1466 2598 ejusmodi
1505 2521 1785 2603 temporis
1820 2521 2126 2580 auctoritas
2153 2532 2213 2579 et
2240 2532 2433 2601 potes·

310 2631 395 2678 tas
423 2616 827 2700 provocaverit
847 2615 1212 2673 reactionem
1242 2615 1307 2672 in
1343 2635 1404 2672 se
1428 2615 1889 2695 protestantismi
1913 2661 1929 2690 7
1963 2627 2137 2697 prout
2173 2616 2293 2696 ipsa
2325 2618 2423 2676 Ec-

312 2715 480 2775 clesia
511 2710 823 2772 christiana
853 2710 914 2767 in
948 2727 1297 2791 synagogam
1321 2709 1548 2787 jamdiu
1577 2709 1972 2769 insurrexerat
2002 2711 2113 2791 (l).
2134 2712 2316 2791 'Erga

380 2881 446 2945 (1)
468 2880 538 2928 Ita
556 2874 860 2938 Strauss‚V·ie
876 2874 1321 2938 deJesus‚0uEoea-
1408 2879 1494 2936 sit,
1525 2885 1626 2924 uter
1657 2876 1856 2940 palmam
1903 2878 2030 2926 alteri
2068 2880 2322 2944 eripuerit.
2364 2883 2425 2928 si-

310 2979 420 3012 men
442 2962 645 3025 critique
670 2958 727 3007 de
749 2975 835 3007 son
867 2958 1091 3019 histoire,
1119 2960 1320 3007 traduct.
1410 2958 1599 3024 quidem
1636 2968 1744 3006 sunt
1783 2959 1922 3007 ambo
1966 2964 2170 3024 pessimi.
2207 2960 2426 3025 Quamvis

311 3046 370 3095 de
384 3043 642 3094 l’allemand
658 3060 740 3108 par
753 3040 807 3090 E.
828 3041 972 3090 Littre
993 3079 1005 3100 .,
1023 3041 1149 3090 Paris
1175 3039 1321 3107 1839,
1413 3057 1518 3089 vero
1540 3041 1696 3106 quoad
1722 3043 1788 3090 rei
1810 3060 2039 3091 summam
2057 3053 2102 3092 et
2125 3061 2318 3108 scopum
2339 3043 2427 3092 sibi

311 3139 410 3177 tom
434 3144 481 3184 1,
511 3135 630 3191 part.
668 3142 683 3171 ι
705 3160 718 3183 ,
753 3141 858 3190 pag.
897 3121 960 3172 35
991 3134 1034 3172 et
1077 3126 1196 3172 suiv.
1233 3123 1323 3171 105
1410 3125 1692 3189 propositum
1724 3125 1843 3171 inter
1876 3142 1922 3172 se
1959 3127 2272 3181 conveniant,
2314 3142 2427 3173 con-

311 3220 357 3260 et
385 3211 528 3271 suiv-3
557 3217 602 3256 et
634 3205 855 3255 Salvador
873 3241 888 3266 ,
940 3223 1018 3271 op.
1045 3208 1130 3258 cit.
1161 3203 1326 3253 Jesus-
1411 3208 1598 3254 trariam
1624 3215 1781 3254 tamen
1803 3208 1924 3253 viam
1946 3209 2154 3255 inierunt
2172 3209 2222 3254 in
2258 3209 2428 3271 princi-

315 3291 480 3340 Christ
527 3297 570 3337 et
610 3305 663 3335 sa
706 3287 920 3336 doctrine
947 3325 960 3348 ,
1002 3286 1127 3335 Paris
1176 3285 1321 3336 1838.
1411 3287 1501 3353 piis
1532 3288 1800 3337 statuendis.
1840 3287 2022 3336 Etenim
2060 3286 2282 3336 Salvador
2313 3292 2430 3338 veri-

309 3374 487 3439 Nempe
518 3370 679 3419 eodem
714 3381 918 3436 tempore
945 3370 1037 3418 duo
1062 3371 1321 3434 scriptoreS‚
1414 3380 1553 3418 tatem
1569 3371 2428 3436 historicamevaugeliorumvelutiba-

311 3457 423 3506 alter
462 3463 716 3521 protestans
741 3491 754 3513 ‚
797 3454 975 3519 judaeus
1018 3452 1160 3512 alter,
1201 3470 1325 3501 vaca·
1411 3454 1496 3501 sim
1513 3451 2187 3518 suaeinquisitionisassumpsit
2214 3453 2427 3516 3Strauss

309 3540 426 3588 bant
466 3537 702 3601 scriptioni
743 3537 843 3584 vitae
887 3533 1059 3584 Christi
1103 3533 1244 3595 Jesu,
1281 3544 1326 3582 et
1412 3542 1569 3584 autem
1609 3554 1708 3584 eam
1729 3538 1915 3602 rejecit,
1944 3538 2037 3584 imo
2073 3547 2270 3585 evertere
2294 3538 2423 3585 nisus

312 3624 542 3671 decertare
590 3620 709 3666 inter
746 3634 792 3666 se
847 3618 1158 3678 videbantur,
1222 3626 1324 3665 uter
1412 3628 1504 3678 est,
1544 3627 1595 3665 ut
1636 3618 1886 3683 mythicam
1929 3620 1969 3665 ei
1998 3618 2146 3667 basim
2178 3617 2423 3667 sufficeret.

311 3703 754 3766 alterumiznpietate
770 3701 1064 3765 superaretin
1078 3698 1323 3748 evertenda
1409 3698 1484 3748 Sic
1514 3701 1696 3765 utrique
1724 3702 2022 3751 inveniuntur
2047 3701 2149 3751 falsi
2181 3710 2314 3750 testes
2342 3699 2424 3749 ad-

311 3786 552 3835 christiana
584 3783 832 3848 religione3
876 3798 929 3830 eo
965 3798 1071 3830 vero
1113 3797 1324 3830 successu
1410 3799 1565 3832 versus
1589 3780 1766 3831 Jesum.

305 3886 375 3922 res
400 3867 564 3917 iisdem
598 3865 786 3926 accidit,
837 3875 885 3915 ut
915 3866 1143 3915 incertum
1175 3864 1328 3914 adhuc
