2514 4218
254 213 331 271 60

846 237 1044 277 TRACT.
1093 238 1161 274 DE
1206 237 1354 279 mols
1396 241 1774 283 THEOLOGICIS.

257 389 621 456 censeretur,
663 379 822 462 quod
850 391 1049 440 contra
1094 389 1409 461 utrumque
1432 385 1528 459 jus
1555 385 1735 446 fieret.
1767 389 1945 447 Porro
1967 435 1983 464 7
2005 400 2218 471 praeter
2255 390 2371 452 duo

255 473 353 532 illa
389 475 537 534 facta
570 498 643 536 ex
692 479 815 536 Act.
859 478 884 534 Ι
924 486 981 533 et
1018 469 1092 534 VI
1129 473 1296 533 nobis
1333 474 1587 554 objecta7
1622 482 1852 541 nullum
1890 484 2049 543 aliud
2086 488 2370 564 ejusmodi

257 572 507 631 occurrit
547 571 885 653 exemplum
927 569 1001 629 de
1041 580 1268 630 servata
1303 570 1401 630 illa
1443 571 1738 634 electionis
1780 577 1999 653 forma3
2045 582 2162 640 imo
2199 593 2265 640 ut
2301 603 2374 642 ex

259 665 446 726 allatis
483 665 926 750 probationibus
955 677 1182 724 constat
1206 711 1223 741 7
1262 679 1363 725 aut
1400 667 1518 726 sola
1559 668 1862 732 voluntate
1891 676 1997 733 Dei
2031 677 2373 738 immediate

261 783 533 845 expressa
552 808 568 838 7
594 773 694 821 aut
717 783 749 820 a
778 759 913 819 solis
937 761 1247 844 Apostolis7
1274 774 1375 822 aut
1398 763 1516 823 sola
1543 763 1794 847 denique
1818 768 2121 829 voluntate
2143 793 2370 849 eorum7

256 859 357 939 qui
390 858 464 918 ab
492 856 781 939 Apostolis
811 858 1064 940 praefecti
1093 857 1352 918 Ecclesiis
1389 872 1588 935 erant7
1620 866 1789 938 juxta
1831 861 1983 943 leges
2011 864 2122 924 sibi
2151 870 2375 927 consti-

254 964 409 1012 tutas
441 954 584 1012 facta
612 953 892 1031 ejusmodi
918 953 1122 1014 electio
1147 965 1253 1013 est.
1296 957 1495 1014 Restat
1530 956 1736 1036 igitur,
1759 968 1825 1015 ut
1849 958 2138 1037 dicamus7
2171 963 2233 1019 in
2259 962 2375 1022 du—

251 1047 389 1130 plici
430 1048 530 1107 illo
567 1070 701 1108 casu
739 1051 820 1109 ita
865 1043 925 1110 se
964 1051 1207 1130 gessisse
1247 1050 1551 1133 Apostolos
1586 1074 1656 1111 ex
1699 1053 1979 1135 peculiari
2013 1057 2269 1139 quadam
2309 1081 2374 1119 ac

250 1142 529 1225 prudenti
574 1146 899 1205 oeconomia
926 1191 941 1220 7
1001 1147 1144 1228 quin
1186 1145 1479 1208 voluerint
1524 1170 1794 1208 normam
1852 1172 1954 1210 seu
2024 1151 2214 1232 legem
2257 1155 2373 1213 im-

252 1239 598 1301 mutabilem
641 1243 994 1306 constituere
1018 1288 1034 1318 7
1069 1241 1256 1302 multo
1304 1265 1444 1305 vero
1481 1245 1674 1304 minus
1711 1246 1773 1304 id
1801 1246 1998 1307 fecisse
2034 1252 2375 1311 necessitate

254 1336 618 1418 compulsos7
661 1360 730 1398 eo
767 1339 923 1420 quod
963 1339 1043 1397 ita
1078 1351 1415 1421 exposceret
1466 1340 1732 1400 naturale
1786 1353 1887 1400 aut
1936 1343 2207 1404 divinum
2237 1350 2372 1424 jus.·,

254 1430 509 1516 alioquin
535 1435 646 1518 ipsi
672 1457 732 1496 se
756 1436 903 1514 juris
934 1435 1195 1515 ejusdem
1224 1436 1530 1498 violatores
1557 1439 1993 1499 constituissent
2029 1440 2135 1521 (l).

323 1682 386 1748 (1)
424 1681 538 1749 Quae
593 1695 645 1733 ut
694 1685 861 1735 melius
904 1684 1220 1751 intelligantur
1252 1724 1266 1747 7

249 1766 561 1814 revocandum
622 1769 672 1815 in
715 1778 919 1816 mentem
966 1777 1036 1816 est
1074 1778 1272 1833 systema

252 1846 610 1896 Protestantium
650 1851 770 1898 circa
810 1849 1126 1898 Sacerdotium
1157 1887 1172 1913 7
1216 1868 1271 1898 ex

254 1947 348 1995 quo
377 1931 547 1995 pendet
584 1932 862 1982 hierarchia.
909 1931 1029 1981 Cum
1060 1931 1272 1981 Christus

249 2016 379 2080 juxta
402 2017 524 2080 ipsos
549 2014 748 2065 noluerit
786 2017 1016 2082 peculiare
1045 2016 1269 2066 Sacerdo-

253 2098 371 2144 tium
408 2103 654 2146 externum
685 2106 733 2147 et
767 2097 945 2148 visibile
983 2101 1223 2148 instituere
1253 2138 1267 2161 7

254 2179 332 2228 sed
351 2180 510 2230 fideles
535 2199 696 2231 omnes
723 2183 914 2232 voluerit
939 2183 1154 2248 praeditos
1199 2201 1270 2232 sa-

254 2262 456 2311 cerdotio
491 2262 536 2312 vi
573 2264 793 2330 baptismi
820 2301 834 2327 7
879 2266 933 2313 fit
968 2276 1019 2313 ut
1053 2266 1272 2315 omnibus

254 2357 483 2411 competat
520 2347 593 2413 jus
618 2357 664 2397 et
698 2359 897 2413 potestas
926 2351 1270 2406 concionandi,

255 2430 573 2488 consecrandi,
587 2429 944 2478 administrandi
957 2430 1270 2488 Sacramenta,

254 2519 498 2576 ceteraque
528 2514 689 2559 munia
718 2512 1015 2560 sacerdotalia
1043 2513 1266 2561 obeundi.

255 2592 472 2642 Attamen
503 2611 641 2642 nemo
660 2595 930 2658 singillatim
953 2593 1026 2658 jus
1051 2595 1171 2643 istud
1187 2613 1274 2659 po-

256 2686 341 2725 test
366 2679 416 2724 in
448 2679 628 2742 praxim
660 2676 889 2725 deducere
929 2681 1019 2725 nisi
1051 2694 1109 2725 ex
1150 2676 1276 2727 deless·

256 2762 438 2825 gatione
466 2761 815 2808 communitatis
834 2797 848 2819 7
887 2777 988 2825 quae
1020 2761 1195 2824 accepit
1224 2761 1276 2807 in

257 2841 458 2889 solidum
494 2841 618 2889 banc
650 2850 946 2906 potestatem3
992 2857 1051 2889 ex
1081 2857 1175 2906 quo
1201 2858 1274 2888 se-

259 2923 445 2988 quitur,
465 2924 737 2989 suffragium
767 2924 927 2989 populi
958 2923 1015 2971 ad
1040 2923 1274 2987 eligendos

260 3008 492 3054 ministros
531 3024 625 3055 esse
667 3009 975 3055 necessarium
1008 3008 1279 3054 necessitate

260 3090 506 3137 intrinseca
536 3100 580 3137 et
608 3089 869 3146 essentiali,
900 3091 962 3137 ita
1001 3099 1051 3136 ut
1079 3089 1207 3136 nulla
1235 3100 1279 3137 et

260 3169 466 3219 invalida
526 3174 583 3218 sit
627 3173 787 3221 electio
850 3172 1023 3237 absque
1060 3171 1277 3237 suffragio

263 3257 606 3303 communitatis
626 3293 639 3316 7
661 3267 740 3304 aut
760 3260 860 3322 ejus
885 3257 1047 3306 saltem
1076 3258 1158 3321 qui
1174 3271 1277 3304 eam

262 3347 578 3402 repraesentat3
594 3339 779 3387 nullum
803 3340 940 3406 plane
956 3349 1004 3387 et
1019 3338 1278 3387 invalidum

263 3437 446 3485 prorsus
483 3422 540 3468 sit
573 3420 747 3486 absque
792 3421 1019 3487 ejusmodi
1057 3421 1280 3470 electione

266 3503 598 3553 ministerium.
638 3504 693 3551 In
735 3506 941 3568 ipsorum
971 3507 1098 3554 enim
1128 3505 1280 3570 hypo-

268 3587 385 3636 thesi
426 3595 626 3654 systema
663 3587 1024 3637 ecclesiasticum
1070 3597 1137 3636 est
1180 3605 1281 3635 om-

274 3672 387 3718 nino
427 3671 789 3719 democraticum
813 3706 826 3729 7
866 3680 919 3717 ut
959 3674 1010 3718 in
1045 3669 1279 3735 republica

269 3769 339 3799 ex.
396 3768 465 3816 gr.
512 3751 779 3801 Atheniensi
827 3752 1069 3817 quondam
1119 3752 1279 3816 viguit.

1352 1685 1643 1752 Quapropter
1699 1688 1855 1736 omnia
1902 1700 2163 1755 congerunt
2218 1690 2376 1740 Prote·

1355 1781 1526 1819 stantes
1555 1787 1614 1819 ex
1648 1774 1788 1819 sacris
1815 1772 1994 1820 Litteris
2025 1783 2163 1839 atque
2189 1790 2242 1821 ex
2275 1774 2375 1821 his·

1354 1856 1470 1902 toria
1503 1854 1801 1903 ecclesiastiea
1832 1855 2110 1903 documenta
2151 1892 2165 1915 7
2208 1855 2378 1921 quibus

1353 1938 1475 1985 hanc
1491 1938 1712 1986 suadeant
1728 1940 2040 1986 necessitatem
2056 1938 2341 1987 essentialem
2360 1957 2374 2001 ;

1355 2024 1462 2087 quia
1480 2057 1494 2081 ,
1532 2023 1621 2068 nisi
1649 2038 1753 2069 eam
1783 2021 2021 2069 adstruant
2041 2059 2053 2080 7
2089 2017 2206 2069 nihil
2235 2020 2377 2085 profi-

1354 2105 1486 2152 ciunt
1502 2140 1514 2163 7
1546 2111 1592 2151 et
1630 2113 1779 2151 totum
1803 2106 1975 2152 corruit
2000 2106 2205 2167 ipsorum
2231 2103 2378 2151 aedifi-

1355 2188 1501 2234 cium.
1543 2185 1664 2234 Cum
1701 2203 1812 2234 vero
1853 2186 2138 2250 impossibile
2177 2186 2226 2233 id
2261 2186 2372 2249 ipsis

1356 2268 1481 2316 factu
1521 2267 1614 2329 sit,
1640 2271 1866 2333 quoniam
1898 2287 1951 2316 ex
1981 2268 2226 2331 Scripturis
2246 2276 2290 2314 et
2315 2281 2374 2314 ex

1356 2349 1547 2397 historia
1574 2344 1879 2397 ecclesiastica
1899 2351 2145 2397 innumera
2166 2347 2380 2413 exempla

1358 2441 1610 2496 suppetunt
1638 2431 1919 2479 electionum
1935 2433 2028 2479 sive
2043 2430 2376 2494 Episcoporum

1358 2515 1453 2562 sive
1493 2513 1866 2578 Presbyterorum
1901 2510 2001 2560 sive‘
2033 2512 2373 2570 Diaconorum7

1358 2611 1462 2660 quae
1494 2595 1623 2642 factae
1664 2605 1773 2642 sunt
1796 2592 1974 2658 absque
2001 2592 2096 2640 ullo
2129 2593 2274 2657 plebis
2298 2603 2380 2642 aut

1359 2678 1711 2723 communitatis
1747 2674 1965 2739 suffragio
2001 2685 2045 2723 et
2077 2678 2340 2725 interventu
2362 2714 2375 2736 7

1358 2760 1453 2804 imo
1485 2759 1535 2804 in
1570 2756 1742 2822 quibus
1769 2757 1869 2804 haec
1901 2757 2083 2805 exclusa
2114 2768 2252 2815 sunt,
2287 2759 2378 2807 hoc

1359 2841 1458 2904 ipso
1478 2848 1632 2903 patet,
1680 2848 1824 2886 totum
1850 2841 1989 2887 everti
2022 2841 2251 2906 ejusmodi
2280 2857 2378 2906 sys-

1360 2930 1502 2969 tema.
1520 2920 1733 2968 Ceterum
1750 2921 1903 2985 quoad
1918 2921 2189 2970 electionem
2198 2919 2248 2971 S.
2261 2922 2379 2970 Mat-

1361 3005 1464 3052 thiae
1481 3005 1569 3053 cfr.
1592 3003 1771 3052 Calmet
1794 3006 1844 3051 in
1861 3004 2042 3054 dissert.
2066 3003 2136 3053 De
2154 3004 2380 3053 electione

1352 3106 1445 3156 per
1481 3095 1659 3147 sortes,
1696 3097 1738 3135 et
1780 3090 1830 3135 in
1870 3087 2132 3137 Commeat.
2172 3089 2227 3135 in
2258 3086 2376 3136 Act.

1361 3188 1464 3236 cap.
1503 3187 1520 3218 1
1540 3207 1553 3229 ,
1581 3189 1630 3222 v.
1658 3166 1738 3217 26.
1764 3169 1895 3219 Circa
1913 3170 2188 3219 electionem
2221 3179 2378 3218 autem

1362 3253 1691 3311 Diaconorum7
1719 3254 1770 3300 in
1806 3270 1899 3318 qua
1927 3255 2074 3318 major
2103 3258 2253 3316 potest
2284 3269 2380 3300 esse

1363 3331 1612 3384 difficultas
1647 3373 1659 3395 7
1693 3352 1788 3382 non
1822 3335 1989 3383 desunt
2026 3337 2223 3382 rationes
2246 3371 2259 3394 7
2295 3351 2378 3382 cur

1364 3421 1569 3487 Apostoli
1613 3421 1674 3467 ita
1721 3435 1770 3467 se
1807 3421 2044 3482 gesserint.
2102 3419 2214 3467 Ideo
2251 3417 2380 3466 enim

1365 3505 1709 3569 exquisiverunt
1735 3501 2329 3565 suffragiummultitudinis
2351 3536 2364 3558 7

1364 3595 1417 3633 ut
1441 3585 1586 3633 ferret
1607 3586 1926 3633 testimonium
1950 3585 2007 3632 de
2038 3588 2245 3648 ipsorum
2268 3598 2378 3646 pro-

1362 3668 1506 3716 bitate
1538 3677 1580 3715 et
1618 3666 1854 3728 moribus,
1900 3684 1958 3715 ne
1990 3669 2039 3714 in
2075 3667 2384 3731 suspicionem

1365 3759 1517 3814 postea
1559 3752 1645 3815 ipsi
1690 3753 1896 3797 venirent
1922 3785 1936 3809 7
1982 3749 2234 3814 praesertim
2277 3762 2387 3794 cum
