2514 4218
241 212 365 271 212

858 224 1056 264 TRACT.
1104 222 1174 259 DE
1208 222 1370 260 .1.ocls
1414 223 1791 263 rnnonoalcts.

246 378 331 435 ita
363 384 437 434 ut
471 393 587 454 quo
618 376 848 454 pejores
883 378 1023 429 sunt
1052 363 1354 438 catholici,
1394 365 1576 443 magis
1600 367 1675 426 ad
1704 380 1885 429 sectas
1913 369 2031 428 sint
2062 370 2376 450 propensi3

247 491 364 553 quo
392 480 592 528 autem
618 466 982 527 honestiores
1022 472 1162 520 sunt
1191 460 1452 537 sectarii,
1493 461 1674 540 magis
1693 463 1781 524 ad
1811 464 2271 524 catliolicismum
2292 464 2381 523 in.

246 565 543 625 clinentur
574 563 682 642 (1).
717 558 1086 639 Experientia
1111 556 1311 631 docet.
1343 567 1528 615 sectas
1564 577 1687 615 esse
1711 557 1895 618 veluti
1917 560 2169 620 cloacam
2192 561 2382 619 maxi-

249 683 410 721 mam
453 654 868 740 catholicismi,
922 654 988 713 in
1032 675 1208 736 quam
1256 652 1495 736 pessimi
1541 652 1762 735 quique
1817 653 2059 715 demum
2096 668 2382 739 tanquam

249 759 412 818 saeces
460 750 816 813 delabuntur
858 749 965 829 (2)

334 850 472 911 321.
518 845 608 906 Ad
646 846 760 921 2¹¹¹,
801 846 957 926 Ney.
997 850 1374 927 suppositum
1397 890 1412 920 a
1441 844 1515 905 de
1539 843 1824 924 ejusmodi
1847 845 2256 923 justificatione
2283 869 2386 930 per

251 946 437 1007 solam
467 942 648 1002 fidem
674 940 999 1001 obtinenda
1022 987 1038 1017 7
1076 953 1141 1000 ut
1176 963 1281 1000 suo
1315 941 1441 1001 loco
1476 941 1859 1001 ostendimus,
1893 944 2196 1018 Praeterea,
2222 953 2287 1002 ut
2313 964 2388 1002 ex

251 1040 428 1102 modo
458 1040 626 1102 dictis
662 1049 926 1113 constat,
959 1036 1317 1120 impossibile
1355 1049 1443 1098 est
1474 1037 1719 1120 quodvis
1757 1036 1984 1097 bonum
2021 1060 2166 1122 opus
2191 1039 2255 1097 in
2278 1037 2393 1097 -ad-

249 1138 645 1199 versariorum
696 1134 998 1210 doctrina,
1049 1145 1115 1192 ut
1157 1133 1379 1192 fructus
1416 1134 1885 1212 justificationis,
1947 1155 2081 1194 cum
2116 1157 2223 1217 per
2259 1156 2390 1194 eam

248 1234 585 1294 destruatur
621 1231 814 1290 omnis
853 1251 1006 1291 verae
1040 1228 1326 1289 libertatis
1363 1229 1526 1288 notio
1559 1229 1672 1309 (3).
1710 1229 1880 1303 Quod.
1907 1231 1954 1290 si
1992 1230 2146 1291 hanc
2172 1229 2390 1290 admit-

250 1341 416 1406 tant,
457 1351 581 1387 non
617 1326 871 1386 habetur
904 1326 1017 1383 nisi
1047 1346 1193 1406 opus
1240 1324 1542 1384 moraliter
1573 1324 1911 1385 honestum.

332 1426 474 1485 322.
526 1422 616 1483 Ad
663 1422 780 1496 3¹1²7
834 1424 995 1481 Disc.
1035 1420 1296 1480 Ecclesia}
1334 1420 1449 1480 illae
1494 1419 1690 1501 plures
1715 1422 1955 1480 Sanctos
1981 1433 2287 1483 recensent
2314 1444 2394 1483 *ex

251 1523 353 1599 iis,
392 1521 493 1603 qui
523 1518 854 1579 floruerunt
896 1527 1034 1576 ante
1075 1517 1339 1599 ipsarum
1372 1515 1622 1574 schisma
1662 1516 1738 1576 ab
1784 1516 2030 1576 Ecclesia
2071 1517 2350 1577 catholica
2376 1562 2393 1594 ‚

260 1638 422 1678 conc.
443 1640 462 1684 ;
492 1626 623 1697 post
649 1613 897 1672 schisma
916 1658 933 1689 ‚
979 1634 1106 1692 noy.
1148 1614 1299 1671 Sane
1325 1611 1575 1671 Ecclesia
1599 1633 1779 1692 graeca
1804 1612 1959 1672 inter
1995 1616 2234 1674 Sanctos
2263 1636 2396 1673 suos

261 1721 538 1773 numerat
564 1731 661 1770 eos
689 1730 894 1768 omnes
916 1753 931 1783 ,
957 1708 1057 1790 qui
1081 1706 1411 1766 floruerunt
1435 1708 1493 1767 in
1523 1707 1769 1768 Ecclesia
1797 1708 2101 1784 catholiea,
2127 1731 2191 1769 ac
2214 1732 2400 1792 prop-

258 1821 419 1869 terea
440 1809 606 1865 Rom.
630 1804 895 1863 Pontifici
918 1803 1160 1882 subjecti
1190 1814 1360 1863 erant
1375 1803 1436 1861 in
1456 1808 1695 1885 ejusque
1718 1805 2151 1865 communione.
2183 1806 2402 1864 Eadem

260 1906 489 1975 ratione
521 1924 581 1962 se
608 1905 756 1982 gerit
783 1901 1031 1961 Ecclesia
1054 1902 1291 1975 russica‚
1319 1920 1447 1983 quae
1470 1901 1606 1960 coli-t
1627 1903 1724 1960 SS.
1746 1901 2113 1961 Methodium
2140 1914 2200 1961 et
2223 1901 2403 1982 Cyrit-

260 2000 388 2060 lum
435 1997 742 2082 Apostolos
781 2019 915 2057 suos
943 2042 960 2072 ,
1013 1997 1270 2079 aliosque
1304 1996 1623 2075 ejusmodi,
1670 1997 1771 2079 qui
1817 1997 2196 2058 adhaeserunt
2225 1999 2397 2058 Rom.

338 2251 402 2317 (1)
442 2249 542 2300 cfr.
578 2251 684 2299 duae
721 2251 926 2316 epistolae
962 2268 1075 2317 quas
1115 2249 1207 2298 hoc
1237 2248 1294 2297 de

265 2342 537 2399 argumento
569 2334 749 2396 scripsit
784 2333 859 2382 Cl.
897 2332 967 2380 De
1003 2331 1191 2381 Maistre
1234 2331 1294 2379 ad

267 2415 522 2483 quamdam
552 2425 809 2462 matronam
846 2423 1179 2479 protestantem
1212 2431 1291 2462 an.

1378 2248 1534 2298 mulus
1561 2266 1638 2298 eos
1667 2257 1888 2314 perpetuo
1906 2250 2132 2314 exagitat3
2157 2265 2244 2297 nec
2262 2247 2402 2313 pauci

1378 2341 1510 2392 sunt,
1542 2334 1623 2398 qui
1644 2331 1729 2380 sub
1758 2334 1861 2380 vitae
1886 2333 2059 2380 exitum
2090 2330 2242 2397 palam
2268 2330 2315 2379 id
2329 2331 2403 2379 fa-

1379 2425 1535 2463 tentur
1563 2453 1576 2476 ‚
1598 2432 1653 2464 ac
1685 2416 1840 2464 denuo
1875 2431 1922 2463 se
1953 2416 2254 2464 reconciliant
2295 2431 2404 2462 cnm

272 2495 401 2565 1809
426 2532 440 2556 ‚
464 2513 566 2563 quae
581 2499 707 2562 prius
727 2497 914 2545 ineditae
932 2531 948 2558 ,
974 2498 1099 2564 typis
1125 2497 1293 2545 deinde

268 2579 460 2644 vulgatae
481 2588 591 2626 sunt
622 2580 673 2626 in
705 2576 976 2627 Memorial
997 2577 1293 2642 catholiquffi

267 2661 384 2711 Juin
416 2657 547 2722 1834
568 2697 581 2721 ,
616 2670 754 2725 atque
785 2658 856 2707 hae
889 2660 1079 2725 quidem
1113 2661 1296 2724 prolixo

267 2744 519 2792 illustrium
548 2743 754 2791 virorum
782 2742 1015 2806 catalogo,
1040 2744 1120 2806 qui
1147 2759 1202 2789 ex
1223 2742 1297 2790 di·

268 2827 410 2875 versis
439 2826 572 2873 sectis
591 2824 650 2873 ad
670 2823 925 2872 Ecclesiam
948 2822 1227 2871 catholicam
1251 2841 1298 2872 se

274 2917 576 2972 receperunt,
628 2906 896 2956 confirmari
936 2916 1148 2971 possunt.
1189 2905 1298 2955 Vid.

274 2987 633 3042 Demonstratio
657 2988 893 3038 catholica
910 3005 968 3037 ex
998 2988 1164 3038 celebr.
1182 3006 1298 3038 con-

275 3074 483 3121 version.
520 3076 653 3140 cujus
685 3071 902 3121 articulos
942 3088 1003 3120 ex
1034 3073 1303 3121 Revisione

275 3153 512 3203 catholica
539 3155 763 3204 exhibent
808 3154 1128 3220 ephemerides
1169 3154 1304 3204 Voce

274 3234 401 3284 della
443 3238 627 3294 verim,
666 3237 866 3287 Modena
900 3253 927 3302 7
963 3235 1061 3285 Jul.
1095 3254 1146 3285 n.
1176 3237 1302 3305 1395

277 3329 323 3368 et
354 3336 488 3386 seqq.

344 3402 416 3467 (2)
456 3401 519 3450 Ut
563 3401 820 3466 plurimum
864 3412 1079 3470 apostatas
1124 3407 1303 3464 nostri,

275 3484 404 3552 quod
431 3483 602 3549 saepius'
624 3488 893 3534 notavimus
914 3523 926 3547 ‚
958 3503 1054 3535 non
1073 3496 1182 3534 sunt
1214 3489 1305 3535 nisi

273 3566 537 3616 sacerdotes
573 3583 627 3614 ac
654 3566 853 3631 religiosi
884 3570 1068 3634 pessimi
1093 3605 1107 3629 ‚
1127 3570 1207 3635 qui
1224 3585 1308 3617 cae-

271 3648 444 3698 libatus
503 3651 621 3697 sacri
668 3652 848 3714 pertaesi
902 3668 1096 3700 uxorem
1139 3651 1307 3701 ducere

279 3732 479 3784 malunt.
529 3730 646 3782 Acer
685 3742 843 3783 tamen
892 3735 1184 3786 conscientiae
1232 3739 1306 3784 sti·

1378 2498 1612 2559 Ecclesia,
1659 2513 1804 2565 quam
1837 2500 2030 2562 turpiter
2061 2497 2400 2554 deseruerunt,

1380 2589 1431 2627 ut
1454 2581 1650 2644 propriis
1682 2579 2013 2643 cupiditatibus
2051 2595 2228 2626 morem
2273 2595 2402 2641 gere-

1379 2671 1501 2710 rent.
1521 2661 1835 2709 Novissimum
1866 2658 2006 2725 hujus
2031 2662 2097 2709 rei
2130 2659 2398 2725 exemplum

1380 2742 1453 2790 his
1475 2741 1643 2790 diebus
1660 2742 1856 2808 praebuit
1872 2742 2104 2791 Barnabas
2118 2742 2398 2807 Rodriguez,

1378 2825 1593 2873 sacerdos
1619 2826 1873 2890 hispanus,
1903 2828 1984 2892 qui
2016 2828 2067 2873 in
2108 2824 2330 2890 Angliam
2357 2844 2407 2874 se

1383 2919 1618 2974 receperat
1640 2925 1653 2973 3
1689 2909 1852 2958 morbo
1879 2910 2109 2975 siquidem
2141 2908 2335 2957 afflictus
2360 2918 2404 2956 et

1386 2990 1470 3039 Dei
1486 2994 1629 3056 gratia
1645 2999 1929 3057 proeventus‚
1943 2991 2224 3057 palinodiam
2239 3007 2406 3055 magno

1387 3073 1556 3122 doloris
1573 3092 1710 3123 sensu
1738 3077 1929 3122 cecinit.
1950 3073 2050 3121 Cfr.
2068 3071 2263 3121 Annali
2284 3072 2406 3121 delle

1388 3159 1580 3205 scienze
1597 3155 1815 3222 religiose
1837 3192 1850 3215 ‚
1881 3155 1976 3204 vol.
2009 3172 2053 3202 ιι
2078 3192 2091 3215 ,
2123 3174 2257 3204 num.
2285 3157 2372 3205 32.

1464 3239 1533 3304 (3)
1570 3240 1669 3287 Hac
1710 3239 1767 3286 de
1809 3255 1946 3286 causa
1985 3238 2162 3303 Pusey,
2185 3241 2238 3286 in
2272 3241 2407 3304 epist.

1390 3326 1471 3374 cit.
1491 3334 1675 3373 accusat
1695 3323 1947 3371 Ecclesiam
1978 3341 2219 3372 romanam
2240 3361 2254 3385 ,
2285 3323 2411 3390 quod

1389 3408 1548 3457 tendat
1575 3406 1635 3455 ad
1664 3404 2072 3472 pelaqianismu‘m
2090 3444 2103 3468 ‚
2136 3409 2245 3473 quia
2271 3390 2413 3472 agno-

1389 3493 1475 3538 scit
1491 3506 1627 3554 opera
1645 3525 1658 3549 ‚
1684 3503 1787 3554 quae
1815 3505 1901 3553 ope
1933 3491 2082 3554 gratiae
2109 3489 2256 3552 fiunt,
2274 3491 2414 3538 etiam

1391 3581 1443 3620 ut
1475 3579 1636 3619 nostra
1656 3608 1670 3631 ‚
1701 3588 1782 3619 seu
1806 3580 1858 3619 ut
1884 3573 1980 3637 ipse
2011 3571 2216 3638 loquitur
2234 3607 2250 3635 ‚
2277 3587 2413 3635 opera

1383 3654 1588 3720 propria
1602 3663 1822 3720 tanquam
1832 3653 2279 3720 propria.Attamen
2290 3651 2387 3700 Con
2397 3679 2414 3687 —

1392 3736 1550 3786 cilium
1568 3736 1892 3787 Tridentinum
1924 3745 2053 3788 vocat
2070 3752 2124 3785 ea
2141 3735 2266 3783 dona
2295 3733 2413 3782 Dei.
