2514 4218
347 264 507 306 mar.
557 270 595 305 1.
647 269 770 306 cn».
811 267 853 303 1.
902 266 971 304 nn
1013 267 1228 305 cnms‘n
1270 266 1418 306 neci..
1453 267 1725 305 ins-nrm.
1773 268 1837 306 nr
1878 267 2024 307 ome.
2193 249 2230 307 7
2318 300 2321 302 ,

148 408 369 488 ligionis
405 408 633 470 motivis
656 451 672 481 ,
727 428 854 488 quae
899 418 1109 468 vocant
1169 406 1565 465 credibilitatis
1585 451 1602 480 ‚
1655 425 1895 488 quaeque
1955 430 2058 467 suo
2108 406 2232 467 loco

147 501 465 564 evolvimus
500 502 1076 583 et‘propugnavimus
1105 501 1213 580 (l).
1250 503 1399 559 Nam
1430 501 1475 559 si
1500 500 1622 560 haec
1658 501 1874 561 motiva
1904 501 2037 560 talia
2067 514 2230 579 sunt,

147 594 639 677 quemadmodum
667 595 803 654 alias
843 594 1198 654 ostendimus
1218 639 1233 666 a
1270 606 1336 652 ut
1371 594 1626 655 divinam
1657 616 1889 677 prorsus
1916 616 2038 655 esse
2064 607 2233 677 pate-

145 692 356 750 faciant
394 690 729 770 religionem
765 712 798 749 a
831 690 1058 749 Christo
1088 688 1416 747 institutam
1441 732 1458 762 ‚
1494 689 1664 748 simul
1686 689 2037 769 patefaciunt
2060 691 2235 748 insti-

145 785 430 844 tutionem
467 797 527 843 et
564 786 841 864 originem
879 780 1176 845 Ecclesiaeq
1217 803 1346 861 quae
1378 782 1765 843 identificatur
1795 805 1928 844 cum
1965 784 2236 864 religione

146 880 288 959 ipsa.
332 878 613 959 Equidem
654 877 812 937 haud
845 877 1211 954 ignoramus,
1246 897 1310 934 re
1351 879 1416 933 in
1441 878 1732 937 abstracto
1757 888 2009 959 spectata
2030 922 2046 951 .,
2078 877 2237 937 aliud

147 973 500 1052 Religionem
542 995 699 1045 esse,
749 969 905 1029 aliud
953 967 1294 1043 Ecclesiam,
1340 991 1522 1050 quum
1560 970 1657 1029 illa
1695 973 1959 1053 respiciat
2004 984 2235 1031 tantum

147 1067 365 1126 cultum
382 1112 397 1140 ‚
430 1079 531 1126 aut
561 1068 754 1138 etiam,
779 1065 826 1122 si
854 1062 1014 1121 lubet
1035 1108 1050 1130 ,
1083 1062 1272 1121 latiori
1299 1063 1548 1144 quodam
1571 1086 1744 1123 sensu
1772 1068 2063 1143 veritateS,
2093 1089 2234 1149 quas

151 1161 367 1242 Religio
409 1161 709 1243 proponit,
754 1157 878 1217 haec
914 1167 1108 1216 autem
1140 1167 1373 1216 tantum
1408 1159 1740 1218 societatem
1775 1159 2089 1221 colentium
2137 1172 2239 1220 aut

153 1258 548 1337 profitentium
571 1251 882 1325 veritates,
908 1273 1049 1332 quas
1085 1251 1301 1331 Religio
1328 1253 1763 1334 complectitur3
1792 1274 1994 1314 verum
2011 1266 2069 1313 et
2095 1254 2239 1314 illud

153 1371 380 1431 quoque
416 1349 682 1408 novimus
704 1392 719 1421 ,
752 1351 818 1405 in
853 1357 1113 1405 concreto
1134 1368 1260 1405 rem
1283 1347 1347 1404 in
1373 1345 1534 1406 idem
1553 1347 1823 1407 recidere.
1856 1350 2056 1429 Neque
2085 1350 2241 1407 enim

153 1465 408 1526 unquam
425 1442 641 1522 Religio
661 1442 972 1501 consistere
986 1452 1180 1522 potest
1198 1440 1495 1523 absqueiis
1512 1487 1527 1516 ,
1555 1444 1656 1524 qui
1682 1464 1810 1501 eam
1836 1444 2232 1524 profiteantur.

150 1540 293 1598 Cum
330 1538 524 1619 itaque
566 1537 783 1597 motiva
819 1535 1215 1596 credibilitatis
1252 1536 1526 1618 evincant
1567 1537 1825 1597 divinam
1864 1538 2141 1617 originem
2183 1551 2243 1598 et

147 1632 568 1691 institutionem
592 1631 899 1711 Religionis
918 1630 1243 1690 christianae
1267 1631 1328 1688 in
1353 1642 1619 1691 concreto
1640 1677 1656 1706 7
1691 1632 1800 1691 hoc
1822 1633 1947 1714 ipso
1964 1635 2241 1697 evincunt

150 1727 408 1787 divinam
438 1728 718 1808 originem
753 1738 812 1785 et
837 1725 1263 1785 institutionem
1302 1725 1559 1786 Ecclesiae
1584 1726 1933 1787 christianae.
1975 1728 2109 1788 Haec
2136 1749 2243 1785 au·-

154 1833 275 1881 tem
308 1826 586 1899 majorem
620 1821 811 1879 adhuc
844 1820 1181 1879 firmitatem
1212 1841 1277 1879 ac
1308 1819 1487 1879 robur
1519 1822 1806 1903 accipiunt
1826 1867 1841 1896 ,
1880 1844 1950 1883 ex
1989 1845 2056 1882 eo
2089 1822 2243 1905 quod

150 1916 423 1999 pleraque
448 1915 843 1976 credibilitatis
877 1915 1096 1974 motiva
1127 1914 1381 1973 afficiant
1410 1916 1743 1976 societatem
1783 1919 1970 1996 ipsam
2008 1939 2110 1978 seu
2139 1919 2245 1976 Ec-

149 2010 379 2070 clesiam
423 2034 455 2070 a
505 2011 733 2071 Christo
775 2009 1112 2085 fundatam3
1163 2009 1450 2087 ejusmodi
1481 2023 1658 2086 sunt,
1691 2033 1819 2092 quae
1855 2023 2138 2093 petuntur
2173 2033 2244 2071 ex

154 2107 564 2189 propagatione
590 2106 914 2165 christianae
936 2105 1242 2184 Religionis
1262 2150 1277 2180 ,
1314 2127 1384 2164 ex
1421 2117 1740 2185 martyrum
1774 2106 2143 2179 fortitudine7
2175 2127 2244 2165 ex

153 2201 412 2261 Ecclesiae
455 2202 593 2261 item
627 2212 904 2283 perpetua
946 2200 1381 2262 conservatione
1402 2245 1418 2275 .‚
1457 2220 1583 2281 quae
1616 2200 1832 2282 duplex
1863 2222 2091 2283 semper
2126 2221 2246 2282 prae

156 2314 216 2352 se
247 2295 440 2353 ferunt
466 2317 570 2376 pro
599 2295 795 2356 divina
826 2294 1149 2354 christianae
1177 2294 1438 2354 Ecclesiae
1480 2296 1697 2374 origine
1743 2294 2112 2355 ineluctabile
2149 2316 2247 2354 ar-

155 2400 493 2467 gumentum
533 2411 546 2445 :
590 2388 835 2447 alterum
863 2388 1098 2468 quidem
1138 2410 1208 2448 ex
1236 2390 1362 2468 ipsa
1392 2390 1475 2446 rei
1501 2400 1711 2447 natura
1742 2390 1804 2447 in
1830 2389 2098 2447 omnibus
2133 2390 2247 2448 suis

156 2482 437 2560 adjunctis
466 2493 720 2563 spectata
743 2527 759 2556 .,
791 2481 1040 2541 alterum
1069 2502 1206 2542 vero
1229 2502 1300 2541 ex
1321 2481 1650 2563 adimpletis
1675 2482 1862 2542 divini
1890 2484 2066 2564 ipsius
2093 2484 2247 2541 Con-

157 2578 358 2637 ditoris
386 2579 699 2651 vaticiniiS.,
743 2576 953 2659 quibus
983 2598 1049 2634 ea
1082 2577 1507 2656 praenunciavit
1543 2576 1736 2635 futura
1770 2598 1835 2636 ac
1870 2588 2025 2636 certo
2059 2576 2248 2635 adim-

157 2673 386 2755 plenda.
410 2675 516 2732 Tot
532 2673 704 2752 igitur
720 2681 1041 2753 suppetunt
1067 2682 1406 2750 argumenta
1429 2691 1536 2752 pro
1559 2671 1777 2750 origine
1801 2682 1860 2731 et
1889 2671 2251 2731 institutione

159 2768 412 2841 Ecclesiae
448 2792 477 2827 a
521 2769 745 2827 Christo
788 2767 961 2841 facta,
995 2776 1137 2846 quot
1167 2776 1304 2823 sunt
1347 2765 1562 2826 motiva
1595 2766 1910 2825 certissima
1955 2765 2243 2845 religionis

158 2863 501 2923 christianae.

242 2959 336 3018 17.
386 2956 611 3039 Duplici
639 2979 709 3019 ex
748 2957 854 3015 hac
883 2958 1006 3029 via„
1037 2955 1484 3037 quarumbaltera
1516 2977 1545 3013 a
1579 2954 1745 3014 nobis
1784 2954 2145 3015 ascendimus
2177 2954 2252 3013 ad

163 3052 455 3112 Christum
482 3073 692 3134 usque,
728 3051 906 3111 altera
945 3063 1141 3110 autem
1179 3073 1208 3108 a
1245 3050 1472 3109 Christo
1502 3049 1576 3110 ad
1610 3072 1715 3108 nos
1740 3071 1920 3131 usque
1948 3048 2255 3110 descendi—

167 3168 294 3206 mus
312 3195 329 3221 ,
364 3148 601 3222 factum,
629 3146 785 3228 quod
815 3146 1276 3219 enunciavimus‚
1302 3144 1667 3205 ineluctabili
1695 3143 1838 3204 adeo
1861 3145 2104 3220 ratione,
2138 3144 2256 3202 imo

165 3242 448 3303 evidentia
490 3253 746 3318 constat,
792 3252 857 3299 ut
889 3240 1063 3323 plane
1101 3239 1357 3299 confecta
1390 3261 1481 3299 res
1524 3240 1628 3313 sit3
1671 3237 1845 3320 idque
1879 3237 2094 3320 absque
2139 3236 2258 3296 ullo

171 3335 587 3418 Scripturarum
623 3335 837 3395 adscito
870 3335 1161 3415 praesidio.

241 3523 306 3587 (1)
342 3524 398 3572 In
425 3533 554 3574 tract.
590 3524 670 3573 De
692 3541 801 3573 vera
818 3523 972 3587 Reliq.
998 3534 1116 3589 part.
1137 3537 1172 3582 1,
1259 3523 1426 3572 Christi
1445 3525 1703 3572 missionem
1727 3558 1740 3579 ,
1760 3539 1813 3571 ac
1827 3522 2056 3586 religionis
2077 3519 2265 3584 proinde

174 3623 274 3670 cap.
304 3607 357 3652 ni
383 3590 438 3654 et*
463 3621 508 3655 iv
533 3643 547 3670 ,
582 3607 665 3655 ubi
695 3623 751 3655 ex
786 3607 1020 3655 miraculis
1039 3616 1084 3652 et
1102 3623 1180 3654 va·
1263 3615 1307 3653 et
1331 3605 1541 3653 Ecclesiae
1562 3604 1620 3653 ab
1653 3621 1707 3654 eo
1738 3604 1956 3652 institutae
1981 3601 2265 3650 divinitatem

174 3684 347 3734 ticiniis
364 3721 379 3747 ‚
418 3691 664 3750 praesertim
688 3705 792 3737 vero
819 3679 988 3736 Christi
1007 3706 1031 3735 a
1062 3703 1184 3734 mor·
1268 3685 1568 3735 ostendimus.

177 3770 264 3815 tuis
313 3771 638 3818 resurrectione
668 3805 680 3828 ‚
725 3769 931 3818 divinam
982 3767 1188 3834 ejusdem
