2514 4218
295 207 415 268 528
922 223 1122 266 macr.
1172 224 1242 263 ιιιι
1284 221 1435 265 nocis
1481 213 1868 269 τΗΕοῑῑοαιοιε.

375 371 520 433 779.
573 371 752 430 Porro
789 369 1120 430 Honorium
1152 390 1349 451 neque
1384 381 1514 429 astu
1547 370 2072 433 monothelitarum
2106 372 2430 441 hallucina-

293 480 460 541 tum,
507 486 701 548 neque
725 486 849 524 rem
891 464 1220 546 dogmatice
1245 464 1611 542 definivisse,
1651 466 1734 525 sic
1777 467 2164 530 vindicamus,
2215 470 2320 534 Ille
2367 473 2432 534 in

296 565 572 645 dogmate
630 563 704 623 de
758 562 978 644 duplici
1028 562 1369 645 operatione
1412 584 1478 621 ac
1523 562 1829 624 voluntate
1881 587 2102 628 errasse
2151 568 2433 632 dicendus

295 683 418 721 non
447 671 568 734 est,
609 659 710 741 qui
744 670 946 740 aperte
977 669 1035 718 et
1064 679 1338 740 expresse
1368 656 1665 741 duplicem
1703 659 1766 717 in
1802 659 2035 721 Christo
2067 647 2183 744 pro⁸
2212 663 2433 748 duplici

296 763 418 838 ejus
440 767 651 815 natura
679 754 927 813 asseruit
953 754 1359 836 operationem
1387 766 1447 814 et
1478 754 1878 830 voluntatem3
1907 757 2126 840 quique
2147 771 2432 841 praeterea

295 852 504 913 eadem
551 849 649 909 illa
700 871 837 909 usus
889 861 978 910 est
1025 849 1214 909 forma
1276 849 1352 910 ad
1410 849 1622 933 dogma
1669 850 1779 911 hoc
1826 853 2242 930 asserendum,
2303 877 2431 939 quae

294 959 584 1030 tanquam
625 943 906 1006 catholica
948 945 1023 1005 ab
1063 946 1425 1017 oecumenico
1472 946 1728 1007 Concilio
1764 969 1897 1008 cum
1942 947 2151 1032 plausu
2189 963 2431 1034 excepta

296 1055 402 1103 est.
426 1045 682 1102 Rursum
714 1064 727 1099 :
763 1041 863 1102 ille
896 1041 1305 1104 definitionem
1331 1042 1723 1124 dogmaticam
1746 1043 1976 1106 dedisse
1999 1045 2283 1109 dicendus
2307 1071 2430 1109 non

296 1151 385 1200 est
418 1185 436 1217 ‚
487 1139 589 1222 qui
640 1149 842 1221 aperte
889 1141 1201 1223 profitetur
1250 1161 1311 1200 se
1358 1139 1517 1201 nolle
1569 1140 1872 1224 quidpiam
1922 1140 2186 1204 definire.
2255 1145 2431 1228 Atqui

294 1247 616 1319 utrumque
645 1235 849 1296 fecisse
897 1237 1228 1297 Honorium
1256 1247 1484 1297 constat
1518 1258 1590 1298 ex
1625 1239 1764 1321 ipsis
1811 1237 2070 1321 epistolis
2092 1285 2108 1315 ,
2160 1239 2236 1300 01)
2285 1261 2429 1324 quas

295 1344 613 1393 accusatur.

376 1428 524 1490 780.
573 1431 646 1489 Et
675 1450 816 1490 sane
853 1427 1049 1512 quoad
1079 1429 1371 1512 primum,
1408 1429 1730 1491 decretoria
1759 1443 1898 1491 sunt
1928 1432 2174 1493 Honorii
2203 1431 2383 1494 verba
2413 1455 2427 1492 :

302 1529 616 1603 Quantum
647 1527 735 1585 ad
749 1527 966 1607 doqma
999 1527 1464 1585 ecclesiasticum
1486 1531 1814 1606 pertinet...
1849 1536 2141 1608 'utrasque
2173 1540 2434 1590 naturas

297 1627 370 1682 in
410 1643 533 1682 uno
581 1622 810 1681 Christo
839 1624 1073 1680 unitate
1112 1622 1402 1680 naturali
1431 1622 1774 1700 copulatae,
1816 1645 1959 1683 eum
1989 1626 2244 1684 alterius
2274 1647 2437 1686 com-

297 1722 581 1780 munione
610 1727 949 1798 operantes,
984 1726 1161 1796 atque
1193 1719 1548 1796 operatrices
1587 1718 1856 1797 confiteri
1895 1719 2172 1780 dehemus
2192 1766 2209 1796 ,
2247 1732 2303 1780 et
2334 1723 2436 1780 di—

295 1819 508 1875 vinam
546 1814 826 1894 quidem,
860 1834 994 1892 quae
1037 1813 1156 1872 Dei
1185 1822 1333 1872 sunt
1368 1823 1748 1893 operantem;
1789 1825 1845 1872 et
1881 1815 2217 1876 humanam
2230 1860 2255 1889 ,
2296 1839 2433 1896 quoe

298 1913 508 1971 earnis
533 1919 681 1969 sunt
705 1905 1084 1989 eaequentem
1116 1909 1229 1990 (1).
1267 1909 1336 1968 Et
1366 1909 1584 1968 iterum
1610 1907 1786 1991 paulo
1816 1922 1947 1992 post
1979 1910 2179 1970 scribit
2216 1913 2432 1971 :Duas

295 2018 593 2079 naturas,
628 2006 701 2065 id
733 2016 848 2076 eet,
886 2006 1233 2064 divinitatis
1269 2015 1326 2064 et
1362 2006 1573 2064 earnis
1611 2020 1980 2085 assumptae,
2009 2009 2080 2064 in
2124 2027 2254 2064 una
2281 2027 2432 2086 per-

294 2126 443 2164 sona
487 2104 798 2184 Unigeniti
841 2103 957 2162 Dei
996 2102 1207 2161 Patris
1221 2144 1245 2176 ,
1291 2103 1634 2180 inconfuse,
1667 2101 1927 2160 indivise
1966 2111 2024 2160 et
2063 2104 2432 2162 inconverti-

294 2201 501 2260 biliter
537 2200 854 2259 nobiseum
877 2199 1223 2279 proedieare
1257 2199 1522 2278 propria
1564 2208 1874 2278 operantes
1898 2195 2023 2279 (2).
2063 2199 2243 2258 Porro
2279 2197 2432 2258 hanc

294 2295 431 2356 fidei
447 2295 871 2378 professionem
886 2341 902 2371 7
922 2293 1342 2355 commentario
1363 2293 1542 2354 etiam
1560 2291 1761 2353 addito
1777 2340 1792 2369 ,
1812 2293 2122 2376 descripsit
2139 2294 2431 2354 Honorius

295 2414 368 2454 ex
409 2392 624 2453 celebri
670 2392 999 2474 dogmatica
1045 2389 1292 2473 epistola
1333 2390 1393 2449 S.
1436 2390 1680 2467 Leonis,
1732 2391 1819 2449 ad
1861 2391 2236 2450 Flavianum
2283 2390 2433 2450 scri-

292 2487 490 2549 bentis
534 2511 548 2547 z
593 2491 742 2571 Ayit
778 2491 945 2548 enim
980 2497 1240 2567 utraque
1272 2489 1483 2565 forma
1518 2508 1660 2546 cum
1693 2488 1947 2550 alterius
1982 2490 2423 2560 communione,

293 2587 458 2666 quod
479 2589 815 2666 proprium
855 2594 970 2653 e3t‚·
1014 2583 1207 2646 Verbo
1244 2583 1467 2643 scilieet
1496 2593 1776 2662 operante
1805 2583 1971 2663 qnod
2001 2584 2192 2646 Verbi
2223 2593 2339 2656 est,
2372 2593 2430 2641 et

295 2703 477 2742 carne
521 2692 836 2762 exequente
880 2680 1042 2761 quod
1081 2683 1288 2740 earnis
1335 2689 1419 2738 est
1459 2678 1569 2761 (3).
1619 2680 1743 2739 Hoc
1788 2690 1988 2739 autem
2027 2679 2434 2739 testimonium

296 2875 354 2924 ad
382 2893 486 2942 pag.
522 2873 645 2924 632.
676 2874 792 2923 Item
826 2871 1103 2922 Dissertaz.
1127 2870 1323 2922 critico·
1410 2886 1570 2935 opusc.
1594 2868 1648 2920 6.
1666 2868 1955 2936 Quapropter
1976 2873 2044 2920 vel
2072 2871 2170 2937 ipse
2185 2870 2430 2924 Bossuetus

295 2960 473 3006 etot-ica
499 2957 685 3007 dell'ab.
711 2957 866 3006 Pietro
888 2955 1095 3020 Corgne,
1132 2955 1327 3004 tradotta
1410 2953 1555 3002 fassus
1587 2964 1655 3002 est
1696 2970 1709 3000 ε
1747 2951 1854 3001 J'ai
1892 2956 2007 3018 raye
2049 2953 2107 3001 de
2145 2969 2260 3000 mon
2293 2952 2437 3000 truite

297 3040 373 3088 dal
404 3042 555 3091 franc.
596 3043 653 3089 in
694 3042 778 3089 cui
813 3041 860 3087 si
891 3039 1127 3087 dimostra
1161 3039 1327 3085 imus-
1408 3035 1490 3084 De
1515 3035 1563 3084 la
1581 3037 1844 3102 puissance
1874 3035 2230 3100 ecclesiastique
2255 3042 2357 3082 tout
2380 3050 2431 3082 ce

296 3123 491 3170 sistente
530 3122 578 3171 la
611 3131 803 3189 pretesa
845 3121 1024 3170 caduta
1067 3119 1145 3168 del
1185 3127 1323 3167 santo
1406 3122 1492 3186 qui
1529 3119 1730 3185 reqarde
1766 3119 1807 3169 le
1837 3136 1968 3186 pape
2008 3118 2211 3179 Libere,
2252 3134 2435 3166 comme

295 3205 448 3271 Papa
474 3205 670 3255 Liberio
687 3243 702 3270 ‚
731 3223 819 3255 con
845 3212 955 3254 note
984 3202 1063 3252 del
1087 3201 1321 3268 raccoyli-
1404 3219 1467 3251 ne
1488 3211 1735 3269 prouvant
1753 3219 1849 3270 pas
1877 3201 1990 3249 bien
2009 3217 2061 3249 ce
2082 3217 2172 3266 que
2173 3202 2233 3267 je
2249 3198 2434 3249 vouloie

297 3297 397 3337 tore
416 3324 432 3349 ‚
463 3290 514 3336 in
547 3305 624 3353 op.
662 3287 887 3337 Raccolta
906 3287 961 3336 di
983 3286 1325 3335 dissertazioni
1405 3285 1592 3334 etablir.
1610 3285 1708 3334 cfr.
1722 3285 1847 3350 apud
1861 3285 1918 3333 de
1934 3283 2119 3332 Maistre
2134 3322 2148 3345 ‚
2165 3283 2257 3332 Du
2273 3282 2437 3349 Papo,

297 3371 354 3418 di
383 3371 532 3419 storia
576 3370 895 3419 ecclesiastiea
913 3409 927 3431 ‚
962 3388 1056 3438 per
1095 3386 1238 3436 opera
1269 3367 1325 3417 di
1405 3368 1483 3417 liv.
1516 3384 1561 3429 1,
1591 3368 1670 3417 ch.
1705 3365 1784 3416 15.

297 3452 669 3501 Franeantonio
696 3452 910 3502 Zaccaria
930 3492 945 3515 ‚
979 3453 1128 3502 Roma
1160 3448 1288 3519 1794
1306 3487 1321 3512 ,
1476 3452 1492 3515 (
1502 3452 1546 3516 1)
1577 3451 1722 3517 Epist.
1751 3467 1785 3498 11
1804 3485 1819 3510 ‚
1853 3450 1976 3516 apud
2014 3449 2247 3500 Harduin.
2271 3448 2429 3510 Acta,

299 3546 416 3585 tom.
445 3552 476 3583 x
494 3572 508 3596 ‚
542 3534 657 3585 diss.
677 3534 731 3594 33
751 3547 890 3602 atque
920 3537 1128 3603 ejusdem
1146 3534 1323 3584 Zacha-
1406 3546 1497 3587 etc.
1528 3545 1646 3584 tom.
1684 3551 1735 3582 111
1753 3571 1766 3594 ,
1800 3533 1892 3583 col.
1941 3530 2089 3597 1354.

299 3620 380 3666 riae
406 3616 459 3667 S.
490 3617 538 3667 J.
566 3615 772 3667 Dionen.
802 3617 858 3666 de
887 3619 1213 3676 commentitio
1233 3618 1324 3667 Li·-
1478 3618 1546 3682 (2)
1586 3616 1712 3666 lbid.

300 3698 422 3748 herii
444 3698 583 3766 lapsu
602 3736 617 3760 ‚
650 3716 754 3767 quae
785 3711 960 3766 prostat
980 3703 1031 3750 in
1070 3701 1324 3750 Thesauro
1478 3699 1546 3765 (3)
1583 3699 1709 3750 lbid.
1739 3710 1849 3750 tom.
1879 3717 1944 3763 ιι,
1974 3699 2066 3748 col.
2099 3695 2216 3766 294.

300 3779 596 3847 Α,ΤΙιειοΙορὶοο
612 3819 626 3846 ,
647 3794 760 3833 tom.
798 3797 866 3847 ιι,
893 3794 1013 3850 part.
1051 3801 1116 3846 11,
1157 3784 1245 3834 lib.
1273 3799 1291 3831 1
1308 3821 1322 3846 ‚
