2514 4218
374 170 531 208 mar.
575 171 616 208 1.
664 166 815 208 suc‘r.
865 171 928 208 11.
973 169 1094 209 cu.
1143 170 1230 209 111.
1281 169 1347 207 nr.
1390 166 1517 210 MT.
1566 164 1631 206 Er
1676 164 1797 204 mn.
1842 164 1992 203 rum.
2105 135 2222 204 457

205 310 340 369 665.
389 310 475 371 Ad
509 309 610 387 5¹¹¹,
650 313 807 370 Dist.
843 314 1022 371 Prout
1062 311 1171 371 sibi
1211 310 1520 394 persuadet
1577 319 1677 369 aut
1718 307 1979 368 divinare
2021 308 2226 389 satagit

118 403 474 465 adversarius
495 450 511 478 .,
552 426 708 464 conc.
731 431 753 473 ,·
782 418 957 488 prout
977 428 1113 468 vere
1140 429 1200 466 se
1231 428 1323 466 res
1353 405 1529 466 habet
1563 451 1579 479 .,
1616 425 1744 483 neq.
1776 403 2013 485 Optime
2053 403 2229 485 siqui«

117 499 251 558 dem
284 510 526 559 noverat
555 501 797 561 Ecclesia
819 547 835 576 ,
867 500 1158 583 quomodo
1194 500 1291 560 illa
1309 501 1535 560 institui
1559 498 1896 558 convocatio
1926 496 2165 558 deberet
2197 544 2214 573 ‚

116 615 243 673 quae
259 595 557 676 exemplar
570 594 823 655 habebat
836 597 900 654 in
914 598 1104 678 primo
1119 595 1360 656 concilio
1374 593 1782 673 Hierosolymis
1801 589 2089 650 celebrato
2103 591 2212 671 (1).

111 686 415 748 Pontifices
460 710 597 750 vero
625 689 698 749 de
730 690 1052 751 inhaerente
1093 689 1202 750 sibi
1240 688 1441 750 divino
1468 694 1602 768 jure
1636 689 1698 746 in
1726 684 1995 767 cogendis
2027 686 2226 745 Conci-

109 780 200 839 liis
232 785 601 843 oecumenicis
633 785 774 843 certi
819 797 987 845 erant
1007 829 1023 859 ,
1081 805 1150 843 eo
1187 785 1313 867 ipso
1353 784 1510 866 quod
1537 786 1752 842 scirent
1781 827 1797 856 ‚
1829 802 1889 839 se
1918 803 1951 839 a
1993 779 2224 840 Christo

108 879 443 958 praepositos
481 900 604 939 esse
647 880 931 939 universae
965 878 1226 939 Ecclesiae
1267 879 1375 962 (2).
1407 882 1656 938 Demum
1692 876 2043 936 documenta
2072 886 2224 935 attu-

107 970 283 1030 limus
305 1017 321 1046 ,
359 995 485 1054 quae
525 975 583 1032 in
621 996 776 1056 resp.
811 974 885 1033 ad
915 974 992 1032 11¹¹
1020 972 1478 1035 luculentissime
1497 973 1558 1032 id
1586 973 1880 1032 evincunt.

190 1067 328 1125 666.
375 1067 505 1146 Obj.
539 1069 809 1128 secunda.
843 1068 1056 1128 Saltem
1087 1091 1396 1152 perperam
1421 1069 1740 1129 adstruitur
1769 1090 1918 1127 rom.
1954 1067 2219 1127 Pontifici

95 1166 195 1239 jus
227 1164 575 1244 praesidendi
615 1163 878 1224 Conciliis
926 1165 1312 1225 oecumenicis
1357 1166 1418 1223 10
1454 1165 1831 1245 Compertum
1866 1174 1953 1223 est
1980 1185 2051 1223 ex
2093 1162 2218 1222 his-

105 1257 253 1316 toria
276 1303 292 1332 .,
340 1259 592 1318 Concilio
614 1259 841 1318 Nicaeno
872 1258 1205 1341 praesedisse
1236 1259 1473 1318 Hosium
1492 1304 1509 1334 ,
1536 1257 1970 1318 Cordubensem
1993 1258 2220 1339 Episco-

102 1373 246 1432 pum
269 1399 284 1428 ,
328 1374 457 1412 cum
498 1354 703 1412 Vitone
731 1364 792 1413 et
824 1354 1124 1413 Vincentio
1163 1353 1513 1436 presbyteris
1562 1375 1710 1412 rom.
1764 1352 1927 1412 Sedis
1973 1352 2217 1435 legatis3

100 1467 278 1527 porro
321 1447 454 1508 licet
506 1449 634 1507 Vito
694 1461 753 1507 et
803 1449 1134 1509 Vincentius
1192 1448 1641 1531 subscripserint
1695 1448 1783 1506 uti
1840 1447 2013 1527 legati
2068 1470 2219 1508 rom.

99 1543 389 1601 Pontificis
414 1588 430 1617 ,
456 1544 661 1602 Hosius
689 1555 886 1604 tamen
916 1543 1253 1626 subscripsit
1276 1557 1343 1603 ut
1365 1543 1751 1604 Cordubensis
1769 1543 2081 1625 Episcopus
2098 1543 2220 1623 (3)..

99 1636 166 1693 2⁰
197 1637 518 1697 Dicendum
541 1640 716 1720 igitur
751 1651 860 1715 est7
887 1639 1045 1698 hunc
1061 1652 1161 1699 aut
1188 1641 1426 1699 nomine
1452 1639 1824 1721 Imperatoris
1848 1637 2222 1698 Constantini·

99 1730 354 1790 Concilio
373 1735 693 1814 praefuisse,
727 1745 828 1793 aut
852 1756 884 1793 a
915 1734 1169 1793 Concilio
1185 1734 1260 1793 ob
1288 1735 1543 1793 nominis
1562 1733 1958 1793 celebritatem
1983 1735 2217 1794 merita-

96 1845 208 1905 que
247 1847 378 1906 erga
442 1828 753 1889 Ecclesiam
782 1830 996 1912 primas
1028 1841 1223 1910 partes
1252 1830 1424 1889 Hosio
1450 1830 1623 1888 fuisse
1659 1828 1899 1888 delatas,
1927 1827 1991 1887 3⁰
2013 1830 2221 1911 Neque

95 1930 181 1977 est
216 1920 373 2001 quod
402 1944 622 2003 quaeras
653 1946 802 1983 rom.
843 1925 1131 1985 Pontificis
1170 1925 1383 2004 legatos
1421 1925 1483 1982 in
1517 1924 1770 1984 Concilio
1798 1925 2215 1984 Constantino-

94 2014 355 2095 politano
393 2018 451 2091 Ι,
487 2030 587 2076 aut
620 2020 681 2076 in
709 2020 962 2079 Concilio
991 2019 1281 2102 Ephesino
1303 2045 1318 2093 ς
1343 2021 1605 2101 quamvis
1628 2040 1766 2080 vero
1796 2018 2119 2078 Concilium
2141 2020 2209 2095 V,

99 2130 199 2167 seu
241 2111 951 2195 Constantinopolitanum
991 2117 1044 2174 II
1064 2161 1081 2190 a
1109 2114 1463 2174 celebratum
1498 2114 1671 2173 suerit
1693 2125 1978 2196 praesente
2005 2113 2215 2194 vigilio

94 2206 403 2280 pontifice,
447 2207 569 2289 ipse
594 2219 793 2268 tamen
827 2210 878 2268 ei
929 2210 1175 2270 minime
1229 2209 1514 2269 interfuit.
1569 2210 1634 2267 4⁰
1674 2211 1751 2268 Ac
1786 2209 1934 2268 ratio
1971 2207 2210 2291 quidem

93 2310 215 2374 est,
254 2302 410 2381 quia,
459 2314 526 2360 ut
559 2303 974 2364 animadvertit
1009 2304 1082 2365 de
1112 2307 1299 2364 Marca
1329 2326 1342 2362 ε
1390 2306 1463 2362 Si
1490 2325 1792 2363 summam
1826 2310 1895 2363 in
1927 2306 2213 2363 censendo

91 2416 163 2453 ac
193 2396 521 2474 defimendo
548 2409 894 2476 potestatem
934 2401 1076 2459 Sodi
1141 2401 1470 2480 apostolicae
1517 2400 1893 2468 tribuamus,
1929 2402 2094 2479 perit
2133 2399 2209 2457 li-

160 2652 226 2718 (1)
264 2654 361 2704 cfr.
392 2635 684 2723 nazareni,
710 2677 788 2725 op.
812 2662 890 2709 cit.
919 2669 1036 2710 tom.
1059 2678 1105 2725 1,
1191 2661 1417 2726 generalia
1461 2661 1604 2709 indici
1642 2661 1702 2709 ab
1741 2663 1962 2710 universae
1991 2659 2204 2709 Ecclesiae

88 2753 187 2802 cap.
229 2754 257 2785 2
288 2749 333 2788 et
365 2738 414 2788 3.

157 2819 224 2883 (2)
262 2819 353 2869 Hic
398 2821 662 2870 addendum
685 2860 698 2883 ‚
743 2824 873 2889 plura
916 2836 1008 2873 tam
1054 2828 1103 2874 in

90 2899 283 2950 Oriente
319 2920 460 2967 quam
497 2905 548 2950 in
582 2902 831 2954 Occidente
876 2906 1102 2955 celebrata

89 2981 228 3031 fuisse
256 2982 464 3031 Concilia
485 3021 497 3044 ,
520 2987 613 3034 sive
635 2987 932 3050 provincialia
954 3024 968 3048 ,
1007 2991 1103 3038 sive

91 3052 339 3114 nationalia
358 3103 372 3126 ‚
403 3075 652 3133 antequam
681 3068 786 3116 data
809 3079 925 3118 esset
945 3069 1103 3121 Eccle-

89 3144 165 3190 siae
204 3162 289 3207 pax
317 3183 334 3206 ‚
385 3151 449 3196 uti
490 3166 544 3197 ex
583 3151 776 3198 historia
816 3161 1099 3216 compertum

87 3235 169 3272 est.
184 3224 286 3273 Jam
302 3245 405 3276 vero
421 3231 522 3295 ipsa
538 3232 740 3296 analogia
758 3231 910 3292 docet,
936 3250 1100 3299 quem-

84 3306 337 3356 admodum
361 3309 567 3359 Concilia
604 3314 900 3378 provincialia
932 3330 987 3363 ac
1017 3334 1099 3364 na-

82 3388 274 3437 tionalia
324 3400 403 3460 aut
443 3409 467 3439 a
506 3391 781 3444 Primatibus
812 3406 892 3444 aut
930 3415 955 3444 a
1010 3396 1096 3445 Pa-

1189 2748 1337 2811 capite
1357 2783 1370 2806 ‚
1413 2763 1510 2794 non
1550 2755 1704 2794 autem
1758 2746 1817 2795 ab
1867 2744 2207 2811 imperantibus

1188 2828 1405 2891 politicis.

1256 2908 1321 2972 (3)
1358 2909 1456 2958 cfr.
1493 2908 1624 2958 Acta
1653 2908 1799 2958 Cone.
1834 2909 1981 2959 Hard.
2011 2920 2125 2961 tom.
2149 2926 2198 2972 1,

1188 2991 1277 3039 col.
1304 2991 1394 3039 311
1419 3027 1436 3052 ,
1471 2990 1552 3039 ubi
1573 2991 1735 3055 legitur
1767 3008 1782 3039 τ
1827 2990 1979 3040 Οείιω
2010 2990 2198 3040 Cordu-

1185 3070 1351 3119 bensis
1387 3069 1661 3138 Episcopus
1696 3071 1825 3121 dixit
1860 3091 1878 3120 .·
1917 3074 1986 3121 sio
2029 3073 2195 3131 oredo,

1183 3153 1580 3217 quemadmodum
1598 3152 1780 3202 dictum
1805 3162 1899 3216 θεὴ·
1920 3153 2052 3220 juxta
2079 3156 2192 3205 edit.

1183 3235 1482 3285 Labbeanam
1520 3252 1627 3284 vero
1681 3253 1693 3283 :
1739 3234 1884 3285 Osius
1922 3231 2196 3304 Episcopus

1182 3319 1399 3366 civitatis
1418 3317 1738 3367 Cordubensis
1751 3330 1891 3385 prov.
1909 3318 2192 3388 Hispanico.

1182 3398 1361 3448 Deinde
1376 3410 1633 3465 sequuntur
1652 3400 2005 3467 subscriptiones
2030 3400 2189 3448 Victo-

79 3470 289 3518 1riarchis
324 3471 497 3521 indicta
523 3475 710 3524 fuerunt
727 3515 741 3537 ,
771 3495 867 3527 non
891 3490 1046 3528 autem
1067 3498 1093 3528 a
1178 3483 1238 3529 ris
1260 3480 1278 3539 (
1297 3499 1376 3532 seu
1400 3492 1450 3531 ut
1476 3480 1584 3532 alibi
1600 3483 1762 3550 legitur
1781 3485 1838 3534 V
1832 3483 1993 3545 ieonis)
2019 3492 2064 3531 et
2075 3481 2191 3532 Vin-

82 3551 307 3615 praefectis
339 3554 553 3603 civilibus
583 3568 662 3606 aut
684 3576 709 3606 a
744 3561 1093 3624 proconsulibus
1177 3565 1329 3613 centii.

78 3636 300 3697 paganis,
346 3638 410 3684 sic
453 3637 587 3702 plane
629 3639 839 3690 debuisse
882 3642 1090 3692 Concilia
