<?xml version="1.0" encoding="UTF-8"?>
<!DOCTYPE html PUBLIC "-//W3C//DTD XHTML 1.0 Transitional//EN"
    "http://www.w3.org/TR/xhtml1/DTD/xhtml1-transitional.dtd">
<html xmlns="http://www.w3.org/1999/xhtml" xml:lang="en" lang="en">
 <head>
  <title>
</title>
<meta http-equiv="Content-Type" content="text/html;charset=utf-8" />
  <meta name='ocr-system' content='tesseract 3.04.00' />
  <meta name='ocr-capabilities' content='ocr_page ocr_carea ocr_par ocr_line ocrx_word'/>
</head>
<body>
  <div class='ocr_page' id='page_1' title='image "a603693808perruoft_0235.png"; bbox 0 0 2514 4218; ppageno 0'>
   <div class='ocr_carea' id='block_1_1' title="bbox 514 180 1776 243">
    <p class='ocr_par' dir='ltr' id='par_1_1' title="bbox 514 180 1776 243">
     <span class='ocr_line' id='line_1_1' title="bbox 514 180 1776 243; baseline 0.002 -3"><span class='ocrx_word' id='word_1_1' title='bbox 514 203 670 243; x_wconf 68' lang='lat' dir='ltr'><em>mm.</em></span> <span class='ocrx_word' id='word_1_2' title='bbox 718 203 759 238; x_wconf 90' lang='lat'><em>1.</em></span> <span class='ocrx_word' id='word_1_3' title='bbox 809 198 933 239; x_wconf 70' lang='lat' dir='ltr'><em>cu».</em></span> <span class='ocrx_word' id='word_1_4' title='bbox 982 203 1063 239; x_wconf 69' lang='grc' dir='ltr'><em>ιν.</em></span> <span class='ocrx_word' id='word_1_5' title='bbox 1107 203 1176 239; x_wconf 75' lang='lat' dir='ltr'><strong>ne</strong></span> <span class='ocrx_word' id='word_1_6' title='bbox 1219 180 1488 241; x_wconf 67' lang='lat' dir='ltr'><strong>ncczcsm</strong></span> <span class='ocrx_word' id='word_1_7' title='bbox 1531 203 1776 242; x_wconf 66' lang='lat' dir='ltr'><em>nomm.</em></span> 
     </span>
    </p>
   </div>
   <div class='ocr_carea' id='block_1_2' title="bbox 2098 186 2217 245">
    <p class='ocr_par' dir='ltr' id='par_1_2' title="bbox 2098 186 2217 245">
     <span class='ocr_line' id='line_1_2' title="bbox 2098 186 2217 245; baseline 0.017 -2"><span class='ocrx_word' id='word_1_8' title='bbox 2098 186 2217 245; x_wconf 81' lang='lat'><em>223</em></span> 
     </span>
    </p>
   </div>
   <div class='ocr_carea' id='block_1_3' title="bbox 94 342 2213 811">
    <p class='ocr_par' dir='ltr' id='par_1_3' title="bbox 94 342 2213 811">
     <span class='ocr_line' id='line_1_3' title="bbox 97 342 2212 424; baseline 0 -16"><span class='ocrx_word' id='word_1_9' title='bbox 97 370 217 408; x_wconf 85' lang='lat' dir='ltr'><strong>suae</strong></span> <span class='ocrx_word' id='word_1_10' title='bbox 254 347 541 407; x_wconf 82' lang='lat' dir='ltr'><em>unitatem</em></span> <span class='ocrx_word' id='word_1_11' title='bbox 563 389 579 419; x_wconf 62' lang='grc'><em>.,</em></span> <span class='ocrx_word' id='word_1_12' title='bbox 616 364 738 403; x_wconf 91' lang='lat' dir='ltr'><em>non</em></span> <span class='ocrx_word' id='word_1_13' title='bbox 773 342 1082 403; x_wconf 89' lang='lat' dir='ltr'><strong>hominum</strong></span> <span class='ocrx_word' id='word_1_14' title='bbox 1102 389 1119 420; x_wconf 78' lang='lat'>‚</span> <span class='ocrx_word' id='word_1_15' title='bbox 1153 343 1255 404; x_wconf 88' lang='lat' dir='ltr'><em>sed</em></span> <span class='ocrx_word' id='word_1_16' title='bbox 1282 343 1632 424; x_wconf 83' lang='lat' dir='ltr'>Angelorum</span> <span class='ocrx_word' id='word_1_17' title='bbox 1664 344 1974 406; x_wconf 85' lang='lat' dir='ltr'><strong>Ecclesiam</strong></span> <span class='ocrx_word' id='word_1_18' title='bbox 2008 347 2212 408; x_wconf 86' lang='lat' dir='ltr'><strong>condi-</strong></span> 
     </span>
     <span class='ocr_line' id='line_1_4' title="bbox 95 438 2213 522; baseline 0.001 -20"><span class='ocrx_word' id='word_1_19' title='bbox 95 443 292 504; x_wconf 82' lang='lat' dir='ltr'><strong>disset.</strong></span> <span class='ocrx_word' id='word_1_20' title='bbox 334 443 606 501; x_wconf 87' lang='lat' dir='ltr'><em>Ceterum</em></span> <span class='ocrx_word' id='word_1_21' title='bbox 658 439 703 498; x_wconf 90' lang='lat' dir='ltr'><em>si</em></span> <span class='ocrx_word' id='word_1_22' title='bbox 752 451 955 522; x_wconf 78' lang='lat' dir='ltr'>agatur</span> <span class='ocrx_word' id='word_1_23' title='bbox 990 439 1063 499; x_wconf 91' lang='lat' dir='ltr'><strong>de</strong></span> <span class='ocrx_word' id='word_1_24' title='bbox 1096 438 1343 499; x_wconf 85' lang='lat' dir='ltr'>Ecclesia</span> <span class='ocrx_word' id='word_1_25' title='bbox 1375 440 1644 500; x_wconf 86' lang='lat' dir='ltr'><strong>universa</strong></span> <span class='ocrx_word' id='word_1_26' title='bbox 1692 461 1794 500; x_wconf 90' lang='lat' dir='ltr'><em>seu</em></span> <span class='ocrx_word' id='word_1_27' title='bbox 1821 440 1894 501; x_wconf 91' lang='lat' dir='ltr'><strong>de</strong></span> <span class='ocrx_word' id='word_1_28' title='bbox 1924 453 2048 503; x_wconf 84' lang='lat' dir='ltr'><em>toto</em></span> <span class='ocrx_word' id='word_1_29' title='bbox 2088 466 2213 504; x_wconf 84' lang='lat' dir='ltr'><em>cor-</em></span> 
     </span>
     <span class='ocr_line' id='line_1_5' title="bbox 95 533 2210 620; baseline 0.001 -23"><span class='ocrx_word' id='word_1_30' title='bbox 95 559 238 620; x_wconf 84' lang='lat' dir='ltr'><em>pore</em></span> <span class='ocrx_word' id='word_1_31' title='bbox 258 582 276 604; x_wconf 74' lang='lat'>,</span> <span class='ocrx_word' id='word_1_32' title='bbox 305 535 379 594; x_wconf 82' lang='lat' dir='ltr'><em>ab</em></span> <span class='ocrx_word' id='word_1_33' title='bbox 396 534 496 594; x_wconf 89' lang='lat' dir='ltr'><em>illo</em></span> <span class='ocrx_word' id='word_1_34' title='bbox 520 556 712 616; x_wconf 88' lang='lat' dir='ltr'><strong>neque</strong></span> <span class='ocrx_word' id='word_1_35' title='bbox 739 534 1021 612; x_wconf 88' lang='lat' dir='ltr'><strong>ejusmodi</strong></span> <span class='ocrx_word' id='word_1_36' title='bbox 1045 533 1294 593; x_wconf 82' lang='lat' dir='ltr'><em>charitas</em></span> <span class='ocrx_word' id='word_1_37' title='bbox 1325 534 1522 595; x_wconf 82' lang='lat' dir='ltr'><strong>abesse</strong></span> <span class='ocrx_word' id='word_1_38' title='bbox 1543 546 1766 616; x_wconf 76' lang='lat' dir='ltr'><em>potest3</em></span> <span class='ocrx_word' id='word_1_39' title='bbox 1794 547 2210 617; x_wconf 81' lang='lat' dir='ltr'><em>potestantem</em></span> 
     </span>
     <span class='ocr_line' id='line_1_6' title="bbox 94 628 2207 712; baseline 0.001 -21"><span class='ocrx_word' id='word_1_40' title='bbox 94 631 294 691; x_wconf 84' lang='lat' dir='ltr'><strong>abesse</strong></span> <span class='ocrx_word' id='word_1_41' title='bbox 328 652 399 690; x_wconf 73' lang='lat' dir='ltr'><strong>ex</strong></span> <span class='ocrx_word' id='word_1_42' title='bbox 428 643 595 712; x_wconf 86' lang='lat' dir='ltr'><em>parte</em></span> <span class='ocrx_word' id='word_1_43' title='bbox 628 630 989 710; x_wconf 84' lang='lat' dir='ltr'><strong>singulorum</strong></span> <span class='ocrx_word' id='word_1_44' title='bbox 1023 628 1424 697; x_wconf 87' lang='lat' dir='ltr'><em>membrorum</em></span> <span class='ocrx_word' id='word_1_45' title='bbox 1445 676 1460 703; x_wconf 78' lang='lat'>‚</span> <span class='ocrx_word' id='word_1_46' title='bbox 1501 630 1660 691; x_wconf 82' lang='lat' dir='ltr'><em>salva</em></span> <span class='ocrx_word' id='word_1_47' title='bbox 1692 632 1983 691; x_wconf 79' lang='lat' dir='ltr'><strong>essentiali</strong></span> <span class='ocrx_word' id='word_1_48' title='bbox 2021 634 2207 694; x_wconf 89' lang='lat' dir='ltr'><strong>Eccle-</strong></span> 
     </span>
     <span class='ocr_line' id='line_1_7' title="bbox 94 723 2212 811; baseline 0.001 -25"><span class='ocrx_word' id='word_1_49' title='bbox 94 727 190 786; x_wconf 85' lang='lat' dir='ltr'><strong>siae</strong></span> <span class='ocrx_word' id='word_1_50' title='bbox 225 728 406 809; x_wconf 88' lang='lat' dir='ltr'><strong>ipsius</strong></span> <span class='ocrx_word' id='word_1_51' title='bbox 450 728 677 788; x_wconf 82' lang='lat' dir='ltr'><em>unitate</em></span> <span class='ocrx_word' id='word_1_52' title='bbox 723 726 832 807; x_wconf 91' lang='lat' dir='ltr'><em>(l).</em></span> <span class='ocrx_word' id='word_1_53' title='bbox 874 727 956 784; x_wconf 85' lang='lat' dir='ltr'><em>Ex</em></span> <span class='ocrx_word' id='word_1_54' title='bbox 997 723 1137 783; x_wconf 83' lang='lat' dir='ltr'><strong>falsa</strong></span> <span class='ocrx_word' id='word_1_55' title='bbox 1175 745 1363 805; x_wconf 86' lang='lat' dir='ltr'><em>porro·</em></span> <span class='ocrx_word' id='word_1_56' title='bbox 1396 724 1863 790; x_wconf 79' lang='lat' dir='ltr'><strong>adversariorum</strong></span> <span class='ocrx_word' id='word_1_57' title='bbox 1900 727 2212 811; x_wconf 79' lang='lat' dir='ltr'>hypothesi</span> 
     </span>
    </p>
   </div>
   <div class='ocr_carea' id='block_1_4' title="bbox 42 969 1115 3746">
    <p class='ocr_par' dir='ltr' id='par_1_4' title="bbox 42 969 1115 3746">
     <span class='ocr_line' id='line_1_8' title="bbox 168 969 1108 1039; baseline -0.002 -19"><span class='ocrx_word' id='word_1_58' title='bbox 168 973 235 1039; x_wconf 90' lang='lat' dir='ltr'><em>(l)</em></span> <span class='ocrx_word' id='word_1_59' title='bbox 258 972 445 1038; x_wconf 79' lang='lat' dir='ltr'>Optime</span> <span class='ocrx_word' id='word_1_60' title='bbox 466 972 824 1022; x_wconf 77' lang='lat' dir='ltr'><em>Maldonatusin</em></span> <span class='ocrx_word' id='word_1_61' title='bbox 839 971 916 1020; x_wconf 83' lang='lat' dir='ltr'><strong>illa</strong></span> <span class='ocrx_word' id='word_1_62' title='bbox 939 969 1108 1019; x_wconf 78' lang='lat' dir='ltr'>Christi</span> 
     </span>
     <span class='ocr_line' id='line_1_9' title="bbox 97 1054 1109 1118; baseline -0.004 -13"><span class='ocrx_word' id='word_1_63' title='bbox 97 1055 264 1115; x_wconf 83' lang='lat' dir='ltr'><em>verba,</em></span> <span class='ocrx_word' id='word_1_64' title='bbox 301 1056 435 1104; x_wconf 84' lang='lat' dir='ltr'><em>Joan.</em></span> <span class='ocrx_word' id='word_1_65' title='bbox 461 1070 573 1116; x_wconf 84' lang='lat' dir='ltr'><em>xm,</em></span> <span class='ocrx_word' id='word_1_66' title='bbox 609 1054 673 1105; x_wconf 84' lang='lat'><em>35</em></span> <span class='ocrx_word' id='word_1_67' title='bbox 702 1073 717 1106; x_wconf 75' lang='grc' dir='ltr'><strong><em>ε</em></strong></span> <span class='ocrx_word' id='word_1_68' title='bbox 740 1055 810 1103; x_wconf 80' lang='lat' dir='ltr'><em>In</em></span> <span class='ocrx_word' id='word_1_69' title='bbox 830 1054 915 1103; x_wconf 75' lang='lat' dir='ltr'><em>hoc</em></span> <span class='ocrx_word' id='word_1_70' title='bbox 938 1070 1109 1118; x_wconf 76' lang='lat' dir='ltr'><em>coquo-</em></span> 
     </span>
     <span class='ocr_line' id='line_1_10' title="bbox 94 1136 1107 1203; baseline -0.001 -19"><span class='ocrx_word' id='word_1_71' title='bbox 94 1146 230 1185; x_wconf 76' lang='lat' dir='ltr'><em>scent</em></span> <span class='ocrx_word' id='word_1_72' title='bbox 254 1155 416 1186; x_wconf 69' lang='lat' dir='ltr'><strong>ovines</strong></span> <span class='ocrx_word' id='word_1_73' title='bbox 434 1177 447 1199; x_wconf 88' lang='lat'>‚</span> <span class='ocrx_word' id='word_1_74' title='bbox 465 1144 582 1203; x_wconf 81' lang='lat' dir='ltr'><em>quia</em></span> <span class='ocrx_word' id='word_1_75' title='bbox 599 1136 832 1203; x_wconf 82' lang='lat' dir='ltr'><strong>discipuli</strong></span> <span class='ocrx_word' id='word_1_76' title='bbox 849 1138 946 1184; x_wconf 87' lang='lat' dir='ltr'><strong>mei</strong></span> <span class='ocrx_word' id='word_1_77' title='bbox 959 1138 1072 1184; x_wconf 84' lang='lat' dir='ltr'><strong>estis</strong></span> <span class='ocrx_word' id='word_1_78' title='bbox 1093 1174 1107 1198; x_wconf 90' lang='lat'><strong>,</strong></span> 
     </span>
     <span class='ocr_line' id='line_1_11' title="bbox 96 1218 1107 1279; baseline 0.001 -14"><span class='ocrx_word' id='word_1_79' title='bbox 96 1221 142 1266; x_wconf 78' lang='grc' dir='ltr'><em>εἰ</em></span> <span class='ocrx_word' id='word_1_80' title='bbox 166 1218 466 1267; x_wconf 83' lang='lat' dir='ltr'><em>dilectionem</em></span> <span class='ocrx_word' id='word_1_81' title='bbox 490 1220 754 1267; x_wconf 71' lang='lat' dir='ltr'><strong><em>habueritis</em></strong></span> <span class='ocrx_word' id='word_1_82' title='bbox 772 1219 838 1266; x_wconf 82' lang='lat' dir='ltr'><em>ad</em></span> <span class='ocrx_word' id='word_1_83' title='bbox 867 1219 1076 1266; x_wconf 82' lang='lat' dir='ltr'><strong>invicem</strong></span> <span class='ocrx_word' id='word_1_84' title='bbox 1093 1256 1107 1279; x_wconf 91' lang='lat'>,</span> 
     </span>
     <span class='ocr_line' id='line_1_12' title="bbox 102 1299 1112 1368; baseline -0.002 -18"><span class='ocrx_word' id='word_1_85' title='bbox 102 1305 273 1366; x_wconf 75' lang='lat' dir='ltr'><em>optime</em></span> <span class='ocrx_word' id='word_1_86' title='bbox 291 1338 305 1362; x_wconf 92' lang='lat'>‚</span> <span class='ocrx_word' id='word_1_87' title='bbox 352 1305 541 1368; x_wconf 79' lang='lat' dir='ltr'><strong>inquam</strong></span> <span class='ocrx_word' id='word_1_88' title='bbox 567 1338 581 1361; x_wconf 94' lang='lat'>‚</span> <span class='ocrx_word' id='word_1_89' title='bbox 611 1301 768 1348; x_wconf 77' lang='lat' dir='ltr'><strong>scribit</strong></span> <span class='ocrx_word' id='word_1_90' title='bbox 796 1317 809 1348; x_wconf 70' lang='grc' dir='ltr'>ε</span> <span class='ocrx_word' id='word_1_91' title='bbox 839 1299 1017 1349; x_wconf 83' lang='lat' dir='ltr'><strong><em>Caveat</em></strong></span> <span class='ocrx_word' id='word_1_92' title='bbox 1048 1299 1112 1348; x_wconf 90' lang='lat' dir='ltr'><em>le-</em></span> 
     </span>
     <span class='ocr_line' id='line_1_13' title="bbox 99 1381 1107 1446; baseline 0.001 -16"><span class='ocrx_word' id='word_1_93' title='bbox 99 1391 215 1443; x_wconf 84' lang='lat' dir='ltr'><em>ctor,</em></span> <span class='ocrx_word' id='word_1_94' title='bbox 233 1399 293 1430; x_wconf 84' lang='lat' dir='ltr'><em>ne</em></span> <span class='ocrx_word' id='word_1_95' title='bbox 302 1385 541 1431; x_wconf 75' lang='lat' dir='ltr'><em>existimet</em></span> <span class='ocrx_word' id='word_1_96' title='bbox 554 1397 647 1442; x_wconf 84' lang='lat' dir='ltr'><strong>eos,</strong></span> <span class='ocrx_word' id='word_1_97' title='bbox 663 1383 751 1446; x_wconf 84' lang='lat' dir='ltr'><em>qui</em></span> <span class='ocrx_word' id='word_1_98' title='bbox 756 1381 899 1446; x_wconf 82' lang='lat' dir='ltr'><em>fidem</em></span> <span class='ocrx_word' id='word_1_99' title='bbox 914 1381 1107 1445; x_wconf 74' lang='lat' dir='ltr'><em>habent,</em></span> 
     </span>
     <span class='ocr_line' id='line_1_14' title="bbox 99 1463 1112 1528; baseline 0.003 -16"><span class='ocrx_word' id='word_1_100' title='bbox 99 1466 347 1512; x_wconf 84' lang='lat' dir='ltr'><em>caritatem</em></span> <span class='ocrx_word' id='word_1_101' title='bbox 377 1472 533 1511; x_wconf 87' lang='lat' dir='ltr'><em>autem</em></span> <span class='ocrx_word' id='word_1_102' title='bbox 553 1479 651 1511; x_wconf 79' lang='lat' dir='ltr'><em>non</em></span> <span class='ocrx_word' id='word_1_103' title='bbox 684 1463 890 1528; x_wconf 78' lang='lat' dir='ltr'><em>habent,</em></span> <span class='ocrx_word' id='word_1_104' title='bbox 920 1465 1112 1515; x_wconf 76' lang='lat' dir='ltr'><em>Christi</em></span> 
     </span>
     <span class='ocr_line' id='line_1_15' title="bbox 95 1544 1112 1611; baseline 0.002 -17"><span class='ocrx_word' id='word_1_105' title='bbox 95 1562 196 1594; x_wconf 75' lang='lat' dir='ltr'><em>non</em></span> <span class='ocrx_word' id='word_1_106' title='bbox 218 1562 317 1594; x_wconf 81' lang='lat' dir='ltr'><strong>esse</strong></span> <span class='ocrx_word' id='word_1_107' title='bbox 344 1544 619 1611; x_wconf 81' lang='lat' dir='ltr'><strong>discipulos.</strong></span> <span class='ocrx_word' id='word_1_108' title='bbox 658 1545 790 1594; x_wconf 89' lang='lat' dir='ltr'><em>Nam</em></span> <span class='ocrx_word' id='word_1_109' title='bbox 833 1555 877 1595; x_wconf 88' lang='lat' dir='ltr'><em>et</em></span> <span class='ocrx_word' id='word_1_110' title='bbox 906 1546 984 1594; x_wconf 77' lang='lat' dir='ltr'><em>illi</em></span> <span class='ocrx_word' id='word_1_111' title='bbox 1013 1565 1112 1596; x_wconf 79' lang='lat' dir='ltr'><em>non</em></span> 
     </span>
     <span class='ocr_line' id='line_1_16' title="bbox 42 1620 1111 1696; baseline 0.004 -20"><span class='ocrx_word' id='word_1_112' title='bbox 42 1620 46 1624; x_wconf 39' lang='lat'><strong><em>⁴</em></strong></span> <span class='ocrx_word' id='word_1_113' title='bbox 99 1628 253 1677; x_wconf 85' lang='lat' dir='ltr'><em>solum</em></span> <span class='ocrx_word' id='word_1_114' title='bbox 280 1630 473 1676; x_wconf 71' lang='lat' dir='ltr'><strong>nornine</strong></span> <span class='ocrx_word' id='word_1_115' title='bbox 491 1665 505 1688; x_wconf 85' lang='lat'>‚</span> <span class='ocrx_word' id='word_1_116' title='bbox 533 1629 616 1676; x_wconf 83' lang='lat' dir='ltr'><strong>sed</strong></span> <span class='ocrx_word' id='word_1_117' title='bbox 631 1646 682 1677; x_wconf 83' lang='lat' dir='ltr'><em>re</em></span> <span class='ocrx_word' id='word_1_118' title='bbox 707 1632 854 1678; x_wconf 79' lang='lat' dir='ltr'><em>etiam</em></span> <span class='ocrx_word' id='word_1_119' title='bbox 881 1632 989 1696; x_wconf 82' lang='lat' dir='ltr'><strong>ipsa</strong></span> <span class='ocrx_word' id='word_1_120' title='bbox 1017 1632 1111 1680; x_wconf 82' lang='lat' dir='ltr'><strong>dis-</strong></span> 
     </span>
     <span class='ocr_line' id='line_1_17' title="bbox 94 1711 1113 1779; baseline 0.003 -20"><span class='ocrx_word' id='word_1_121' title='bbox 94 1711 255 1778; x_wconf 76' lang='lat' dir='ltr'><strong>cipuli</strong></span> <span class='ocrx_word' id='word_1_122' title='bbox 269 1720 382 1760; x_wconf 79' lang='lat' dir='ltr'><em>suut</em></span> <span class='ocrx_word' id='word_1_123' title='bbox 400 1749 412 1772; x_wconf 93' lang='lat'><strong><em>‚</em></strong></span> <span class='ocrx_word' id='word_1_124' title='bbox 431 1729 542 1759; x_wconf 82' lang='lat' dir='ltr'><em>cum</em></span> <span class='ocrx_word' id='word_1_125' title='bbox 567 1712 626 1760; x_wconf 88' lang='lat' dir='ltr'><em>ab</em></span> <span class='ocrx_word' id='word_1_126' title='bbox 643 1730 695 1760; x_wconf 89' lang='lat' dir='ltr'><em>eo</em></span> <span class='ocrx_word' id='word_1_127' title='bbox 720 1713 911 1761; x_wconf 79' lang='lat' dir='ltr'><em>discant</em></span> <span class='ocrx_word' id='word_1_128' title='bbox 930 1750 946 1776; x_wconf 91' lang='lat'>‚</span> <span class='ocrx_word' id='word_1_129' title='bbox 972 1723 1113 1779; x_wconf 85' lang='lat' dir='ltr'><em>atque</em></span> 
     </span>
     <span class='ocr_line' id='line_1_18' title="bbox 97 1792 1108 1860; baseline 0.003 -21"><span class='ocrx_word' id='word_1_130' title='bbox 97 1792 177 1840; x_wconf 83' lang='lat' dir='ltr'><strong>illi</strong></span> <span class='ocrx_word' id='word_1_131' title='bbox 194 1802 423 1858; x_wconf 82' lang='lat' dir='ltr'><em>tanquam</em></span> <span class='ocrx_word' id='word_1_132' title='bbox 450 1811 559 1841; x_wconf 83' lang='lat' dir='ltr'><em>vero</em></span> <span class='ocrx_word' id='word_1_133' title='bbox 571 1797 862 1860; x_wconf 75' lang='lat' dir='ltr'><em>praeceptori</em></span> <span class='ocrx_word' id='word_1_134' title='bbox 875 1795 1108 1858; x_wconf 74' lang='lat' dir='ltr'><em>credant,-</em></span> 
     </span>
     <span class='ocr_line' id='line_1_19' title="bbox 94 1875 1111 1942; baseline 0.003 -20"><span class='ocrx_word' id='word_1_135' title='bbox 94 1882 303 1923; x_wconf 79' lang='lat' dir='ltr'><em>ceteram</em></span> <span class='ocrx_word' id='word_1_136' title='bbox 331 1877 603 1924; x_wconf 72' lang='lat' dir='ltr'><em>imitatione</em></span> <span class='ocrx_word' id='word_1_137' title='bbox 626 1893 812 1924; x_wconf 85' lang='lat' dir='ltr'><em>morum</em></span> <span class='ocrx_word' id='word_1_138' title='bbox 835 1875 939 1942; x_wconf 83' lang='lat' dir='ltr'><em>ejas</em></span> <span class='ocrx_word' id='word_1_139' title='bbox 963 1877 1111 1925; x_wconf 84' lang='lat' dir='ltr'><strong>disei-</strong></span> 
     </span>
     <span class='ocr_line' id='line_1_20' title="bbox 92 1956 1113 2024; baseline 0.004 -20"><span class='ocrx_word' id='word_1_140' title='bbox 92 1956 205 2022; x_wconf 83' lang='lat' dir='ltr'><em>puli</em></span> <span class='ocrx_word' id='word_1_141' title='bbox 237 1973 338 2006; x_wconf 79' lang='lat' dir='ltr'><em>non</em></span> <span class='ocrx_word' id='word_1_142' title='bbox 376 1967 520 2019; x_wconf 77' lang='lat' dir='ltr'><em>sunt,</em></span> <span class='ocrx_word' id='word_1_143' title='bbox 552 1961 693 2024; x_wconf 82' lang='lat' dir='ltr'><em>quia,</em></span> <span class='ocrx_word' id='word_1_144' title='bbox 727 1959 854 2024; x_wconf 83' lang='lat' dir='ltr'><em>quod</em></span> <span class='ocrx_word' id='word_1_145' title='bbox 889 1959 1113 2010; x_wconf 77' lang='lat' dir='ltr'><em>Christus</em></span> 
     </span>
     <span class='ocr_line' id='line_1_21' title="bbox 99 2038 1112 2108; baseline 0.006 -23"><span class='ocrx_word' id='word_1_146' title='bbox 99 2038 295 2103; x_wconf 60' lang='lat' dir='ltr'><em>«iniqu,</em></span> <span class='ocrx_word' id='word_1_147' title='bbox 345 2042 446 2106; x_wconf 84' lang='lat' dir='ltr'><strong>ipsi</strong></span> <span class='ocrx_word' id='word_1_148' title='bbox 485 2058 585 2089; x_wconf 80' lang='lat' dir='ltr'><em>uon</em></span> <span class='ocrx_word' id='word_1_149' title='bbox 623 2042 848 2107; x_wconf 76' lang='lat' dir='ltr'><em>diliqunt.</em></span> <span class='ocrx_word' id='word_1_150' title='bbox 889 2041 960 2092; x_wconf 84' lang='lat' dir='ltr'><em>Et</em></span> <span class='ocrx_word' id='word_1_151' title='bbox 994 2045 1112 2108; x_wconf 83' lang='lat' dir='ltr'><em>quia</em></span> 
     </span>
     <span class='ocr_line' id='line_1_22' title="bbox 99 2117 1112 2172; baseline 0.006 -6"><span class='ocrx_word' id='word_1_152' title='bbox 99 2117 184 2167; x_wconf 78' lang='lat' dir='ltr'><em>hoa</em></span> <span class='ocrx_word' id='word_1_153' title='bbox 216 2123 362 2168; x_wconf 80' lang='lat' dir='ltr'><em>etiam</em></span> <span class='ocrx_word' id='word_1_154' title='bbox 391 2123 528 2170; x_wconf 83' lang='lat' dir='ltr'><em>modo</em></span> <span class='ocrx_word' id='word_1_155' title='bbox 554 2123 658 2171; x_wconf 84' lang='lat' dir='ltr'><em>vult</em></span> <span class='ocrx_word' id='word_1_156' title='bbox 702 2123 922 2172; x_wconf 77' lang='lat' dir='ltr'><em>Christus</em></span> <span class='ocrx_word' id='word_1_157' title='bbox 951 2141 1112 2172; x_wconf 81' lang='lat' dir='ltr'><strong>omnes</strong></span> 
     </span>
     <span class='ocr_line' id='line_1_23' title="bbox 96 2199 1115 2270; baseline 0.008 -24"><span class='ocrx_word' id='word_1_158' title='bbox 96 2199 312 2249; x_wconf 66' lang='lat' dir='ltr'><em>&#39;contines</em></span> <span class='ocrx_word' id='word_1_159' title='bbox 341 2202 604 2269; x_wconf 80' lang='lat' dir='ltr'><strong>discipulos</strong></span> <span class='ocrx_word' id='word_1_160' title='bbox 635 2221 746 2252; x_wconf 79' lang='lat' dir='ltr'><strong>suos</strong></span> <span class='ocrx_word' id='word_1_161' title='bbox 773 2222 871 2253; x_wconf 78' lang='lat' dir='ltr'><strong>esse</strong></span> <span class='ocrx_word' id='word_1_162' title='bbox 891 2243 906 2265; x_wconf 88' lang='lat'><em>.,</em></span> <span class='ocrx_word' id='word_1_163' title='bbox 948 2214 994 2253; x_wconf 88' lang='lat' dir='ltr'><em>et</em></span> <span class='ocrx_word' id='word_1_164' title='bbox 1023 2207 1115 2270; x_wconf 83' lang='lat' dir='ltr'><em>qui</em></span> 
     </span>
     <span class='ocr_line' id='line_1_24' title="bbox 98 2281 1114 2349; baseline 0.007 -21"><span class='ocrx_word' id='word_1_165' title='bbox 98 2281 184 2329; x_wconf 78' lang='lat' dir='ltr'><em>hoc</em></span> <span class='ocrx_word' id='word_1_166' title='bbox 226 2283 450 2346; x_wconf 79' lang='lat' dir='ltr'><em>faciunt,</em></span> <span class='ocrx_word' id='word_1_167' title='bbox 495 2302 592 2333; x_wconf 78' lang='lat' dir='ltr'><em>non</em></span> <span class='ocrx_word' id='word_1_168' title='bbox 635 2286 787 2334; x_wconf 63' lang='lat' dir='ltr'><em>solum?</em></span> <span class='ocrx_word' id='word_1_169' title='bbox 830 2292 937 2335; x_wconf 81' lang='lat' dir='ltr'><em>veri</em></span> <span class='ocrx_word' id='word_1_170' title='bbox 963 2322 981 2349; x_wconf 88' lang='lat'>‚</span> <span class='ocrx_word' id='word_1_171' title='bbox 1029 2287 1114 2335; x_wconf 79' lang='lat' dir='ltr'><em>sed</em></span> 
     </span>
     <span class='ocr_line' id='line_1_25' title="bbox 96 2364 1108 2433; baseline 0.006 -23"><span class='ocrx_word' id='word_1_172' title='bbox 96 2364 242 2410; x_wconf 89' lang='lat' dir='ltr'><em>etiam</em></span> <span class='ocrx_word' id='word_1_173' title='bbox 278 2365 480 2429; x_wconf 83' lang='lat' dir='ltr'><em>perfecti</em></span> <span class='ocrx_word' id='word_1_174' title='bbox 536 2366 770 2433; x_wconf 80' lang='lat' dir='ltr'><strong>discipuli</strong></span> <span class='ocrx_word' id='word_1_175' title='bbox 818 2370 922 2433; x_wconf 74' lang='lat' dir='ltr'><strong>ejus</strong></span> <span class='ocrx_word' id='word_1_176' title='bbox 960 2378 1076 2418; x_wconf 80' lang='lat' dir='ltr'><em>suut</em></span> <span class='ocrx_word' id='word_1_177' title='bbox 1094 2406 1108 2429; x_wconf 87' lang='lat'><strong>,</strong></span> 
     </span>
     <span class='ocr_line' id='line_1_26' title="bbox 97 2445 1111 2514; baseline 0.007 -22"><span class='ocrx_word' id='word_1_178' title='bbox 97 2445 286 2493; x_wconf 82' lang='lat' dir='ltr'><em>indicat</em></span> <span class='ocrx_word' id='word_1_179' title='bbox 307 2447 428 2495; x_wconf 85' lang='lat' dir='ltr'><em>alios</em></span> <span class='ocrx_word' id='word_1_180' title='bbox 446 2485 459 2508; x_wconf 89' lang='lat'>‚</span> <span class='ocrx_word' id='word_1_181' title='bbox 501 2450 590 2514; x_wconf 84' lang='lat' dir='ltr'><em>qui</em></span> <span class='ocrx_word' id='word_1_182' title='bbox 610 2449 756 2513; x_wconf 81' lang='lat' dir='ltr'><em>fidem</em></span> <span class='ocrx_word' id='word_1_183' title='bbox 791 2449 965 2498; x_wconf 77' lang='lat' dir='ltr'><em>habent</em></span> <span class='ocrx_word' id='word_1_184' title='bbox 984 2487 999 2511; x_wconf 91' lang='lat'><strong>,</strong></span> <span class='ocrx_word' id='word_1_185' title='bbox 1032 2451 1111 2499; x_wconf 82' lang='lat' dir='ltr'><em>di-</em></span> 
     </span>
     <span class='ocr_line' id='line_1_27' title="bbox 94 2527 1111 2593; baseline 0.005 -16"><span class='ocrx_word' id='word_1_186' title='bbox 94 2527 339 2577; x_wconf 78' lang='lat' dir='ltr'><em>lectionem</em></span> <span class='ocrx_word' id='word_1_187' title='bbox 360 2538 519 2578; x_wconf 78' lang='lat' dir='ltr'><em>autem</em></span> <span class='ocrx_word' id='word_1_188' title='bbox 546 2547 644 2579; x_wconf 80' lang='lat' dir='ltr'><em>non</em></span> <span class='ocrx_word' id='word_1_189' title='bbox 660 2531 833 2581; x_wconf 79' lang='lat' dir='ltr'><em>habeut</em></span> <span class='ocrx_word' id='word_1_190' title='bbox 845 2571 857 2593; x_wconf 90' lang='lat'>,</span> <span class='ocrx_word' id='word_1_191' title='bbox 877 2550 989 2581; x_wconf 82' lang='lat' dir='ltr'><strong>suos</strong></span> <span class='ocrx_word' id='word_1_192' title='bbox 1012 2551 1111 2582; x_wconf 80' lang='lat' dir='ltr'><em>non</em></span> 
     </span>
     <span class='ocr_line' id='line_1_28' title="bbox 95 2610 1110 2680; baseline 0.005 -22"><span class='ocrx_word' id='word_1_193' title='bbox 95 2626 194 2658; x_wconf 76' lang='lat' dir='ltr'><strong>esse</strong></span> <span class='ocrx_word' id='word_1_194' title='bbox 217 2610 508 2676; x_wconf 48' lang='lat' dir='ltr'><strong>discipulam</strong></span> <span class='ocrx_word' id='word_1_195' title='bbox 535 2614 608 2660; x_wconf 86' lang='lat' dir='ltr'><em>sic</em></span> <span class='ocrx_word' id='word_1_196' title='bbox 630 2612 777 2678; x_wconf 80' lang='lat' dir='ltr'><em>plane</em></span> <span class='ocrx_word' id='word_1_197' title='bbox 794 2651 808 2674; x_wconf 87' lang='lat'><em>‚</em></span> <span class='ocrx_word' id='word_1_198' title='bbox 845 2623 899 2662; x_wconf 75' lang='lat' dir='ltr'><em>ut</em></span> <span class='ocrx_word' id='word_1_199' title='bbox 930 2617 978 2662; x_wconf 82' lang='lat' dir='ltr'><em>si</em></span> <span class='ocrx_word' id='word_1_200' title='bbox 1000 2620 1110 2680; x_wconf 83' lang='lat' dir='ltr'><strong>quis</strong></span> 
     </span>
     <span class='ocr_line' id='line_1_29' title="bbox 54 2695 1110 2762; baseline 0.004 -21"><span class='ocrx_word' id='word_1_201' title='bbox 54 2695 56 2697; x_wconf 67' lang='grc'><strong><em>’</em></strong></span> <span class='ocrx_word' id='word_1_202' title='bbox 90 2700 233 2758; x_wconf 83' lang='lat' dir='ltr'><em>pater</em></span> <span class='ocrx_word' id='word_1_203' title='bbox 267 2701 406 2758; x_wconf 76' lang='lat' dir='ltr'><em>neqet</em></span> <span class='ocrx_word' id='word_1_204' title='bbox 422 2732 436 2755; x_wconf 93' lang='lat'><strong>,</strong></span> <span class='ocrx_word' id='word_1_205' title='bbox 475 2711 552 2743; x_wconf 84' lang='lat' dir='ltr'><strong>eos</strong></span> <span class='ocrx_word' id='word_1_206' title='bbox 582 2711 692 2744; x_wconf 78' lang='lat' dir='ltr'><strong>suos</strong></span> <span class='ocrx_word' id='word_1_207' title='bbox 717 2712 815 2744; x_wconf 85' lang='lat' dir='ltr'><strong>esse</strong></span> <span class='ocrx_word' id='word_1_208' title='bbox 832 2696 964 2760; x_wconf 83' lang='lat' dir='ltr'><strong>filios</strong></span> <span class='ocrx_word' id='word_1_209' title='bbox 981 2734 995 2758; x_wconf 93' lang='lat'>,</span> <span class='ocrx_word' id='word_1_210' title='bbox 1021 2699 1110 2762; x_wconf 80' lang='lat' dir='ltr'><em>qui</em></span> 
     </span>
     <span class='ocr_line' id='line_1_30' title="bbox 97 2775 1108 2839; baseline 0.006 -18"><span class='ocrx_word' id='word_1_211' title='bbox 97 2775 192 2822; x_wconf 84' lang='lat' dir='ltr'><strong>sibi</strong></span> <span class='ocrx_word' id='word_1_212' title='bbox 228 2775 441 2824; x_wconf 78' lang='lat' dir='ltr'><strong>moribus</strong></span> <span class='ocrx_word' id='word_1_213' title='bbox 501 2776 764 2826; x_wconf 71' lang='lat' dir='ltr'><em>dissimiles</em></span> <span class='ocrx_word' id='word_1_214' title='bbox 806 2786 920 2826; x_wconf 79' lang='lat' dir='ltr'><em>suut</em></span> <span class='ocrx_word' id='word_1_215' title='bbox 950 2817 964 2839; x_wconf 92' lang='lat'>‚</span> <span class='ocrx_word' id='word_1_216' title='bbox 1009 2796 1108 2827; x_wconf 75' lang='lat' dir='ltr'><em>non</em></span> 
     </span>
     <span class='ocr_line' id='line_1_31' title="bbox 96 2856 1110 2926; baseline 0.006 -23"><span class='ocrx_word' id='word_1_217' title='bbox 96 2856 221 2919; x_wconf 81' lang='lat' dir='ltr'><em>quod</em></span> <span class='ocrx_word' id='word_1_218' title='bbox 255 2873 360 2904; x_wconf 84' lang='lat' dir='ltr'><em>vere</em></span> <span class='ocrx_word' id='word_1_219' title='bbox 396 2874 495 2906; x_wconf 74' lang='lat' dir='ltr'><em>nou</em></span> <span class='ocrx_word' id='word_1_220' title='bbox 540 2860 642 2906; x_wconf 82' lang='lat' dir='ltr'><em>sint</em></span> <span class='ocrx_word' id='word_1_221' title='bbox 684 2859 787 2924; x_wconf 79' lang='lat' dir='ltr'><em>filii</em></span> <span class='ocrx_word' id='word_1_222' title='bbox 804 2895 818 2921; x_wconf 91' lang='lat'><strong>‚</strong></span> <span class='ocrx_word' id='word_1_223' title='bbox 862 2859 946 2908; x_wconf 84' lang='lat' dir='ltr'><em>sed</em></span> <span class='ocrx_word' id='word_1_224' title='bbox 982 2860 1110 2926; x_wconf 80' lang='lat' dir='ltr'><em>quad</em></span> 
     </span>
     <span class='ocr_line' id='line_1_32' title="bbox 96 2939 1107 3007; baseline 0.005 -21"><span class='ocrx_word' id='word_1_225' title='bbox 96 2953 197 2987; x_wconf 75' lang='lat' dir='ltr'><em>nou</em></span> <span class='ocrx_word' id='word_1_226' title='bbox 236 2939 401 3004; x_wconf 84' lang='lat' dir='ltr'><em>quales</em></span> <span class='ocrx_word' id='word_1_227' title='bbox 441 2957 539 2989; x_wconf 80' lang='lat' dir='ltr'><strong>esse</strong></span> <span class='ocrx_word' id='word_1_228' title='bbox 591 2941 850 3007; x_wconf 76' lang='lat' dir='ltr'><em>oportebat.</em></span> <span class='ocrx_word' id='word_1_229' title='bbox 902 2940 1107 2991; x_wconf 78' lang='lat' dir='ltr'><em>Frustra</em></span> 
     </span>
     <span class='ocr_line' id='line_1_33' title="bbox 98 3021 1106 3090; baseline 0.008 -24"><span class='ocrx_word' id='word_1_230' title='bbox 98 3021 401 3087; x_wconf 20' lang='lat' dir='ltr'><em>appellamur(</em></span> <span class='ocrx_word' id='word_1_231' title='bbox 436 3023 697 3073; x_wconf 81' lang='lat' dir='ltr'><em>christiani</em></span> <span class='ocrx_word' id='word_1_232' title='bbox 746 3025 951 3090; x_wconf 82' lang='lat' dir='ltr'><strong>(scribit</strong></span> <span class='ocrx_word' id='word_1_233' title='bbox 981 3026 1106 3086; x_wconf 89' lang='lat' dir='ltr'><em>Leo,</em></span> 
     </span>
     <span class='ocr_line' id='line_1_34' title="bbox 100 3102 1106 3169; baseline 0.008 -21"><span class='ocrx_word' id='word_1_234' title='bbox 100 3117 236 3152; x_wconf 75' lang='lat' dir='ltr'><strong>sem.</strong></span> <span class='ocrx_word' id='word_1_235' title='bbox 262 3102 297 3152; x_wconf 89' lang='lat'>6</span> <span class='ocrx_word' id='word_1_236' title='bbox 315 3143 329 3165; x_wconf 86' lang='lat'>‚</span> <span class='ocrx_word' id='word_1_237' title='bbox 358 3107 432 3153; x_wconf 90' lang='lat' dir='ltr'><em>De</em></span> <span class='ocrx_word' id='word_1_238' title='bbox 461 3106 672 3158; x_wconf 85' lang='lat' dir='ltr'><em>Nativit.</em></span> <span class='ocrx_word' id='word_1_239' title='bbox 689 3108 733 3169; x_wconf 93' lang='lat'><em>),</em></span> <span class='ocrx_word' id='word_1_240' title='bbox 771 3109 819 3156; x_wconf 80' lang='lat' dir='ltr'><em>si</em></span> <span class='ocrx_word' id='word_1_241' title='bbox 844 3109 1106 3156; x_wconf 83' lang='lat' dir='ltr'><em>imitatores</em></span> 
     </span>
     <span class='ocr_line' id='line_1_35' title="bbox 102 3187 1106 3254; baseline 0.009 -25"><span class='ocrx_word' id='word_1_242' title='bbox 102 3197 201 3230; x_wconf 75' lang='lat' dir='ltr'><em>non</em></span> <span class='ocrx_word' id='word_1_243' title='bbox 227 3201 394 3235; x_wconf 81' lang='lat' dir='ltr'><strong>sumus</strong></span> <span class='ocrx_word' id='word_1_244' title='bbox 413 3187 602 3236; x_wconf 74' lang='lat' dir='ltr'><em>Christi</em></span> <span class='ocrx_word' id='word_1_245' title='bbox 625 3226 639 3250; x_wconf 86' lang='lat'>‚</span> <span class='ocrx_word' id='word_1_246' title='bbox 667 3191 754 3254; x_wconf 87' lang='lat' dir='ltr'><em>qui</em></span> <span class='ocrx_word' id='word_1_247' title='bbox 779 3190 885 3238; x_wconf 85' lang='lat' dir='ltr'><em>ideo</em></span> <span class='ocrx_word' id='word_1_248' title='bbox 903 3207 951 3237; x_wconf 83' lang='lat' dir='ltr'><em>se</em></span> <span class='ocrx_word' id='word_1_249' title='bbox 975 3192 1106 3238; x_wconf 85' lang='lat' dir='ltr'><em>viam</em></span> 
     </span>
     <span class='ocr_line' id='line_1_36' title="bbox 102 3262 1112 3336; baseline 0.011 -27"><span class='ocrx_word' id='word_1_250' title='bbox 102 3262 231 3312; x_wconf 70' lang='lat' dir='ltr'><em>dixit</em></span> <span class='ocrx_word' id='word_1_251' title='bbox 263 3283 359 3315; x_wconf 85' lang='lat' dir='ltr'><strong>esse</strong></span> <span class='ocrx_word' id='word_1_252' title='bbox 379 3306 394 3329; x_wconf 92' lang='lat'>‚</span> <span class='ocrx_word' id='word_1_253' title='bbox 447 3278 503 3317; x_wconf 87' lang='lat' dir='ltr'><em>ut</em></span> <span class='ocrx_word' id='word_1_254' title='bbox 549 3273 843 3319; x_wconf 79' lang='lat' dir='ltr'><em>conversatio</em></span> <span class='ocrx_word' id='word_1_255' title='bbox 890 3273 1112 3336; x_wconf 77' lang='lat' dir='ltr'><em>maqistri</em></span> 
     </span>
     <span class='ocr_line' id='line_1_37' title="bbox 95 3344 1112 3419; baseline 0.011 -28"><span class='ocrx_word' id='word_1_256' title='bbox 95 3344 257 3409; x_wconf 82' lang='lat' dir='ltr'><em>forma</em></span> <span class='ocrx_word' id='word_1_257' title='bbox 279 3359 395 3398; x_wconf 81' lang='lat' dir='ltr'><strong>esset</strong></span> <span class='ocrx_word' id='word_1_258' title='bbox 424 3351 689 3419; x_wconf 79' lang='lat' dir='ltr'><strong>discipuli,</strong></span> <span class='ocrx_word' id='word_1_259' title='bbox 719 3362 764 3402; x_wconf 79' lang='lat' dir='ltr'><em>et</em></span> <span class='ocrx_word' id='word_1_260' title='bbox 785 3352 920 3402; x_wconf 84' lang='lat' dir='ltr'><em>illam</em></span> <span class='ocrx_word' id='word_1_261' title='bbox 951 3353 1112 3402; x_wconf 77' lang='lat' dir='ltr'><em>humi-</em></span> 
     </span>
     <span class='ocr_line' id='line_1_38' title="bbox 103 3426 1107 3501; baseline 0.009 -27"><span class='ocrx_word' id='word_1_262' title='bbox 103 3426 282 3476; x_wconf 83' lang='lat' dir='ltr'><em>litatem</em></span> <span class='ocrx_word' id='word_1_263' title='bbox 309 3429 496 3495; x_wconf 74' lang='lat' dir='ltr'><em>eliqeret</em></span> <span class='ocrx_word' id='word_1_264' title='bbox 527 3451 722 3498; x_wconf 82' lang='lat' dir='ltr'><strong>servus,</strong></span> <span class='ocrx_word' id='word_1_265' title='bbox 747 3453 885 3501; x_wconf 82' lang='lat' dir='ltr'><em>quem</em></span> <span class='ocrx_word' id='word_1_266' title='bbox 906 3443 1107 3485; x_wconf 75' lang='lat' dir='ltr'><em>sectatus</em></span> 
     </span>
     <span class='ocr_line' id='line_1_39' title="bbox 103 3507 1106 3568; baseline 0.009 -11"><span class='ocrx_word' id='word_1_267' title='bbox 103 3517 170 3557; x_wconf 80' lang='lat' dir='ltr'><em>est</em></span> <span class='ocrx_word' id='word_1_268' title='bbox 188 3507 444 3562; x_wconf 73' lang='lat' dir='ltr'><em>Dominus.</em></span> <span class='ocrx_word' id='word_1_269' title='bbox 472 3513 537 3563; x_wconf 81' lang='lat' dir='ltr'><em>Ex</em></span> <span class='ocrx_word' id='word_1_270' title='bbox 553 3517 642 3566; x_wconf 73' lang='lat' dir='ltr'><em>hac</em></span> <span class='ocrx_word' id='word_1_271' title='bbox 668 3517 988 3568; x_wconf 83' lang='lat' dir='ltr'><em>observatione</em></span> <span class='ocrx_word' id='word_1_272' title='bbox 1002 3535 1106 3567; x_wconf 86' lang='lat' dir='ltr'><strong>cor·-</strong></span> 
     </span>
     <span class='ocr_line' id='line_1_40' title="bbox 102 3592 1110 3664; baseline 0.009 -24"><span class='ocrx_word' id='word_1_273' title='bbox 102 3594 214 3653; x_wconf 80' lang='lat' dir='ltr'><em>ruit‚</em></span> <span class='ocrx_word' id='word_1_274' title='bbox 234 3593 358 3659; x_wconf 89' lang='lat' dir='ltr'><em>quod</em></span> <span class='ocrx_word' id='word_1_275' title='bbox 376 3610 433 3643; x_wconf 82' lang='lat' dir='ltr'><strong>ex</strong></span> <span class='ocrx_word' id='word_1_276' title='bbox 447 3592 563 3644; x_wconf 80' lang='lat' dir='ltr'><strong>falso</strong></span> <span class='ocrx_word' id='word_1_277' title='bbox 578 3600 803 3664; x_wconf 79' lang='lat' dir='ltr'><strong>principio</strong></span> <span class='ocrx_word' id='word_1_278' title='bbox 817 3601 956 3650; x_wconf 85' lang='lat' dir='ltr'><strong>infert</strong></span> <span class='ocrx_word' id='word_1_279' title='bbox 972 3599 1110 3649; x_wconf 84' lang='lat' dir='ltr'><strong>New-</strong></span> 
     </span>
     <span class='ocr_line' id='line_1_41' title="bbox 103 3677 1110 3746; baseline 0.011 -25"><span class='ocrx_word' id='word_1_280' title='bbox 103 3691 212 3723; x_wconf 85' lang='lat' dir='ltr'><em>man</em></span> <span class='ocrx_word' id='word_1_281' title='bbox 234 3713 245 3733; x_wconf 94' lang='lat'>‚</span> <span class='ocrx_word' id='word_1_282' title='bbox 274 3692 351 3740; x_wconf 88' lang='lat' dir='ltr'><em>op.</em></span> <span class='ocrx_word' id='word_1_283' title='bbox 376 3677 456 3724; x_wconf 90' lang='lat' dir='ltr'><em>cit.</em></span> <span class='ocrx_word' id='word_1_284' title='bbox 476 3693 581 3742; x_wconf 84' lang='lat' dir='ltr'><em>pag.</em></span> <span class='ocrx_word' id='word_1_285' title='bbox 618 3677 709 3741; x_wconf 73' lang='lat'><em>241</em></span> <span class='ocrx_word' id='word_1_286' title='bbox 740 3697 755 3729; x_wconf 73' lang='grc' dir='ltr'><strong><em>ε</em></strong></span> <span class='ocrx_word' id='word_1_287' title='bbox 783 3681 1028 3746; x_wconf 74' lang='lat' dir='ltr'><em>Sequitur,</em></span> <span class='ocrx_word' id='word_1_288' title='bbox 1043 3698 1110 3731; x_wconf 82' lang='lat' dir='ltr'><em>so-</em></span> 
     </span>
    </p>
   </div>
   <div class='ocr_carea' id='block_1_5' title="bbox 1189 969 2210 1126">
    <p class='ocr_par' dir='ltr' id='par_1_5' title="bbox 1189 969 2210 1126">
     <span class='ocr_line' id='line_1_42' title="bbox 1189 969 2208 1041; baseline 0.01 -24"><span class='ocrx_word' id='word_1_289' title='bbox 1189 969 1286 1018; x_wconf 86' lang='lat' dir='ltr'><em>lam</em></span> <span class='ocrx_word' id='word_1_290' title='bbox 1326 973 1579 1036; x_wconf 79' lang='lat' dir='ltr'><em>antiquam</em></span> <span class='ocrx_word' id='word_1_291' title='bbox 1640 990 1724 1022; x_wconf 80' lang='lat' dir='ltr'><strong>seu</strong></span> <span class='ocrx_word' id='word_1_292' title='bbox 1749 976 2058 1041; x_wconf 84' lang='lat' dir='ltr'><em>primitivam</em></span> <span class='ocrx_word' id='word_1_293' title='bbox 2109 976 2208 1026; x_wconf 83' lang='lat' dir='ltr'><em>Ec-</em></span> 
     </span>
     <span class='ocr_line' id='line_1_43' title="bbox 1190 1052 2210 1126; baseline 0.009 -26"><span class='ocrx_word' id='word_1_294' title='bbox 1190 1052 1387 1102; x_wconf 82' lang='lat' dir='ltr'><strong>clesiam</strong></span> <span class='ocrx_word' id='word_1_295' title='bbox 1403 1055 1541 1103; x_wconf 79' lang='lat' dir='ltr'><strong>nobis</strong></span> <span class='ocrx_word' id='word_1_296' title='bbox 1549 1071 1687 1121; x_wconf 80' lang='lat' dir='ltr'><strong>posse</strong></span> <span class='ocrx_word' id='word_1_297' title='bbox 1713 1057 1928 1122; x_wconf 83' lang='lat' dir='ltr'><em>proebere</em></span> <span class='ocrx_word' id='word_1_298' title='bbox 1941 1059 2210 1126; x_wconf 70' lang='lat' dir='ltr'><em>exemplum</em></span> 
     </span>
    </p>
   </div>
   <div class='ocr_carea' id='block_1_6' title="bbox 1183 1134 2209 1202">
    <p class='ocr_par' dir='ltr' id='par_1_6' title="bbox 1183 1134 2209 1202">
     <span class='ocr_line' id='line_1_44' title="bbox 1183 1134 2209 1202; baseline 0.009 -20"><span class='ocrx_word' id='word_1_299' title='bbox 1183 1134 1307 1199; x_wconf 84' lang='lat' dir='ltr'><em>fidei</em></span> <span class='ocrx_word' id='word_1_300' title='bbox 1358 1153 1490 1196; x_wconf 85' lang='lat' dir='ltr'><strong>suoe,</strong></span> <span class='ocrx_word' id='word_1_301' title='bbox 1527 1138 1760 1202; x_wconf 79' lang='lat' dir='ltr'><em>quamdiu</em></span> <span class='ocrx_word' id='word_1_302' title='bbox 1787 1141 1844 1187; x_wconf 82' lang='lat' dir='ltr'><em>iu</em></span> <span class='ocrx_word' id='word_1_303' title='bbox 1885 1157 1934 1189; x_wconf 88' lang='lat' dir='ltr'><em>se</em></span> <span class='ocrx_word' id='word_1_304' title='bbox 1974 1144 2209 1191; x_wconf 79' lang='lat' dir='ltr'><em>unitatem</em></span> 
     </span>
    </p>
   </div>
   <div class='ocr_carea' id='block_1_7' title="bbox 1185 1216 2212 3756">
    <p class='ocr_par' dir='ltr' id='par_1_7' title="bbox 1185 1216 2212 3756">
     <span class='ocr_line' id='line_1_45' title="bbox 1190 1216 2207 1288; baseline 0.01 -24"><span class='ocrx_word' id='word_1_305' title='bbox 1190 1216 1428 1268; x_wconf 70' lang='lat' dir='ltr'><em>exhibuit.</em></span> <span class='ocrx_word' id='word_1_306' title='bbox 1452 1218 1520 1266; x_wconf 87' lang='lat' dir='ltr'><strong>De</strong></span> <span class='ocrx_word' id='word_1_307' title='bbox 1539 1237 1631 1284; x_wconf 87' lang='lat' dir='ltr'><em>qua</em></span> <span class='ocrx_word' id='word_1_308' title='bbox 1660 1238 1794 1285; x_wconf 79' lang='lat' dir='ltr'><em>porro</em></span> <span class='ocrx_word' id='word_1_309' title='bbox 1810 1222 2017 1288; x_wconf 81' lang='lat' dir='ltr'><em>loquitur</em></span> <span class='ocrx_word' id='word_1_310' title='bbox 2043 1224 2207 1274; x_wconf 89' lang='lat' dir='ltr'><strong>Eccle-</strong></span> 
     </span>
     <span class='ocr_line' id='line_1_46' title="bbox 1192 1298 2211 1366; baseline 0.008 -18"><span class='ocrx_word' id='word_1_311' title='bbox 1192 1301 1298 1348; x_wconf 79' lang='lat' dir='ltr'><strong>sia?</strong></span> <span class='ocrx_word' id='word_1_312' title='bbox 1329 1298 1377 1346; x_wconf 87' lang='lat' dir='ltr'><strong>Si</strong></span> <span class='ocrx_word' id='word_1_313' title='bbox 1413 1300 1472 1348; x_wconf 90' lang='lat' dir='ltr'><strong>de</strong></span> <span class='ocrx_word' id='word_1_314' title='bbox 1500 1303 1609 1364; x_wconf 81' lang='lat' dir='ltr'><strong>ipsis</strong></span> <span class='ocrx_word' id='word_1_315' title='bbox 1652 1301 1748 1366; x_wconf 83' lang='lat' dir='ltr'><strong>ejus</strong></span> <span class='ocrx_word' id='word_1_316' title='bbox 1784 1303 2084 1354; x_wconf 84' lang='lat' dir='ltr'><strong>incunabulis</strong></span> <span class='ocrx_word' id='word_1_317' title='bbox 2115 1307 2211 1356; x_wconf 84' lang='lat' dir='ltr'><strong>dis-</strong></span> 
     </span>
     <span class='ocr_line' id='line_1_47' title="bbox 1193 1381 2208 1447; baseline 0.008 -18"><span class='ocrx_word' id='word_1_318' title='bbox 1193 1384 1326 1441; x_wconf 83' lang='lat' dir='ltr'><strong>serit,</strong></span> <span class='ocrx_word' id='word_1_319' title='bbox 1345 1382 1532 1447; x_wconf 84' lang='lat' dir='ltr'><em>quando</em></span> <span class='ocrx_word' id='word_1_320' title='bbox 1558 1381 1895 1433; x_wconf 71' lang='lat' dir='ltr'><em>multitudinis</em></span> <span class='ocrx_word' id='word_1_321' title='bbox 1914 1387 2208 1437; x_wconf 79' lang='lat' dir='ltr'><em>credentium</em></span> 
     </span>
     <span class='ocr_line' id='line_1_48' title="bbox 1191 1455 2212 1534; baseline 0.009 -25"><span class='ocrx_word' id='word_1_322' title='bbox 1191 1469 1298 1509; x_wconf 81' lang='lat' dir='ltr'><em>erat</em></span> <span class='ocrx_word' id='word_1_323' title='bbox 1323 1478 1405 1509; x_wconf 87' lang='lat' dir='ltr'><em>eor</em></span> <span class='ocrx_word' id='word_1_324' title='bbox 1429 1479 1586 1510; x_wconf 81' lang='lat' dir='ltr'><em>uuum</em></span> <span class='ocrx_word' id='word_1_325' title='bbox 1615 1455 1659 1510; x_wconf 62' lang='lat' dir='ltr'><em>bt</em></span> <span class='ocrx_word' id='word_1_326' title='bbox 1681 1466 1847 1512; x_wconf 81' lang='lat' dir='ltr'><em>anima</em></span> <span class='ocrx_word' id='word_1_327' title='bbox 1876 1482 1979 1514; x_wconf 82' lang='lat' dir='ltr'><em>uua</em></span> <span class='ocrx_word' id='word_1_328' title='bbox 1997 1504 2011 1527; x_wconf 94' lang='lat'>,</span> <span class='ocrx_word' id='word_1_329' title='bbox 2047 1485 2212 1534; x_wconf 89' lang='lat' dir='ltr'><strong>seque-</strong></span> 
     </span>
     <span class='ocr_line' id='line_1_49' title="bbox 1192 1544 2211 1611; baseline 0.009 -20"><span class='ocrx_word' id='word_1_330' title='bbox 1192 1544 1590 1605; x_wconf 84' lang='lat' dir='ltr'><strong>retur‚Ecclesiam</strong></span> <span class='ocrx_word' id='word_1_331' title='bbox 1607 1563 1861 1611; x_wconf 85' lang='lat' dir='ltr'><em>paucorum</em></span> <span class='ocrx_word' id='word_1_332' title='bbox 1876 1548 2056 1597; x_wconf 88' lang='lat' dir='ltr'><strong>dierum</strong></span> <span class='ocrx_word' id='word_1_333' title='bbox 2073 1553 2211 1601; x_wconf 83' lang='lat' dir='ltr'><strong>unice</strong></span> 
     </span>
     <span class='ocr_line' id='line_1_50' title="bbox 1192 1628 2207 1697; baseline 0.008 -22"><span class='ocrx_word' id='word_1_334' title='bbox 1192 1628 1328 1676; x_wconf 86' lang='lat' dir='ltr'><strong>nobis</strong></span> <span class='ocrx_word' id='word_1_335' title='bbox 1361 1646 1492 1693; x_wconf 86' lang='lat' dir='ltr'><strong>posse</strong></span> <span class='ocrx_word' id='word_1_336' title='bbox 1522 1631 1728 1693; x_wconf 85' lang='lat' dir='ltr'><strong>praebere</strong></span> <span class='ocrx_word' id='word_1_337' title='bbox 1754 1629 2022 1697; x_wconf 88' lang='lat' dir='ltr'><strong>exemplum</strong></span> <span class='ocrx_word' id='word_1_338' title='bbox 2061 1633 2168 1682; x_wconf 84' lang='lat' dir='ltr'><strong>fidei</strong></span> <span class='ocrx_word' id='word_1_339' title='bbox 2192 1671 2207 1694; x_wconf 86' lang='lat'><em>‚</em></span> 
     </span>
     <span class='ocr_line' id='line_1_51' title="bbox 1193 1710 2211 1782; baseline 0.01 -26"><span class='ocrx_word' id='word_1_340' title='bbox 1193 1710 1319 1776; x_wconf 88' lang='lat' dir='ltr'><em>quod</em></span> <span class='ocrx_word' id='word_1_341' title='bbox 1344 1713 1620 1776; x_wconf 81' lang='lat' dir='ltr'><em>putoipsum</em></span> <span class='ocrx_word' id='word_1_342' title='bbox 1649 1730 1746 1760; x_wconf 90' lang='lat' dir='ltr'><em>non</em></span> <span class='ocrx_word' id='word_1_343' title='bbox 1775 1713 2050 1777; x_wconf 74' lang='lat' dir='ltr'><em>admittere3</em></span> <span class='ocrx_word' id='word_1_344' title='bbox 2083 1717 2211 1782; x_wconf 88' lang='lat' dir='ltr'><em>quod</em></span> 
     </span>
     <span class='ocr_line' id='line_1_52' title="bbox 1193 1793 2211 1862; baseline 0.008 -23"><span class='ocrx_word' id='word_1_345' title='bbox 1193 1795 1231 1840; x_wconf 83' lang='lat' dir='ltr'><em>si</em></span> <span class='ocrx_word' id='word_1_346' title='bbox 1280 1793 1485 1858; x_wconf 83' lang='lat' dir='ltr'><em>loquitur</em></span> <span class='ocrx_word' id='word_1_347' title='bbox 1527 1795 1584 1842; x_wconf 91' lang='lat' dir='ltr'><strong>de</strong></span> <span class='ocrx_word' id='word_1_348' title='bbox 1624 1794 1828 1843; x_wconf 85' lang='lat' dir='ltr'><em>Ecclesia</em></span> <span class='ocrx_word' id='word_1_349' title='bbox 1861 1799 2211 1862; x_wconf 87' lang='lat' dir='ltr'><em>insequentium</em></span> 
     </span>
     <span class='ocr_line' id='line_1_53' title="bbox 1193 1875 2210 1946; baseline 0.008 -25"><span class='ocrx_word' id='word_1_350' title='bbox 1193 1875 1486 1935; x_wconf 81' lang='lat' dir='ltr'><strong>seculorum,</strong></span> <span class='ocrx_word' id='word_1_351' title='bbox 1533 1878 1638 1924; x_wconf 79' lang='lat' dir='ltr'><strong>satis</strong></span> <span class='ocrx_word' id='word_1_352' title='bbox 1680 1879 1721 1924; x_wconf 90' lang='lat' dir='ltr'><em>ei</em></span> <span class='ocrx_word' id='word_1_353' title='bbox 1750 1879 1836 1925; x_wconf 85' lang='lat' dir='ltr'><em>erit</em></span> <span class='ocrx_word' id='word_1_354' title='bbox 1868 1879 2025 1927; x_wconf 87' lang='lat' dir='ltr'><strong>oculos</strong></span> <span class='ocrx_word' id='word_1_355' title='bbox 2061 1880 2210 1946; x_wconf 86' lang='lat' dir='ltr'><strong>conji-</strong></span> 
     </span>
     <span class='ocr_line' id='line_1_54' title="bbox 1193 1958 2211 2023; baseline 0.006 -18"><span class='ocrx_word' id='word_1_356' title='bbox 1193 1974 1297 2006; x_wconf 83' lang='lat' dir='ltr'><strong>cere</strong></span> <span class='ocrx_word' id='word_1_357' title='bbox 1315 1960 1366 2005; x_wconf 88' lang='lat' dir='ltr'><strong>in</strong></span> <span class='ocrx_word' id='word_1_358' title='bbox 1388 1958 1667 2007; x_wconf 75' lang='lat' dir='ltr'><em>documenta</em></span> <span class='ocrx_word' id='word_1_359' title='bbox 1696 1959 1914 2008; x_wconf 84' lang='lat' dir='ltr'><em>historica</em></span> <span class='ocrx_word' id='word_1_360' title='bbox 1944 1996 1959 2023; x_wconf 91' lang='lat'>‚</span> <span class='ocrx_word' id='word_1_361' title='bbox 1994 1964 2116 2010; x_wconf 80' lang='lat' dir='ltr'><em>utin</em></span> <span class='ocrx_word' id='word_1_362' title='bbox 2143 1964 2211 2011; x_wconf 80' lang='lat' dir='ltr'><em>eis</em></span> 
     </span>
     <span class='ocr_line' id='line_1_55' title="bbox 1191 2039 2210 2108; baseline 0.007 -21"><span class='ocrx_word' id='word_1_363' title='bbox 1191 2041 1396 2087; x_wconf 81' lang='lat' dir='ltr'><strong>inveniat</strong></span> <span class='ocrx_word' id='word_1_364' title='bbox 1415 2042 1578 2106; x_wconf 89' lang='lat' dir='ltr'><strong>quovis</strong></span> <span class='ocrx_word' id='word_1_365' title='bbox 1595 2039 1752 2090; x_wconf 87' lang='lat' dir='ltr'><strong>seculo</strong></span> <span class='ocrx_word' id='word_1_366' title='bbox 1768 2043 1975 2108; x_wconf 84' lang='lat' dir='ltr'><em>exempla</em></span> <span class='ocrx_word' id='word_1_367' title='bbox 1988 2040 2210 2093; x_wconf 83' lang='lat' dir='ltr'><em>humanae</em></span> 
     </span>
     <span class='ocr_line' id='line_1_56' title="bbox 1192 2122 2212 2186; baseline 0.007 -17"><span class='ocrx_word' id='word_1_368' title='bbox 1192 2123 1493 2172; x_wconf 79' lang='lat' dir='ltr'><em>infirmitatis.</em></span> <span class='ocrx_word' id='word_1_369' title='bbox 1538 2122 1714 2172; x_wconf 87' lang='lat' dir='ltr'><strong>Ceteris</strong></span> <span class='ocrx_word' id='word_1_370' title='bbox 1755 2127 1933 2173; x_wconf 84' lang='lat' dir='ltr'><strong>omissis</strong></span> <span class='ocrx_word' id='word_1_371' title='bbox 1962 2162 1976 2186; x_wconf 90' lang='lat'>‚</span> <span class='ocrx_word' id='word_1_372' title='bbox 2014 2136 2082 2175; x_wconf 80' lang='lat' dir='ltr'><em>sat</em></span> <span class='ocrx_word' id='word_1_373' title='bbox 2126 2129 2212 2176; x_wconf 82' lang='lat' dir='ltr'><em>erit</em></span> 
     </span>
     <span class='ocr_line' id='line_1_57' title="bbox 1193 2203 2207 2265; baseline 0.005 -14"><span class='ocrx_word' id='word_1_374' title='bbox 1193 2204 1330 2252; x_wconf 86' lang='lat' dir='ltr'><em>verba</em></span> <span class='ocrx_word' id='word_1_375' title='bbox 1355 2203 1614 2254; x_wconf 84' lang='lat' dir='ltr'><strong>describere</strong></span> <span class='ocrx_word' id='word_1_376' title='bbox 1662 2205 1850 2254; x_wconf 87' lang='lat' dir='ltr'><strong>Eusebii</strong></span> <span class='ocrx_word' id='word_1_377' title='bbox 1874 2243 1887 2265; x_wconf 95' lang='lat'>‚</span> <span class='ocrx_word' id='word_1_378' title='bbox 1925 2207 2066 2261; x_wconf 72' lang='lat' dir='ltr'><strong>Hise.</strong></span> <span class='ocrx_word' id='word_1_379' title='bbox 2091 2207 2207 2259; x_wconf 86' lang='lat' dir='ltr'><strong>eccl.</strong></span> 
     </span>
     <span class='ocr_line' id='line_1_58' title="bbox 1191 2285 2211 2353; baseline 0.007 -21"><span class='ocrx_word' id='word_1_380' title='bbox 1191 2285 1425 2345; x_wconf 80' lang='lat' dir='ltr'><strong>lib..vni,</strong></span> <span class='ocrx_word' id='word_1_381' title='bbox 1463 2304 1566 2351; x_wconf 90' lang='lat' dir='ltr'><em>cap.</em></span> <span class='ocrx_word' id='word_1_382' title='bbox 1610 2303 1628 2335; x_wconf 88' lang='lat'>1</span> <span class='ocrx_word' id='word_1_383' title='bbox 1653 2322 1668 2346; x_wconf 91' lang='lat'><strong>‚</strong></span> <span class='ocrx_word' id='word_1_384' title='bbox 1709 2288 1879 2353; x_wconf 85' lang='lat' dir='ltr'><strong>quibus</strong></span> <span class='ocrx_word' id='word_1_385' title='bbox 1912 2298 2082 2338; x_wconf 80' lang='lat' dir='ltr'><em>statum</em></span> <span class='ocrx_word' id='word_1_386' title='bbox 2119 2290 2211 2340; x_wconf 86' lang='lat' dir='ltr'><em>Ec-</em></span> 
     </span>
     <span class='ocr_line' id='line_1_59' title="bbox 1191 2354 2209 2433; baseline 0.007 -20"><span class='ocrx_word' id='word_1_387' title='bbox 1191 2367 1338 2414; x_wconf 84' lang='lat' dir='ltr'><strong>clesiae</strong></span> <span class='ocrx_word' id='word_1_388' title='bbox 1385 2367 1521 2415; x_wconf 78' lang='lat' dir='ltr'><strong>nobis</strong></span> <span class='ocrx_word' id='word_1_389' title='bbox 1557 2368 1617 2415; x_wconf 83' lang='lat' dir='ltr'><em>ab</em></span> <span class='ocrx_word' id='word_1_390' title='bbox 1655 2369 1813 2416; x_wconf 85' lang='lat' dir='ltr'><strong>oculos</strong></span> <span class='ocrx_word' id='word_1_391' title='bbox 1839 2354 1970 2433; x_wconf 83' lang='lat' dir='ltr'><em>ponit</em></span> <span class='ocrx_word' id='word_1_392' title='bbox 2007 2373 2209 2421; x_wconf 85' lang='lat' dir='ltr'><em>instante</em></span> 
     </span>
     <span class='ocr_line' id='line_1_60' title="bbox 1190 2448 2206 2516; baseline 0.006 -21"><span class='ocrx_word' id='word_1_393' title='bbox 1190 2450 1506 2512; x_wconf 80' lang='lat' dir='ltr'><strong>persecutione</strong></span> <span class='ocrx_word' id='word_1_394' title='bbox 1552 2448 1860 2509; x_wconf 77' lang='lat' dir='ltr'><strong>Diocletiani,</strong></span> <span class='ocrx_word' id='word_1_395' title='bbox 1909 2468 2078 2516; x_wconf 84' lang='lat' dir='ltr'><strong>nempe</strong></span> <span class='ocrx_word' id='word_1_396' title='bbox 2115 2451 2206 2501; x_wconf 88' lang='lat' dir='ltr'><strong>sub</strong></span> 
     </span>
     <span class='ocr_line' id='line_1_61' title="bbox 1191 2530 2204 2584; baseline 0.006 -7"><span class='ocrx_word' id='word_1_397' title='bbox 1191 2530 1333 2578; x_wconf 85' lang='lat' dir='ltr'><strong>finem</strong></span> <span class='ocrx_word' id='word_1_398' title='bbox 1387 2531 1528 2578; x_wconf 88' lang='lat' dir='ltr'><strong>seculi</strong></span> <span class='ocrx_word' id='word_1_399' title='bbox 1572 2532 1624 2578; x_wconf 82' lang='lat' dir='ltr'><em>1i1</em></span> <span class='ocrx_word' id='word_1_400' title='bbox 1677 2540 1721 2579; x_wconf 84' lang='lat' dir='ltr'><em>et</em></span> <span class='ocrx_word' id='word_1_401' title='bbox 1772 2532 1961 2579; x_wconf 79' lang='lat' dir='ltr'><strong>initium</strong></span> <span class='ocrx_word' id='word_1_402' title='bbox 2002 2550 2094 2582; x_wconf 86' lang='lat' dir='ltr'><strong>sec.</strong></span> <span class='ocrx_word' id='word_1_403' title='bbox 2137 2550 2204 2584; x_wconf 76' lang='grc' dir='ltr'><em>ιν.</em></span> 
     </span>
     <span class='ocr_line' id='line_1_62' title="bbox 1194 2610 2207 2680; baseline 0.006 -22"><span class='ocrx_word' id='word_1_404' title='bbox 1194 2610 1318 2659; x_wconf 88' lang='lat' dir='ltr'><em>Cum</em></span> <span class='ocrx_word' id='word_1_405' title='bbox 1347 2628 1406 2659; x_wconf 74' lang='lat' dir='ltr'><em>ea:</em></span> <span class='ocrx_word' id='word_1_406' title='bbox 1446 2612 1607 2659; x_wconf 72' lang='lat' dir='ltr'><strong>niunia</strong></span> <span class='ocrx_word' id='word_1_407' title='bbox 1649 2611 1895 2674; x_wconf 83' lang='lat' dir='ltr'><em>libertate,</em></span> <span class='ocrx_word' id='word_1_408' title='bbox 1938 2616 2118 2680; x_wconf 84' lang='lat' dir='ltr'><strong>inquit,</strong></span> <span class='ocrx_word' id='word_1_409' title='bbox 2150 2617 2207 2664; x_wconf 81' lang='lat' dir='ltr'><strong>in</strong></span> 
     </span>
     <span class='ocr_line' id='line_1_63' title="bbox 1188 2692 2206 2762; baseline 0.006 -22"><span class='ocrx_word' id='word_1_410' title='bbox 1188 2692 1531 2757; x_wconf 74' lang='lat' dir='ltr'><em>neyliqeutiam</em></span> <span class='ocrx_word' id='word_1_411' title='bbox 1554 2710 1611 2742; x_wconf 89' lang='lat' dir='ltr'><em>ao</em></span> <span class='ocrx_word' id='word_1_412' title='bbox 1630 2693 1868 2743; x_wconf 77' lang='lat' dir='ltr'><strong>desidiam</strong></span> <span class='ocrx_word' id='word_1_413' title='bbox 1892 2695 2113 2762; x_wconf 83' lang='lat' dir='ltr'><em>prolapsi</em></span> <span class='ocrx_word' id='word_1_414' title='bbox 2134 2714 2206 2746; x_wconf 82' lang='lat' dir='ltr'><em>es-</em></span> 
     </span>
     <span class='ocr_line' id='line_1_64' title="bbox 1188 2775 2204 2837; baseline 0.004 -13"><span class='ocrx_word' id='word_1_415' title='bbox 1188 2793 1346 2824; x_wconf 84' lang='lat' dir='ltr'><strong>semus</strong></span> <span class='ocrx_word' id='word_1_416' title='bbox 1363 2793 1385 2837; x_wconf 90' lang='lat'><em>‚·</em></span> <span class='ocrx_word' id='word_1_417' title='bbox 1414 2793 1525 2824; x_wconf 87' lang='lat' dir='ltr'><em>cum</em></span> <span class='ocrx_word' id='word_1_418' title='bbox 1558 2775 1677 2825; x_wconf 86' lang='lat' dir='ltr'><em>alter</em></span> <span class='ocrx_word' id='word_1_419' title='bbox 1709 2776 1851 2825; x_wconf 84' lang='lat' dir='ltr'><em>alteri</em></span> <span class='ocrx_word' id='word_1_420' title='bbox 1872 2778 2087 2827; x_wconf 86' lang='lat' dir='ltr'><strong>invidere</strong></span> <span class='ocrx_word' id='word_1_421' title='bbox 2128 2788 2204 2828; x_wconf 88' lang='lat' dir='ltr'><em>at-</em></span> 
     </span>
     <span class='ocr_line' id='line_1_65' title="bbox 1187 2859 2207 2924; baseline 0.003 -18"><span class='ocrx_word' id='word_1_422' title='bbox 1187 2875 1277 2924; x_wconf 79' lang='lat' dir='ltr'><em>que</em></span> <span class='ocrx_word' id='word_1_423' title='bbox 1300 2859 1555 2907; x_wconf 85' lang='lat' dir='ltr'><em>obtrectare</em></span> <span class='ocrx_word' id='word_1_424' title='bbox 1582 2860 1800 2924; x_wconf 77' lang='lat' dir='ltr'><em>eoepiset3</em></span> <span class='ocrx_word' id='word_1_425' title='bbox 1827 2876 1937 2907; x_wconf 87' lang='lat' dir='ltr'><em>cum</em></span> <span class='ocrx_word' id='word_1_426' title='bbox 1968 2861 2097 2909; x_wconf 79' lang='lat' dir='ltr'><em>inter</em></span> <span class='ocrx_word' id='word_1_427' title='bbox 2118 2877 2207 2911; x_wconf 80' lang='lat' dir='ltr'><em>nos</em></span> 
     </span>
     <span class='ocr_line' id='line_1_66' title="bbox 1185 2941 2205 3007; baseline 0.005 -18"><span class='ocrx_word' id='word_1_428' title='bbox 1185 2943 1330 3007; x_wconf 82' lang='lat' dir='ltr'><strong>quasi</strong></span> <span class='ocrx_word' id='word_1_429' title='bbox 1358 2941 1477 2990; x_wconf 86' lang='lat' dir='ltr'><em>bella</em></span> <span class='ocrx_word' id='word_1_430' title='bbox 1507 2943 1737 2991; x_wconf 81' lang='lat' dir='ltr'><em>intestina</em></span> <span class='ocrx_word' id='word_1_431' title='bbox 1763 2959 2060 3007; x_wconf 78' lang='lat' dir='ltr'><em>9ereremus,</em></span> <span class='ocrx_word' id='word_1_432' title='bbox 2099 2961 2205 2994; x_wconf 83' lang='lat' dir='ltr'><em>ver·</em></span> 
     </span>
     <span class='ocr_line' id='line_1_67' title="bbox 1188 3024 2204 3089; baseline 0.005 -18"><span class='ocrx_word' id='word_1_433' title='bbox 1188 3025 1261 3072; x_wconf 76' lang='lat' dir='ltr'><em>bis</em></span> <span class='ocrx_word' id='word_1_434' title='bbox 1283 3033 1515 3089; x_wconf 80' lang='lat' dir='ltr'><em>tanquam</em></span> <span class='ocrx_word' id='word_1_435' title='bbox 1533 3027 1684 3073; x_wconf 84' lang='lat' dir='ltr'><strong>armis</strong></span> <span class='ocrx_word' id='word_1_436' title='bbox 1710 3024 1999 3088; x_wconf 85' lang='lat' dir='ltr'><em>quibusdam</em></span> <span class='ocrx_word' id='word_1_437' title='bbox 2032 3026 2204 3076; x_wconf 75' lang='lat' dir='ltr'><em>hastis-</em></span> 
     </span>
     <span class='ocr_line' id='line_1_68' title="bbox 1187 3105 2203 3172; baseline 0.004 -18"><span class='ocrx_word' id='word_1_438' title='bbox 1187 3124 1276 3172; x_wconf 82' lang='lat' dir='ltr'><em>que</em></span> <span class='ocrx_word' id='word_1_439' title='bbox 1301 3123 1388 3155; x_wconf 70' lang='lat' dir='ltr'><em>nos</em></span> <span class='ocrx_word' id='word_1_440' title='bbox 1423 3116 1589 3155; x_wconf 84' lang='lat' dir='ltr'><em>mutuo</em></span> <span class='ocrx_word' id='word_1_441' title='bbox 1614 3105 1946 3166; x_wconf 80' lang='lat' dir='ltr'><em>vuluerantes;</em></span> <span class='ocrx_word' id='word_1_442' title='bbox 1976 3125 2085 3157; x_wconf 90' lang='lat' dir='ltr'><em>cum</em></span> <span class='ocrx_word' id='word_1_443' title='bbox 2110 3127 2203 3158; x_wconf 79' lang='lat' dir='ltr'><em>an—</em></span> 
     </span>
     <span class='ocr_line' id='line_1_69' title="bbox 1189 3184 2203 3258; baseline 0.004 -21"><span class='ocrx_word' id='word_1_444' title='bbox 1189 3191 1361 3237; x_wconf 83' lang='lat' dir='ltr'><em>tistites</em></span> <span class='ocrx_word' id='word_1_445' title='bbox 1400 3189 1627 3237; x_wconf 81' lang='lat' dir='ltr'><em>adversus</em></span> <span class='ocrx_word' id='word_1_446' title='bbox 1655 3190 1926 3252; x_wconf 80' lang='lat' dir='ltr'><em>antistites,</em></span> <span class='ocrx_word' id='word_1_447' title='bbox 1946 3184 2121 3258; x_wconf 78' lang='lat' dir='ltr'><em>populi</em></span> <span class='ocrx_word' id='word_1_448' title='bbox 2147 3195 2203 3241; x_wconf 78' lang='lat' dir='ltr'><em>iu</em></span> 
     </span>
     <span class='ocr_line' id='line_1_70' title="bbox 1187 3270 2203 3338; baseline 0.004 -19"><span class='ocrx_word' id='word_1_449' title='bbox 1187 3270 1388 3338; x_wconf 79' lang='lat' dir='ltr'><em>populos</em></span> <span class='ocrx_word' id='word_1_450' title='bbox 1426 3271 1578 3320; x_wconf 84' lang='lat' dir='ltr'><strong>collisi</strong></span> <span class='ocrx_word' id='word_1_451' title='bbox 1607 3305 1624 3331; x_wconf 91' lang='lat'>‚</span> <span class='ocrx_word' id='word_1_452' title='bbox 1653 3273 1833 3336; x_wconf 77' lang='lat' dir='ltr'><em>jurqia</em></span> <span class='ocrx_word' id='word_1_453' title='bbox 1880 3288 1938 3320; x_wconf 85' lang='lat' dir='ltr'><em>aa</em></span> <span class='ocrx_word' id='word_1_454' title='bbox 1972 3274 2203 3324; x_wconf 87' lang='lat' dir='ltr'><em>tumultus</em></span> 
     </span>
     <span class='ocr_line' id='line_1_71' title="bbox 1193 3352 2204 3419; baseline 0.002 -17"><span class='ocrx_word' id='word_1_455' title='bbox 1193 3355 1469 3418; x_wconf 79' lang='lat' dir='ltr'><em>aqitarent;</em></span> <span class='ocrx_word' id='word_1_456' title='bbox 1501 3352 1709 3416; x_wconf 80' lang='lat' dir='ltr'><em>denique</em></span> <span class='ocrx_word' id='word_1_457' title='bbox 1739 3369 1853 3401; x_wconf 87' lang='lat' dir='ltr'><em>cum</em></span> <span class='ocrx_word' id='word_1_458' title='bbox 1879 3354 2027 3419; x_wconf 83' lang='lat' dir='ltr'><em>fraus</em></span> <span class='ocrx_word' id='word_1_459' title='bbox 2058 3365 2103 3404; x_wconf 86' lang='lat' dir='ltr'><em>et</em></span> <span class='ocrx_word' id='word_1_460' title='bbox 2136 3357 2204 3403; x_wconf 83' lang='lat' dir='ltr'><strong>si-</strong></span> 
     </span>
     <span class='ocr_line' id='line_1_72' title="bbox 1188 3434 2201 3486; baseline 0.002 -3"><span class='ocrx_word' id='word_1_461' title='bbox 1188 3435 1390 3484; x_wconf 85' lang='lat' dir='ltr'><em>mulatio</em></span> <span class='ocrx_word' id='word_1_462' title='bbox 1425 3434 1489 3483; x_wconf 81' lang='lat' dir='ltr'><em>ad</em></span> <span class='ocrx_word' id='word_1_463' title='bbox 1507 3450 1750 3482; x_wconf 88' lang='lat' dir='ltr'><em>summum</em></span> <span class='ocrx_word' id='word_1_464' title='bbox 1780 3434 1983 3486; x_wconf 76' lang='lat' dir='ltr'><em>malitioe</em></span> <span class='ocrx_word' id='word_1_465' title='bbox 2013 3436 2201 3485; x_wconf 70' lang='lat' dir='ltr'><em>culmen</em></span> 
     </span>
     <span class='ocr_line' id='line_1_73' title="bbox 1189 3517 2203 3568; baseline -0.001 -1"><span class='ocrx_word' id='word_1_466' title='bbox 1189 3517 1523 3568; x_wconf 79' lang='lat' dir='ltr'><em>adolevisset...</em></span> <span class='ocrx_word' id='word_1_467' title='bbox 1571 3533 1681 3564; x_wconf 84' lang='lat' dir='ltr'><em>cum</em></span> <span class='ocrx_word' id='word_1_468' title='bbox 1725 3534 1831 3566; x_wconf 81' lang='lat' dir='ltr'><em>vero</em></span> <span class='ocrx_word' id='word_1_469' title='bbox 1876 3536 2019 3568; x_wconf 81' lang='lat' dir='ltr'><strong>seusu</strong></span> <span class='ocrx_word' id='word_1_470' title='bbox 2069 3519 2203 3566; x_wconf 77' lang='lat' dir='ltr'><em>omni</em></span> 
     </span>
     <span class='ocr_line' id='line_1_74' title="bbox 1189 3598 2201 3666; baseline -0.002 -15"><span class='ocrx_word' id='word_1_471' title='bbox 1189 3600 1447 3658; x_wconf 78' lang='lat' dir='ltr'><em>destituti,</em></span> <span class='ocrx_word' id='word_1_472' title='bbox 1494 3598 1551 3647; x_wconf 86' lang='lat' dir='ltr'><em>de</em></span> <span class='ocrx_word' id='word_1_473' title='bbox 1587 3598 1825 3666; x_wconf 81' lang='lat' dir='ltr'><em>placando</em></span> <span class='ocrx_word' id='word_1_474' title='bbox 1865 3599 1960 3650; x_wconf 88' lang='lat' dir='ltr'><strong>Dei</strong></span> <span class='ocrx_word' id='word_1_475' title='bbox 1997 3602 2201 3649; x_wconf 74' lang='lat' dir='ltr'><em>numine</em></span> 
     </span>
     <span class='ocr_line' id='line_1_75' title="bbox 1189 3682 2200 3756; baseline 0 -25"><span class='ocrx_word' id='word_1_476' title='bbox 1189 3698 1251 3731; x_wconf 75' lang='lat' dir='ltr'><em>ue</em></span> <span class='ocrx_word' id='word_1_477' title='bbox 1274 3683 1586 3749; x_wconf 78' lang='lat' dir='ltr'><em>coqitaremus</em></span> <span class='ocrx_word' id='word_1_478' title='bbox 1618 3682 1860 3756; x_wconf 32' lang='lat' dir='ltr'><em>quidem?</em></span> <span class='ocrx_word' id='word_1_479' title='bbox 1881 3683 2002 3748; x_wconf 80' lang='lat' dir='ltr'><em>quin</em></span> <span class='ocrx_word' id='word_1_480' title='bbox 2032 3684 2200 3749; x_wconf 81' lang='lat' dir='ltr'><em>potius</em></span> 
     </span>
    </p>
   </div>
  </div>
 </body>
</html>
