2514 4218
2085 157 2200 217 437

340 181 497 220 PART.
547 182 586 219 1.
631 180 781 218 SECT.
826 183 891 219 11.
935 178 1056 218 GAP.
1109 179 1197 235 111.
1246 181 1313 216 DE
1357 179 1487 216 ΕΔΤ.
1537 180 1602 216 BT
1647 179 1770 217 um.
1797 181 1953 219 Pmu.

98 325 297 382 Patres
327 320 566 394 Concilii
607 321 875 401 Ephesini
911 320 1150 402 professi
1174 332 1311 379 sunt
1341 341 1401 379 se
1428 330 1653 380 coactos
1678 322 1891 381 litteris
1916 322 2207 381 Caelestini

100 417 173 475 ad
208 416 628 497 depositionem
666 416 913 474 Nestorii
951 415 1250 475 devenisse
1290 415 1396 495 (1.)
1439 417 1564 473 Huc
1606 414 1859 496 denique
1904 425 2202 497 spectant,

101 533 227 591 quae
256 511 517 590 superius
541 510 840 568 attulimus
863 511 984 569 sive
1013 531 1085 568 ex
1113 511 1284 568 Cone.
1321 511 1692 568 Lateranensi
1719 512 1793 568 IV
1815 556 1830 581 ,
1860 510 2021 592 quod
2054 530 2203 568 rom.

100 606 362 666 Pontifici
402 605 637 685 plenam
691 617 750 664 et
791 603 1144 663 ordinariam
1182 605 1584 663 auctoritatem
1633 606 1694 662 in
1730 606 2065 665 universam
2099 605 2207 662 Ec-

101 700 326 758 clesiam
360 699 607 756 adstruit
627 743 642 771 ‚
669 701 791 757 sive
819 720 886 756 ex
914 700 1085 755 Conc.
1116 696 1450 755 Florentino
1479 698 1825 772 definiente,
1843 697 2089 778 plenam
2113 699 2212 755 illi

91 805 429 873 potestatem
467 817 502 850 A
540 795 610 851 D.
642 795 710 851 N.
735 794 792 850 J.
830 792 894 850 C.
934 812 1237 865 misenum,
1260 813 1521 867 ‘nsulsum
1558 815 1631 851 m·
1667 816 2026 854 annelinum
2061 797 2209 850 uni-

104 910 337 947 versam
372 889 706 947 Ecclesiam
742 886 1019 945 traditam
1047 906 1188 944 esse.

185 983 321 1042 630.
366 985 619 1041 Tantum
658 984 830 1061 igitur
863 980 1060 1052 abest,
1100 993 1167 1039 ut
1194 983 1392 1041 Patres
1429 994 1487 1042 et
1521 983 1781 1044 Concilia
1820 983 1979 1042 illam
2017 982 2212 1047 admi-

103 1079 283 1137 serint
312 1077 742 1136 distinctionem
778 1077 934 1134 inter
971 1097 1302 1155 supremam
1344 1078 1631 1161 Pontificis
1667 1079 2070 1137 auctoritatem
2110 1099 2211 1136 su·-

102 1194 208 1254 per
234 1172 506 1231 Ecclesias
533 1173 657 1230 sive
691 1171 996 1251 Episcopos
1029 1170 1399 1230 distributive
1434 1183 1698 1252 sumptos
1719 1217 1735 1238 ..
1774 1184 1833 1231 et
1876 1193 2211 1254 supremam

104 1268 503 1326 auctoritatem
535 1262 911 1325 Ecclesiarum
935 1285 1035 1323 seu
1059 1265 1478 1344 Episcoporum
1501 1266 1673 1325 simul
1694 1265 2071 1326 collectorum
2097 1312 2113 1340 7
2143 1286 2210 1325 ac

105 1360 354 1442 proinde
390 1359 772 1446 Conciliorum
798 1357 1154 1436 generalium
1178 1379 1354 1439 super
1375 1360 1711 1418 Pontificem
1731 1398 1752 1426 ,
1782 1372 1850 1418 ut
1879 1382 2008 1419 eam
2036 1359 2212 1441 plane

108 1468 376 1516 evertant
398 1467 457 1514 et
481 1453 645 1512 dietis
673 1465 734 1513 et
756 1453 917 1511 factis
938 1453 1407 1512 luculentissimis
1433 1454 1540 1531 (2).
1562 1456 1711 1513 Sane
1738 1475 1871 1512 eum
1893 1455 2048 1513 solus
2062 1477 2211 1514 rom.

107 1549 370 1609 Pontifex
403 1547 713 1607 obstitisset
737 1549 943 1606 canoni
983 1549 1273 1606 XXXVIII
1312 1548 1549 1606 Concilii
1596 1550 1935 1608 oecumenici
1973 1548 2217 1608 Chalce-

107 1645 408 1719 donensiS‚
460 1642 685 1701 nullam
726 1664 914 1701 canon
955 1643 1045 1700 hic
1091 1664 1355 1723 unquam
1396 1644 1513 1703 vim
1562 1643 1768 1702 habuit
1805 1644 1918 1725 (3).
1960 1646 2214 1703 Tantum

108 1752 382 1822 praeterea
406 1738 589 1813 abest,
613 1751 680 1796 ut
708 1737 959 1796 Concilia
982 1737 1275 1819 generalia
1309 1737 1420 1796 sibi
1443 1739 1841 1817 arrogaverint
1867 1749 2216 1820 potestatem

107 1833 346 1912 cogendi
368 1834 706 1892 Pontificem

106 2095 277 2142 darum
300 2092 372 2142 vel
398 2093 566 2157 iduum
587 2130 602 2153 ‚
634 2101 778 2158 quota
801 2092 917 2141 luna
934 2092 1117 2158 pascha

107 2176 267 2223 debeat
304 2175 558 2232 celebrari,
591 2192 680 2241 per
713 2174 925 2239 sinqulos
965 2190 1119 2222 annos

108 2259 335 2307 Romanae
368 2257 603 2306 Ecclesia?
639 2257 788 2305 literis
836 2260 1120 2314 intimaret,-

108 2340 236 2388 nnde
255 2338 534 2405 Apostolica
563 2341 843 2387 auctoritate
870 2340 1120 2387 universa-

109 2421 171 2469 lis
186 2420 235 2468 E
236 2420 416 2469 cclesiae
423 2437 515 2486 per
527 2429 675 2469 totum
689 2421 844 2470 orbem
860 2420 1122 2485 deffinitum

111 2502 318 2551 Paschae
356 2502 481 2549 diem
512 2505 615 2549 sine
652 2501 754 2551 nlla
789 2501 1124 2566 disceptatione

110 2592 418 2648 cognosceret.
433 2582 534 2631 Non
553 2594 727 2649 poterat
743 2583 1124 2631 luculentior-Ibus

112 2666 259 2712 verbis
277 2665 489 2712 Ecclesiae
523 2681 728 2712 romanae
757 2667 840 2712 *seu
861 2681 981 2712 rom.
1001 2663 1123 2710 Pon·

113 2748 247 2794 tificis
277 2749 326 2793 in
360 2749 613 2793 universam
652 2746 902 2794 Ecclesiam
930 2746 1127 2793 auctori-

114 2838 181 2876 tas
211 2826 414 2876 coactiva
443 2828 710 2894 significari.

187 2910 251 2974 (l)
280 2909 415 2974 Apud
442 2909 672 2958 Harduin.
704 2909 834 2957 Acta
861 2908 1125 2968 Cono.t.1‚

117 2992 205 3041 col.
238 2990 381 3055 1422.

187 3072 256 3135 (2)
293 3072 428 3137 Quod
457 3072 528 3121 vel
555 3075 653 3137 ipso
686 3088 805 3120 sanae
830 3073 1020 3119 rationis
1052 3071 1129 3120 Iu-

125 3154 248 3200 mine
273 3155 388 3202 vidit
411 3165 664 3219 protestans
693 3153 977 3203 Moshemius
993 3191 1008 3212 ‚
1043 3153 1129 3218 qui

126 3235 177 3280 in
206 3233 412 3282 Dissert.
437 3235 495 3282 de
522 3234 773 3283 Gallorum
799 3234 1134 3301 appellationi-

124 3314 212 3361 bus
243 3314 307 3360 od
341 3314 608 3365 Concilium
642 3319 879 3367 nniversoe
909 3315 1134 3364 Ecclesioe

124 3398 357 3443 unitatem
396 3395 626 3447 Ecclesioe
657 3399 892 3448 visibilem
928 3399 1133 3447 tollenti·

126 3477 215 3525 bus
241 3482 375 3543 (quae
397 3479 622 3543 reperitur
651 3484 768 3531 inter
805 3479 909 3548 ejus
939 3482 1133 3530 Disser-

129 3560 328 3608 tationes
371 3560 436 3608 ad
479 3561 730 3611 historiam
768 3563 1136 3612 ecclesiasticam

124 3644 443 3705 pertinentes,
483 3645 726 3693 Altonaviae
763 3647 914 3712 1739,
940 3658 1055 3696 tom.
1090 3663 1135 3704 1,

743 1877 757 1905 ·.
794 1842 894 1890 aut
915 1836 1008 1909 jus
1040 1833 1102 1890 in
1130 1853 1264 1890 eum
1299 1832 1524 1891 ferendi
1548 1835 1900 1892 sententiam
1924 1877 1941 1909 ,
1975 1845 2043 1892 ut
2067 1835 2216 1893 Con-

1199 2110 1303 2157 pag.
1330 2090 1429 2141 612
1449 2092 1487 2156 )‚
1516 2093 1743 2159 ejusmodi
1775 2094 2115 2143 distinctionem
2148 2111 2219 2143 re-

1200 2175 1345 2234 fellit,
1382 2175 1586 2222 scribens
1619 2191 1632 2224 :
1676 2174 1817 2242 Quod
1853 2178 2092 2223 universis
2117 2178 2218 2224 sive

1199 2254 1405 2318 sinqulis
1439 2255 1488 2303 E
1490 2256 1673 2304 eclesiis
1694 2274 1901 2322 praeesse
1929 2258 2216 2323 Pontificem

1201 2337 1369 2384 dicunt
1396 2375 1407 2396 ‚
1443 2353 1541 2384 non
1587 2340 1825 2386 universa·
1871 2337 2127 2400 Ecclesiae,
2168 2339 2222 2387 id

1203 2426 1302 2466 tam
1329 2418 1457 2466 ‚nihi
1481 2421 1655 2467 scitum
1690 2420 1916 2480 videtur,
1947 2437 2006 2468 ac
2036 2422 2080 2467 si
2109 2423 2220 2485 quis

1202 2500 1490 2565 affirmaret,
1527 2502 1738 2548 membra
1772 2502 1964 2566 quidem
1998 2519 2029 2549 a
2066 2505 2222 2568 capite

1204 2584 1308 2647 reyi
1323 2619 1336 2642 ,
1354 2599 1454 2632 non
1471 2600 1577 2632 vero
1591 2621 1603 2644 ,
1626 2585 1751 2648 quod
1775 2601 1834 2632 ex
1859 2585 2082 2633 membris
2103 2601 2222 2632 con-

1204 2673 1295 2711 stat
1315 2702 1328 2724 ,
1361 2680 1567 2730 corpus3
1608 2672 1695 2713 aut
1726 2665 1862 2713 nrbes
1897 2665 2090 2730 quidem
2118 2683 2219 2715 om-

1204 2762 1288 2794 nes
1303 2783 1314 2805 ,
1348 2745 1487 2794 villas
1502 2747 1748 2813 etproedia
1770 2747 1955 2795 subesse
1975 2750 2100 2813 reqi,
2126 2764 2223 2796 non

1206 2845 1312 2876 vero
1330 2866 1343 2888 ,
1374 2845 1481 2892 quoe
1505 2828 1584 2876 his
1601 2830 1900 2889 continetur,
1928 2832 2086 2894 ipsam
2109 2844 2224 2896 pro-

1206 2911 1438 2957 vinciam.

1275 2993 1350 3055 (3)
1379 2993 1479 3058 Qua
1509 2993 1566 3041 de
1594 3008 1644 3040 re
1679 2994 1770 3042 cfr.
1804 2993 1878 3042 vel
1925 2995 2021 3059 ipse
2051 2993 2225 3043 Natalis

1210 3075 1342 3124 Alex.
1374 3077 1455 3141 qui
1480 3077 1559 3124 cit.
1594 3076 1702 3123 diss.
1729 3091 1778 3122 iv
1796 3078 1846 3123 in
1884 3093 1981 3125 sec.
2012 3093 2062 3136 ι,
2099 3074 2125 3142 S
2154 3075 2188 3140 4
2210 3114 2224 3135 ,

1210 3159 1260 3204 in
1291 3174 1410 3221 resp.
1440 3154 1500 3204 ad
1526 3154 1695 3217 object.
1721 3171 1834 3215 vm,
1858 3168 2010 3222 aperte
2037 3161 2225 3223 profite-

1211 3249 1318 3300 tur,
1348 3255 1572 3287 canonem
1609 3238 1741 3287 illum
1760 3276 1778 3298 ,
1820 3247 1978 3303 utpote
2022 3257 2047 3287 a
2075 3239 2229 3287 Leone

1214 3320 1281 3368 Μ.
1305 3320 1600 3384 reprobatum
1621 3356 1634 3377 ‚
1666 3320 1847 3367 nullam
1868 3322 1959 3367 vim
1980 3318 2224 3372 hahuisse,

1216 3402 1340 3449 unde
1366 3412 1409 3449 et
1426 3398 1570 3447 Graeci
1594 3402 1680 3465 ipsi
1707 3401 1841 3448 illum
1870 3418 1924 3448 ex
1941 3401 2101 3448 codice
2131 3398 2224 3447 Ec-

1216 3483 1359 3531 clesiae
1407 3497 1502 3529 suae
1552 3492 1893 3546 expunxerunt.
1939 3482 2040 3530 cfr.
2062 3514 2064 3516 -
2090 3482 2230 3529 etiam

1217 3562 1466 3626 Roncaglia
1486 3598 1500 3622 ,
1534 3565 1585 3610 in
1603 3561 1950 3611 Animadvers.
1969 3562 2027 3610 ad
2056 3561 2169 3610 diss.
2186 3577 2229 3610 iv

1220 3663 1312 3695 ser..
1337 3664 1393 3695 xv
1427 3659 1470 3694 et
1502 3663 1578 3695 xvi
1596 3681 1610 3704 ‚
1639 3645 1816 3694 Natalis
1842 3641 2014 3708 Alex.§
2041 3631 2093 3710 9.
