2514 4218
2018 236 2134 295 107

472 271 628 310 PART.
678 270 718 305 1.
771 269 890 306 cAP.
935 269 1022 305 111.
1072 268 1138 304 DE
1184 263 1450 303 ECCLESIAE
1494 260 1669 299 Horis,

42 422 253 493 Qu‘are,
294 434 423 474 cum
448 411 713 471 Christus
738 411 990 470 affirmat
1016 430 1150 471 oves
1185 429 1313 467 suas
1341 425 1540 465 vocem
1575 422 1739 460 suam
1769 400 1968 460 audire
1988 446 2006 472 ,
2038 411 2138 459 aut

35 515 173 574 deos
201 510 309 570 dici
332 554 346 584 ,
383 508 456 567 ad
486 529 628 589 quos
656 528 847 566 sermo
872 506 976 565 Dei
997 505 1181 564 factus
1213 515 1301 563 est
1327 548 1340 577 ,
1368 512 1468 561 aut
1490 499 1728 558 demum
1755 497 2004 555 mundos
2040 517 2136 555 eos

36 628 158 668 esse
178 639 197 678 ,1
215 625 357 686 quos
381 604 503 684 ipse
526 603 810 661 allocutus
835 611 953 669 est,
983 597 1131 657 nihil
1154 597 1312 655 aliud
1334 597 1613 677 significat
1631 639 1645 666 ‚
1684 608 1860 674 quam
1883 612 1978 650 eos
1995 635 2012 665 ‚
2042 591 2144 671 qui
2184 621 2186 624 ·

34 700 415 759 inveniuntur
444 698 506 755 in
554 718 687 756 vera
728 694 1006 766 Ecclesia,
1051 690 1150 748 illa
1191 702 1463 768 praestare
1523 709 1589 748 ac
1635 685 1925 765 ejus'modi
1964 684 2136 742 donis

34 795 177 865 frui,
230 793 469 851 minime
517 813 654 850 vero
692 811 763 850 ex
799 789 886 847 his
929 802 1130 847 veram
1165 784 1468 842 Ecclesiam
1510 779 1758 864 agnosci.
1806 782 1938 839 Haec
1977 779 2140 838 enim

36 890 229 949 omnia
254 890 468 947 incerta
492 898 628 946 sunt
650 906 712 944 ac
737 881 1080 960 subjectiva,
1108 888 1167 937 et
1187 877 1535 959 plerumque
1569 878 1747 936 etiam
1785 875 2007 934 incerta
2043 872 2139 934 vel

34 985 144 1066 ipsi
188 982 446 1061 subJ'ecto
472 1027 488 1055 .‚
522 1001 629 1041 nec
661 986 904 1060 possunt
939 985 1249 1056 propterea
1278 982 1486 1030 'notam
1520 962 1891 1032 constituere.

121 1077 260 1137 185.
308 1076 397 1136 Ad
447 1077 563 1149 331¹,
592 1073 741 1152 Neq.
787 1069 1045 1128 Adducta
1103 1067 1260 1126 enim
1293 1066 1473 1127 verba
1501 1088 1621 1125 non
1676 1078 1814 1124 sunt
1862 1068 1919 1124 S.
1959 1067 2133 1125 Joan.

36 1173 466 1254 chrysostomi,
499 1168 600 1229 sed
634 1165 837 1225 incerti
876 1164 1156 1237 auctoriS,
1202 1183 1266 1222 ac
1303 1161 1755 1222 referuntur·ad
1800 1160 2140 1221 Antichristi

33 1281 295 1350 tempora
319 1268 428 1346 (l).

120 1365 254 1422 186.
308 1360 392 1420 Ad
422 1359 523 1434 4¹¹¹,
550 1358 700 1416 Dist
735 1354 985 1414 Mediate
1004 1399 1021 1418 ..
1054 1373 1239 1422 conc.,·
1262 1352 1628 1426 immediate,
1652 1373 1780 1433 neq.
1818 1351 1956 1411 Ideo
1983 1351 2143 1410 enim

36 1481 107 1517 ex
133 1460 189 1516 S.
218 1455 531 1535 Augustino
561 1453 625 1511 in
651 1451 964 1533 Scripturis
990 1449 1262 1507 discimus
1291 1448 1598 1507 Ecclesiam
1622 1493 1637 1522 ,
1675 1447 1810 1528 quia
1837 1447 2144 1528 Scripturae

35 1551 420 1635 patefaciunt,
455 1568 724 1630 quaenam
763 1547 880 1605 sint
916 1556 1071 1605 notae
1099 1589 1116 1619 ,
1165 1565 1235 1603 ex
1267 1543 1478 1624 quibus
1513 1543 1911 1623 cognoscimus
1949 1540 2144 1612 Eccle—

37 1649 179 1705 siam
240 1643 367 1725 (2)3
419 1664 527 1702 nec
582 1642 724 1700 alius
776 1652 864 1700 est
902 1647 1109 1700 sensus
1139 1639 1374 1699 alterius
1405 1638 1546 1712 loci,
1589 1637 1786 1719 quiex
1829 1635 2151 1716 Augustino

37 1741 300 1819 objicitur
325 1738 444 1818 (3),

28 1958 327 2023 quamobrem
358 1959 413 2004 in
428 1964 661 2022 perpetua
687 1963 886 2003 manent
904 1956 980 2003 ira
1000 1964 1042 2004 et

30 2039 351 2105 damnatione.
380 2038 544 2103 Neque
556 2042 687 2085 enim
700 2037 872 2085 liabent
900 2035 1044 2085 Chri-

30 2128 154 2168 stum
171 2119 430 2169 Dominum
445 2155 462 2182 ,
483 2136 632 2184 neque
648 2118 797 2167 ullius
823 2117 1043 2184 Spiritus

31 2200 205 2249 Sancti
241 2202 380 2249 donis
422 2211 466 2249 et
512 2201 701 2249 dotibus
735 2201 967 2250 illustrati
999 2209 1042 2249 et

33 2284 203 2331 donati
218 2292 346 2332 aunt.
376 2284 595 2331 Calvinus
615 2321 628 2343 ,
650 2281 818 2332 Instit.
835 2283 925 2332 lib.
958 2301 1004 2333 lv
1025 2321 1039 2343 ‚

33 2382 134 2430 cap.
172 2381 190 2413 ι
216 2402 228 2424 ,
265 2363 292 2430 ξ
326 2362 360 2426 4
402 2363 597 2414 :Extra
642 2368 745 2430 ejus
777 2365 1043 2426 (Ecclesiae)

30 2448 267 2510 qremiu'm
292 2483 305 2505 ,
336 2449 490 2511 inquit
512 2481 526 2504 ,
545 2445 682 2493 nulla
712 2455 777 2493 est
803 2447 1046 2512 speranda

23 2535 329 2594 peccatorum
365 2528 583 2575 remissio
611 2564 624 2586 ‚
662 2543 751 2575 nec
773 2528 872 2576 ulla
895 2527 1041 2576 salua.

32 2607 173 2673 Apud
202 2607 421 2673 Wegsch.
461 2607 487 2672 S
527 2606 615 2656 183
639 2646 652 2666 ‚
685 2619 785 2657 not.
828 2610 917 2672 (h).
954 2609 1044 2658 Ubi

30 2691 290 2738 notandum
310 2701 412 2749 est,
444 2687 676 2738 Ecclesioe
710 2692 899 2738 nomine
936 2707 1045 2754 pro-

28 2774 181 2837 prium
211 2782 378 2821 coetum
432 2773 711 2821 adversarios
752 2772 1042 2836 significare3

31 2871 125 2919 quo
162 2855 334 2902 factum
363 2864 431 2902 est
453 2889 468 2915 ,
499 2864 550 2901 ut
582 2865 736 2919 postca
756 2852 1040 2914 videbimus,

31 2941 85 2983 ut
113 2945 244 2984 sectae
273 2936 460 2984 diversae
478 2937 678 2985 invicem
701 2953 749 2984 se
777 2917 1043 2985 anatheina·

32 3019 233 3066 tizarent.

102 3098 164 3161 (l)
202 3099 392 3166 Objecta
405 3100 542 3148 verba
562 3136 575 3157 ‚
595 3115 648 3146 ex
664 3095 812 3148 Hom.
840 3115 942 3147 xiix
961 3099 1043 3147 de-

36 3191 242 3245 prompta
264 3218 279 3244 ,
316 3184 620 3231 inveniuntur
673 3183 723 3228 in
771 3181 885 3229 edit.
932 3198 1038 3245 opp.

37 3257 86 3307 S.
101 3258 128 3306 J
131 3277 234 3310 oan.
249 3263 565 3329 Chrysostomi
586 3262 827 3310 parisiensi
851 3260 1014 3310 Sebast
1028 3297 1041 3310 .

41 3339 219 3389 Nivellii
246 3358 324 3392 an.
367 3343 486 3393 1581
514 3382 528 3402 ,
555 3355 671 3392 tom.
699 3361 735 3391 11
755 3380 769 3403 ‚
801 3343 891 3392 col.
920 3358 1049 3410 992,

39 3421 121 3468 ubi
161 3421 358 3472 larvatus
392 3427 469 3474 hic
506 3425 858 3492 Chrysostomus
890 3435 1044 3489 aperte

38 3502 246 3567 loquitur
276 3505 332 3552 de
355 3516 480 3555 aetate
496 3505 809 3557 Anti-Christi
830 3545 843 3568 ‚
871 3510 947 3572 cui
962 3506 1042 3555 ‹la-

38 3584 163 3632 bitur
216 3586 346 3650 plura
384 3589 509 3652 signa
551 3590 700 3640 facere
733 3605 749 3653 3
790 3592 1043 3655 nititurque

38 3668 274 3716 ostendere
301 3706 314 3728 ,
361 3671 410 3716 in
451 3680 574 3718 tanta
624 3689 777 3721 rerum
830 3671 1041 3720 omnium

39 3749 379 3811 perturbatione
418 3750 591 3806 nullam
631 3753 768 3802 aliam
807 3756 928 3803 viam
968 3771 1044 3802 su-

1133 1971 1310 2019 peresse
1341 1953 1399 2000 ad
1435 1952 1770 2018 agnoscendam
1799 1968 1950 1999 veram
1984 1950 2149 1998 Eccle-

1133 2038 1248 2084 siam
1279 2035 1550 2083 catholicam
1571 2071 1584 2094 ‚
1614 2051 1757 2099 quam
1787 2050 1963 2082 sacram
1995 2031 2150 2097 Scrip-

1133 2130 1284 2168 turam
1302 2156 1315 2177 ‚
1343 2137 1450 2168 cum
1488 2121 1537 2166 in
1570 2135 1620 2166 ea
1647 2127 1762 2165 tunc
1790 2116 2062 2164 defuturum
2090 2116 2150 2162 sit

1133 2203 1309 2250 donum
1322 2200 1649 2249 miraculorum
1659 2209 1731 2258 ‚Aet
1749 2197 1951 2246 haeretici
1967 2206 2152 2256 cuncta,

1134 2302 1235 2350 quae
1265 2299 1380 2332 verae
1411 2282 1622 2330 Ecclesiae
1650 2291 1761 2329 sunt
1783 2318 1796 2338 ‚
1824 2280 1912 2328 sibi
1939 2281 2031 2328 sint
2045 2280 2152 2328 vin·

1136 2367 1347 2413 dicaturi.
1372 2364 1465 2412 Sed
1504 2365 1590 2412 cfr.
1625 2365 1716 2411 loc.
1749 2366 1829 2410 cit.

1208 2447 1272 2508 (2)
1309 2444 1428 2493 Sane
1456 2444 1506 2492 S.
1536 2442 1822 2508 Augustinus
1842 2479 1856 2502 ,
1888 2445 1938 2489 in
1962 2441 2048 2491 lib.
2081 2440 2154 2491 De

1137 2527 1347 2576 utilitate
1376 2525 1635 2585 credendi,
1671 2542 1772 2589 cap.
1810 2521 1869 2586 14
1895 2560 1908 2584 ,
1937 2541 1989 2572 n.
2021 2523 2079 2571 31
2111 2532 2155 2572 et

1139 2610 1237 2670 32,
1275 2620 1396 2657 totus
1440 2611 1489 2656 in
1534 2625 1587 2656 eo
1616 2617 1714 2667 est,
1755 2617 1806 2654 ut
1843 2609 2025 2655 evincat
2072 2605 2154 2654 ad-

1136 2710 1292 2741 versus
1346 2692 1579 2739 haereticos
1612 2724 1627 2751 ,
1682 2707 1767 2737 nos
1822 2688 2064 2737 Christum
2110 2697 2156 2736 et

1136 2772 1393 2838 Scripturas
1434 2788 1736 2837 cognoscere,
1785 2781 1829 2819 et
1858 2773 1908 2817 in
1934 2769 2068 2817 illum
2110 2779 2157 2817 et

1135 2855 1219 2903 has
1261 2855 1444 2903 credere
1491 2854 1551 2902 ob
1581 2855 1894 2902 auctoritatem
1938 2851 2155 2900 Ecclesiae

1137 2938 1384 2985 catholicae.
1427 2936 1540 3002 Ejus
1585 2935 1719 2983 verba
1769 2952 1852 2982 suo
1893 2934 1995 2982 loco
2044 2950 2154 2998 pro-

1137 3021 1301 3068 feram.

1207 3101 1276 3165 (3)
1311 3100 1429 3148 Satis
1447 3111 1514 3149 est
1537 3102 1697 3148 seriem
1712 3101 1812 3164 ejus
1841 3099 2058 3151 orationis
2075 3113 2156 3146 ex-

1144 3184 1344 3248 pendere
1364 3221 1378 3242 ,
1411 3199 1516 3248 quae
1551 3184 1612 3230 ita
1649 3198 1696 3229 se
1732 3179 1909 3230 habet:
1943 3178 2158 3246 Quaeatio

1138 3273 1260 3313 certe
1284 3266 1412 3313 inter
1427 3281 1514 3311 nos
1527 3271 1745 3312 versatur
1764 3300 1776 3321 ‚
1803 3262 1889 3310 ubi
1914 3263 1978 3310 sit
1993 3259 2158 3313 Eccle-

1136 3348 1212 3394 sia
1238 3385 1250 3406 ‚
1319 3356 1484 3394 utrum
1539 3345 1672 3411 apud
1727 3361 1815 3392 nos
1835 3382 1849 3404 ,
1907 3362 1971 3392 an
2025 3342 2159 3409 apud

1135 3429 1243 3477 illos
1279 3429 1583 3489 (Donastistas
1602 3431 1638 3486 ).
1693 3427 1818 3494 Quoe
1852 3429 2019 3491 utique
2054 3441 2156 3473 una

1136 3518 1231 3571 est,
1263 3526 1406 3574 quam
1453 3512 1655 3575 maJ‘ores
1688 3510 1841 3557 nostri
1871 3507 2157 3556 catholicam

1134 3593 1488 3650 nominarunt,
1533 3599 1587 3638 ut
1623 3606 1682 3638 ex
1708 3591 1816 3656 ipso
1854 3592 2048 3637 nomine
2076 3602 2155 3635 os-

1134 3673 1406 3731 tenderem,
1437 3673 1553 3737 quia
1574 3689 1664 3739 per
1693 3680 1844 3720 totum
1868 3679 1952 3719 esc.
1973 3670 2158 3717 Secun-

1143 3753 1257 3803 durh
1281 3763 1426 3804 totum
1447 3756 1581 3803 enim
1604 3792 1616 3816 ,
1634 3749 1844 3804 καθ’ἶλον
1854 3768 2007 3817 qroece
2027 3750 2154 3799 dioi-
