2514 4218
312 217 431 278 152
903 233 1102 274 macr.
1151 233 1219 268 nn
1263 230 1411 270 touls
1453 232 1830 272 rnnonoemls

311 379 670 442 unanimiter
710 378 1094 460 profitentur,
1130 374 1462 432 Romanum
1499 375 1836 435 Pontificem
1878 397 2011 434 cum
2044 375 2293 436 Ecclesia
2325 399 2426 438 seu

308 495 550 557 corpore
598 475 900 532 Pastorum
925 515 940 543 ,
986 470 1108 529 sive
1144 470 1208 528 in
1248 467 1505 527 Concilio
1542 468 1665 529 sive
1700 481 1864 529 extra
1899 471 2218 530 Concilium
2239 517 2255 545 ‚
2304 493 2428 532 esse

303 591 543 653 prorsus
576 564 966 627 infallibilem.
1021 565 1152 623 Haec
1196 563 1393 643 regula
1442 584 1752 643 nunquam
1802 566 2037 624 nutavit
2078 578 2178 624 aut
2215 577 2385 625 nutat
2409 611 2426 640 ‚

310 665 468 749 quod
504 666 570 723 in
605 661 914 742 praesentia
956 657 1124 718 nobis
1158 660 1294 717 satis
1328 669 1434 717 est.
1469 658 1529 716 Si
1569 679 1690 738 qua,
1726 669 2005 738 praeterea
2035 663 2429 723 controversia

307 762 456 821 circa
499 757 793 839 potiorem
839 765 1069 836 partem
1103 755 1275 833 hujus
1311 753 1525 833 regulae
1567 754 1888 827 excitatur,
1933 753 2139 815 eadem
2175 778 2298 816 non
2338 769 2430 816 at·
2498 759 2502 764 ’

312 855 487 934 tingit
513 850 776 933 regulam
806 851 998 932 ipsam
1018 896 1034 924 ,
1078 872 1143 910 ac
1167 862 1289 910 tota
1327 850 1645 909 domestica
1663 846 1797 925 est,
1834 854 1994 928 cujus
2025 864 2327 911 momenta
2357 852 2431 912 ab

307 969 663 1031 unaquaque
720 948 1208 1007 contendentium
1250 957 1419 1027 parte
1464 945 1712 1028 proferri
1755 944 1922 1004 solita
1969 956 2171 1026 postea
2209 967 2433 1028 expen-

307 1044 534 1104 demus.
580 1041 916 1102 Absurd'um
958 1063 1136 1124 porro
1169 1052 1258 1101 est
1292 1062 1366 1100 ex
1395 1063 1496 1117 cO,
1539 1041 1699 1120 quod
1719 1062 1842 1098 non
1866 1040 2003 1099 satis
2029 1052 2254 1101 constet
2280 1043 2435 1103 inter

307 1140 635 1201 Catholicos
655 1184 670 1213 .,
705 1150 837 1198 utra
863 1138 1174 1197 auctoritas
1198 1128 1489 1222 potiorem
1515 1136 1627 1195 sibi
1652 1135 1911 1198 vindicet
1934 1146 2164 1217 partem
2181 1182 2198 1211 ‚
2232 1150 2435 1197 utrum

310 1236 530 1297 scilicet
564 1234 841 1294 Pontifex
878 1254 1142 1293 seorsum
1171 1244 1502 1315 spectatus,
1540 1253 1618 1292 an
1659 1253 1798 1291 vero
1831 1231 2078 1291 Ecclesia
2107 1251 2209 1291 seu
2238 1234 2439 1294 Conci-

310 1332 459 1392 lium
495 1376 511 1407 ,
554 1329 903 1390 concludere
928 1375 944 1401 ,
977 1350 1170 1410 neque
1204 1331 1268 1386 in
1287 1329 1568 1388 Pontifice
1602 1349 1740 1388 cum
1771 1326 2016 1386 Ecclesia
2045 1347 2148 1387 seu
2183 1328 2437 1389 Concilio

307 1449 437 1488 eam
459 1427 749 1505 residere3
777 1425 926 1485 illud
959 1426 1118 1485 enim
1146 1423 1395 1507 perinde
1415 1434 1567 1484 esset
1587 1445 1652 1483 ac
1678 1423 1933 1498 inferre,
1951 1464 1953 1467 -
1968 1445 2039 1483 ex
2061 1445 2130 1483 eo
2155 1424 2314 1506 quod
2335 1424 2438 1484 di-

304 1533 549 1606 sputant
573 1521 895 1604 pyhsiologi
921 1566 937 1595 ‚
969 1531 1172 1580 utrum
1198 1521 1261 1578 in
1284 1517 1564 1594 cerebro,
1589 1539 1667 1578 an
1686 1519 1750 1577 in
1783 1518 1958 1579 corde
1975 1565 1991 1594 ,
2026 1540 2129 1579 seu
2167 1520 2231 1578 in
2257 1531 2438 1602 syste-

301 1631 462 1679 mate
488 1639 707 1680 nerveo
727 1663 743 1693 .,
774 1628 876 1676 aut
909 1615 1194 1680 vasculari
1232 1614 1469 1697 proprie
1494 1613 1616 1700 vita
1653 1613 1908 1674 resideat
1927 1659 1943 1689 ⁷
1983 1635 2112 1675 eam
2153 1636 2346 1698 neque
2374 1617 2437 1677 in

300 1726 428 1775 toto
461 1715 701 1775 ho'mine
729 1713 981 1775 residere
1014 1714 1126 1795 (1).

383 1809 525 1870 250.
557 1810 645 1870 Ad
681 1811 803 1884 ΞΜ,
844 1811 1003 1870 Dz'st.
1046 1811 1114 1869 In
1145 1810 1250 1886 iis,
1290 1831 1421 1893 quae
1454 1811 1516 1869 in
1552 1812 1803 1894 praefatis
1857 1810 2127 1870 Conciliis
2154 1808 2432 1871 adversus

306 1906 609 1967 haereticos
632 1904 874 1966 definita
902 1917 1041 1965 sunt
1066 1917 1125 1965 et
1141 1928 1174 1965 a
1195 1908 1365 1967 Rom.
1391 1907 1766 1966 Pontificibus
1790 1906 2128 1966 confirmata
2147 1949 2165 1980 ‚
2188 1925 2349 1985 περς
2371 1906 2435 1964 in

305 2004 376 2063 iis
401 2048 420 2080 ,
443 2024 574 2084 quae
596 2001 843 2084 probata
869 2023 901 2060 a
917 2004 1084 2061 Rom.
1111 2002 1390 2063 Ponti‘fice
1413 2025 1536 2061 non
1564 2015 1726 2079 sunt,
1748 2015 1848 2063 aut
1879 2003 1942 2061 in
1971 1998 2435 2084 disciplinaribus

303 2099 555 2159 decretis
579 2144 595 2172 ‚
647 2109 839 2158 trans,
881 2100 1017 2158 Jam
1067 2120 1208 2160 vero
1256 2120 1460 2159 omnes
1507 2100 1727 2182 pariter
1767 2098 2049 2159 Catholici
2075 2098 2141 2158 in
2182 2119 2252 2159 eo
2293 2119 2437 2157 con-

301 2196 553 2255 veniunt
570 2239 586 2268 ,
614 2193 855 2253 definita
878 2194 943 2253 in
973 2193 1242 2254 Conciliis
1274 2195 1713 2255 Constantiensi
1741 2207 1802 2258 et
1823 2195 2137 2255 Basileensi
2160 2193 2436 2255 adversus

303 2289 641 2351 Wicleffitas
661 2334 677 2364 ,
703 2290 964 2349 Hussitas
982 2334 999 2364 .,
1033 2290 1319 2350 Bohemos
1356 2302 1416 2351 et
1445 2313 1478 2350 a
1500 2291 1754 2350 Martino
1781 2293 1826 2350 V
1850 2302 1909 2351 et
1934 2292 2189 2371 Eugenio
2217 2292 2291 2350 IV
2305 2311 2438 2350 con·

305 2387 564 2459 firmata,
601 2384 841 2467 plenam
877 2384 1144 2445 obtinere
1185 2387 1631 2461 auctoritatem,
1669 2398 1728 2447 et
1761 2388 1824 2446 in
1858 2387 1967 2447 hoc
2001 2386 2163 2447 nulla
2193 2397 2281 2446 est
2318 2385 2440 2446 dis-

307 2481 584 2562 ceptatio.
615 2480 702 2539 Ad
726 2479 951 2562 reliqua
979 2502 1119 2545 vero
1144 2482 1302 2566 quod
1325 2483 1557 2560 attinet,
1582 2503 1709 2565 quae
1729 2483 1939 2564 dogma
1957 2505 2079 2542 non
2102 2483 2401 2560 attingunt
2419 2527 2436 2557 7

308 2598 504 2659 neque
544 2576 936 2658 perhibentur
963 2601 992 2636 a
1025 2580 1192 2637 Rom.
1227 2579 1505 2639 Pontifice
1531 2579 1776 2660 probata
1799 2624 1814 2651 ‚
1856 2578 1932 2637 ad
1958 2577 2213 2637 criticam
2242 2576 2440 2638 devol-

309 2683 568 2746 vuntur,
620 2683 680 2731 et
707 2694 814 2730 nos
850 2694 959 2754 pro
1005 2673 1450 2755 opportunitate
1484 2673 1929 2755 expendemuS.·
1953 2675 2038 2733 De
2063 2673 2439 2732 oecumenici-

318 2779 442 2828 tate
479 2766 718 2827 Concilii
740 2768 1145 2826 Lateranensis
1181 2768 1237 2827 V
1277 2766 1351 2826 ob
1387 2769 1660 2849 exiguum
1691 2769 2106 2851 Episcoporum
2129 2790 2443 2829 numerum

315 2887 348 2924 a
397 2861 713 2931 ‚nonnullis
776 2861 1113 2922 dubitatum
1177 2875 1265 2923 est
1294 2890 1310 2938 ς
1372 2863 1475 2924 sed
1531 2886 1690 2924 nunc
1739 2864 1815 2924 ab
1851 2865 2124 2926 omnibus
2158 2866 2245 2924 uti
2302 2886 2440 2926 vere

317 2960 749 3022 oecumenicum
805 2958 1059 3019 habetur
1092 3005 1108 3034 .,
1166 2960 1342 3020 etiam
1383 2959 1457 3020 ab
1511 2961 1667 3043 ipsis·
1703 2960 1885 3021 Gallis
1925 2962 2015 3042 (2)
2051 3007 2067 3036 .,
2116 2960 2442 3021 Concilium

386 3232 450 3297 (l)
468 3236 683 3285 Attamen
699 3237 778 3286 hic
793 3243 865 3286 est
884 3238 1231 3303 paralogismus,
1246 3256 1339 3304 quo
1423 3242 1472 3287 in
1500 3248 1629 3304 parte
1647 3247 1852 3307 systema
1868 3237 2100 3302 peculiare
2120 3247 2274 3301 postea
2292 3237 2443 3285 discu-

320 3318 468 3364 utitur
489 3316 687 3379 Palmer,
711 3337 790 3386 op.
807 3323 889 3371 cit.
909 3330 1025 3370 tom.
1042 3335 1079 3368 11
1096 3358 1109 3381 ,
1128 3330 1250 3386 part.
1269 3337 1336 3381 lv,
1427 3324 1614 3370 ticinus·

326 3417 430 3465 cap.
455 3416 502 3467 7,
525 3411 635 3449 sect.
665 3418 680 3448 1
701 3436 716 3464 ,
754 3420 861 3466 pag.
898 3401 988 3451 152
1018 3412 1063 3452 et
1090 3419 1227 3469 seqq.
1258 3403 1340 3452 ubi
1499 3404 1564 3468 (2)
1603 3403 1855 3468 Nunquam
1887 3403 2012 3450 enim
2039 3404 2089 3450 in
2117 3402 2206 3451 hoc
2232 3401 2440 3450 Concilio

321 3484 485 3530 nititur
500 3485 730 3542 evincere,
758 3486 1137 3534 infallibilitatem
1152 3485 1334 3553 Synodi
1420 3488 1754 3553 Episcoporum
1833 3502 2055 3534 numerus
2129 3486 2188 3534 ad
2251 3495 2440 3534 centum

323 3566 618 3614 oecumenicae
648 3565 883 3615 celebratae
920 3578 966 3617 et
1000 3568 1283 3617 confirmatae
1315 3586 1342 3617 a
1425 3581 1471 3618 ct
1522 3570 1679 3634 viginti
1741 3570 1966 3632 pervenit.
2041 3566 2137 3617 Cfr.
2209 3566 2442 3615 Cabassu-

323 3649 419 3696 solo
457 3647 594 3697 Rom.
634 3646 857 3697 Pontifice
916 3667 1012 3700 esse
1045 3654 1097 3699 in
1139 3649 1344 3699 Ecclesia
1425 3653 1543 3710 tius,
1576 3648 1767 3698 Notitia
1803 3649 2163 3710 Gemmarum,
2206 3666 2300 3698 sec.
2331 3652 2439 3712 xvi3

321 3746 512 3782 romana
553 3747 734 3782 meram
766 3732 1061 3798 opinionem.
1109 3733 1225 3801 Ejus
1256 3734 1343 3783 hac
1427 3742 1588 3799 praeter
1630 3731 1951 3785 Cabassutium
1973 3768 1987 3795 ,
2029 3732 2240 3782 Labbeus
2259 3767 2273 3794 ,
2319 3730 2439 3780 Har-
