2514 4218
276 132 397 193 328
907 151 1108 191 macr.
1154 152 1223 188 nn
1267 151 1418 190 zonis
1461 154 1840 194 maome-ms.

275 301 445 360 litem
470 295 702 376 jamdiu
739 318 863 356 esse
911 296 1272 378 diremptam
1322 315 1396 355 ex
1434 297 1820 376 promissione
1855 301 2221 382 principatus
2247 302 2418 362 Petro

273 396 459 468 facta3
492 404 695 453 contra
721 414 860 455 vero
882 392 1149 451 Christus
1186 390 1496 473 respondit
1523 416 1540 451 z
1572 391 1947 474 Quicumque
1978 399 2236 455 ‘voluerit
2260 402 2424 457 inter

273 512 370 551 vos
404 495 605 568 major
619 491 764 567 fieri-
776 531 797 559 ,
821 491 901 546 sit
927 499 1113 546 vester
1137 490 1419 547 minister
1450 487 1563 565 (1).
1606 488 1677 545 20
1714 488 1903 549 Probe
1931 492 2093 551 enim
2122 503 2420 552 noverunt

271 585 533 670 Apostoli
565 631 582 661 ‚
619 583 780 665 quod
811 583 1078 642 Christus
1099 629 1115 658 .,
1158 605 1292 643 cum
1330 596 1536 643 omnes
1565 583 1984 666 interrogasset
2012 608 2027 644 ε
2081 589 2190 650 Vos
2217 599 2420 647 autem

271 706 451 764 quem
489 703 581 741 me
604 701 720 739 esse
753 680 1011 738 dicitis?
1055 680 1543 762 repondissetque
1574 682 1782 740 Petrus
1811 680 2079 741 omnium
2116 685 2358 745 nomine
2395 707 2409 742 z

281 781 374 840 Tu
397 801 454 837 es
479 777 756 837 Christus
770 777 979 836 Filius
996 778 1114 836 Dei
1125 780 1270 853 vivi,
1286 776 1348 835 in
1374 797 1629 857 persona
1647 776 1807 836 Petri
1828 777 2197 837 constituerit
2212 799 2417 840 omnes

267 874 476 935 eadem
509 874 738 933 ratione
775 873 1235 934 fundamentum
1282 873 1544 933 Ecclesiae
1572 919 1587 949 .,
1643 860 2096 957 promise'ritque
2139 875 2417 937 omnibus

268 971 461 1031 claves
476 971 642 1050 regni
671 969 977 1030 coelorum.
997 969 1146 1030 301d
1170 970 1364 1030 adhuc
1380 972 1637 1053 apertius
1669 969 1856 1052 liquet
1878 993 1949 1031 ex
1975 971 2415 1049 Matth.xvnl‚

266 1067 371 1126 ubi
407 1066 683 1126 omnibus
721 1088 793 1126 ex
824 1089 996 1148 aequo
1023 1078 1082 1126 et
1111 1069 1171 1125 in
1211 1067 1512 1126 communi
1557 1067 1785 1125 confert
1820 1065 2084 1127 Christus
2120 1068 2416 1150 amplissi-

265 1186 431 1223 mam
465 1163 721 1225 clavium
747 1174 1133 1246 potestatem,
1162 1161 1383 1243 ligandi
1407 1184 1624 1245 nempe
1659 1174 1835 1244 atque
1859 1162 2153 1225 solvendi.
2172 1163 2241 1222 40
2257 1165 2415 1238 Qua-

263 1271 511 1343 propter
531 1307 546 1330 ,
578 1260 707 1319 Act.
742 1260 881 1335 Vll„
923 1259 1165 1339 legitur,
1193 1258 1498 1341 Apostolos
1523 1263 1753 1317 misisse
1783 1262 2023 1319 Petrum
2042 1271 2099 1319 et
2122 1262 2157 1319 J
2162 1281 2416 1321 oannem

265 1358 586 1417 Samariam
615 1379 633 1434 3
664 1378 795 1438 quae
818 1355 1029 1436 agendi
1055 1356 1205 1415 ratio
1220 1356 1479 1416 ostendit
1497 1356 1963 1417 luculentissime
1998 1357 2414 1440 Apostolorum

264 1453 534 1512 omnium
577 1451 984 1511 omnimodam
1017 1452 1438 1535 aequalitatem.
1485 1452 1552 1511 50
1578 1452 1749 1526 Quod
1778 1452 1826 1511 si
1874 1453 2080 1535 aliquis
2112 1453 2412 1516 vindicare

261 1548 376 1609 sibi
412 1561 610 1631 posset
656 1549 982 1631 primatum
1038 1549 1196 1607 inter
1239 1547 1584 1630 ApostOIOS,
1638 1549 1686 1607 is
1736 1561 1889 1609 esset
1929 1549 2179 1611 Jacobus
2216 1552 2411 1634 potius

260 1667 437 1728 quam
473 1647 714 1719 Petrus;
751 1644 1004 1705 Jacobus
1032 1645 1191 1704 enim
1227 1645 1422 1725 primo
1440 1643 1571 1703 loco
1597 1656 1736 1704 ante
1762 1644 2026 1726 Cepham
2070 1648 2411 1707 nominatur

258 1764 292 1801 a
323 1742 504 1800 Paulo
534 1741 710 1821 (Gal.
763 1741 840 1800 111
863 1787 879 1817 ,
931 1739 1051 1821 9);
1091 1742 1218 1823 ipse
1255 1741 1610 1802 constitutus
1645 1742 1755 1800 fuit
1791 1742 2111 1825 Episcopus
2145 1745 2410 1803 Hieroso-

255 1838 558 1918 lymitanae
616 1836 915 1915 Ecclesiae,
978 1859 1110 1919 quae
1151 1849 1240 1898 est
1287 1849 1477 1898 mater
1526 1839 1794 1896 omnium
1860 1838 2280 1915 Ecclesiarum7
2343 1860 2410 1899 ac

256 1945 574 2017 propterea
622 1946 711 1994 est
767 1956 1063 1994 successor
1117 1933 1376 2007 Christi,
1434 1934 1571 2015 quia
1630 1933 1895 1993 Christus
1934 1935 2044 1994 fuit
2090 1932 2410 2018 Episcopus

256 2031 678 2111 Hierosolymae
697 2076 714 2107 ,
754 2053 876 2089 non
907 2043 1105 2090 autem
1130 2032 1331 2090 Romae
1344 2030 1434 2111 (2)
1454 2055 1469 2104 z,
1491 2031 1558 2088 60
1576 2041 1678 2088 aut
1708 2029 1918 2089 saltem
1935 2030 2148 2089 Paulus
2172 2030 2407 2112 aequalis

249 2130 428 2187 Petro
475 2139 626 2187 esset
660 2127 943 2187 dicendus
971 2173 987 2203 a
1027 2128 1118 2186 cui
1167 2128 1461 2186 creditum
1507 2137 1592 2185 est
1628 2127 2036 2207 Evanyelium
2075 2132 2411 2208 proeputii,

254 2226 416 2283 sicut
449 2234 505 2282 et
539 2224 718 2282 Petro
754 2227 1243 2283 circumcisionis
1294 2223 1383 2304 (3)
1405 2269 1421 2298 a
1457 2244 1523 2281 ac
1555 2234 1870 2305 propterea
1894 2223 2225 2301 jurisdictio
2250 2225 2406 2285 inter

253 2320 410 2401 ipsos
447 2318 631 2379 divisa
681 2330 810 2393 est3
853 2318 920 2377 7Ο
969 2319 1184 2378 Paulus
1230 2330 1518 2401 praeterea
1559 2320 1738 2380 Petro
1776 2323 1846 2378 in
1880 2322 2110 2399 faciem
2156 2325 2406 2392 restitit,

252 2422 406 2497 quia
441 2418 932 2497 reprehensibilis
953 2429 1086 2499 erat
1110 2417 1218 2497 (4).
1251 2418 1318 2476 80
1346 2419 1471 2477 Hoc
1502 2418 1745 2500 insuper
1776 2418 2227 2478 docentPatres
2246 2464 2262 2493 .‚
2301 2419 2403 2500 qui

251 2513 504 2572 Paulum
539 2512 633 2574 vel
672 2505 1093 2594 Apostolorum
1129 2516 1344 2574 ducem
1376 2527 1593 2574 vocant
1617 2560 1633 2589 7
1669 2526 1735 2572 ut
1790 2513 2233 2593 Chrysostomus
2263 2511 2356 2595 (5)
2382 2560 2399 2590 ,

248 2608 347 2669 vel
414 2610 835 2690 Apostolorum
899 2614 1247 2670 max-imum
1294 2622 1353 2670 et
1399 2613 1687 2690 prim-um
1738 2614 2090 2685 jomnmmq
2125 2622 2191 2668 ut
2237 2610 2402 2671 idem

250 2707 309 2765 S.
349 2708 567 2765 Doctor
606 2705 732 2789 (6),
778 2705 875 2767 vel
909 2708 1331 2786 Apostolorum
1373 2728 1763 2786 supremum,
1806 2718 1872 2764 ut
1910 2705 2165 2765 Hilarius
2199 2706 2400 2767 Arela-

248 2802 431 2862 tensis
490 2803 580 2883 (7)
600 2849 616 2878 ,
675 2801 771 2863 vel
807 2806 1162 2883 principem
1211 2813 1314 2860 aut
1370 2802 1958 2883 proto-coryphaeum
1983 2848 2000 2876 ‚
2061 2813 2127 2862 ut
2198 2814 2395 2886 patres

248 2896 575 2959 Florentini
596 2898 706 2980 (8).
737 2900 804 2958 90
827 2898 892 2958 Id
926 2899 1120 2981 ipsum
1146 2898 1399 2960 suadent
1418 2910 1618 2961 vetera
1653 2909 2040 2958 monumenta
2061 2944 2078 2974 ‚
2109 2899 2393 2979 imagines

316 3158 389 3222 (1)
428 3158 683 3223 Manlum,
721 3161 805 3212 26.
859 3163 930 3212 Ita
964 3163 1270 3229 Magdeburg.
1431 3164 1500 3229 (5)
1534 3162 1682 3214 Hom.
1725 3178 1773 3223 1,
1814 3160 1895 3210 De
1923 3164 2230 3227 precatione,
2277 3180 2387 3229 opp.

244 3245 603 3304 centuriat01·e8‚
635 3259 758 3296 cent.
790 3263 855 3305 11,
877 3266 985 3314 capq
1017 3265 1064 3315 7.
1358 3259 1471 3297 tom.
1512 3266 1548 3297 11
1568 3287 1582 3309 ,
1616 3266 1722 3314 pag.
1757 3243 1854 3310 782
1883 3283 1897 3306 ‚
1927 3248 2041 3295 edit.
2075 3246 2232 3296 Maur.

316 3328 381 3393 (2)
418 3327 484 3376 Ita
520 3328 775 3379 Febronius
814 3343 861 3382 et
895 3333 1230 3382 Tamburinins
1253 3372 1265 3394 ,
1425 3333 1492 3394 (6)
1510 3328 2383 3397 Hom.111,inMatth.tom.v11‚pag.42.

244 3411 415 3476 quibus
449 3414 542 3477 jam
577 3415 848 3477 praeiverant
883 3426 1195 3482 protestantes.
1423 3417 1487 3481 (7)
1528 3416 1665 3481 Apud
1697 3414 1835 3463 Veith
1864 3413 1918 3463 S.
1965 3414 2011 3463 J.
2057 3413 2139 3463 De
2163 3415 2386 3481 primatu

318 3493 381 3558 (3)
422 3491 578 3543 Galat.
611 3511 679 3553 11,
718 3513 763 3561 7.
1359 3508 1405 3546 et
1432 3497 1588 3562 insall.
1619 3514 1736 3545 rom.
1780 3495 1925 3547 Pont.
1960 3498 2153 3565 August.
2192 3494 2383 3546 Vindel.

313 3576 375 3639 (li)
413 3576 539 3626 Ibid.
569 3593 697 3627 versa
722 3595 795 3627 ιι.
1368 3578 1488 3646 1781
1517 3617 1530 3642 ‚
1550 3598 1653 3646 pag.
1676 3578 1761 3643 42.

1429 3662 1497 3726 (a)
1534 3661 1665 3713 Ibid.
