2514 4218
268 132 387 192 514

897 149 1110 188 'macan-
1145 150 1213 185 ΒΕ
1258 147 1404 186 mels
1448 148 1824 188 THEommcts.

1082 290 1403 334 DIFFICULT
1410 291 1574 334 ATES.

356 425 499 486 755.
551 425 686 505 Obj.
723 426 934 507 prima.
987 425 1048 483 1⁰
1081 426 1397 506 Perperam
1438 426 1679 507 antiqua
1719 424 1956 486 traditio
1991 428 2298 490 invocatur
2331 430 2409 491 ad

272 523 556 605 ejusmodi
592 520 961 605 privilegium
999 542 1147 580 rom.
1184 519 1449 580 Pontifici
1486 520 1918 582 adstruendum
1941 569 1957 598 7
1992 545 2128 584 cum
2159 526 2404 608 quaestio

269 621 393 682 haec
430 619 683 701 antiquis
717 617 893 699 plane
926 622 1077 676 esset
1109 617 1326 696 ignota.
1357 617 1424 674 20
1458 617 1607 676 Sane
1636 615 1888 678 adducta
1930 619 2407 681 testimoniorum

271 716 563 797 congeries
601 736 724 773 rem
756 735 880 773 non
914 712 1149 772 conficit
1174 759 1189 788 7
1244 735 1382 773 cum
1424 711 1514 773 vel
1561 714 1784 772 desolo
1831 712 2009 774 Petro
2043 715 2363 798 loquantur
2387 763 2404 794 .,

269 813 368 876 vel
415 813 485 871 de
521 812 795 872 Ecclesia
837 810 1131 870 catholica
1146 852 1170 881 ,
1213 808 1308 871 vel
1343 810 1413 868 de
1455 810 1597 868 Sede
1639 830 1901 869 romana
1919 854 1943 882 ,
1982 811 2225 871 minime
2265 833 2407 874 vero

270 911 345 970 de
380 907 514 968 solis
550 929 701 967 rom.
745 904 1145 966 Pontificibus,
1185 904 1250 964 30
1277 904 1448 980 Quod
1489 906 1536 963 si
1576 904 1862 965 nonnulla
1897 927 1968 966 ex
2003 907 2301 967 recensitis
2335 907 2409 970 de

270 1006 362 1065 his
397 1005 558 1086 loqui
593 1001 903 1077 videntur,
946 1024 1069 1061 non
1103 1000 1175 1061 de
1210 1001 1350 1083 ipsis
1383 1000 1760 1061 Pontificibus
1793 1001 2136 1082 singillatim
2159 1050 2174 1079 .,
2205 1004 2309 1063 sed
2333 1003 2407 1064 de

278 1103 542 1185 ipsorum
575 1100 722 1159 serie
759 1120 824 1159 ac
859 1097 1216 1158 successione
1253 1097 1333 1157 ita
1369 1108 1510 1156 sunt
1534 1097 1906 1180 accipienda,
1941 1109 2007 1158 ut
2045 1099 2370 1180 significent
2391 1146 2408 1176 .‚

272 1197 453 1256 fidem
486 1218 519 1254 a
557 1198 731 1255 Petro
764 1193 1042 1253 traditam
1065 1215 1299 1275 semper
1335 1192 1508 1253 fuisse
1533 1192 1606 1252 ab
1640 1215 1706 1253 ea
1721 1192 2074 1255 custoditam
2094 1241 2111 1273 ,
2146 1207 2248 1255 aut
2279 1217 2413 1256 cus-

272 1291 614 1353 todiendam
654 1290 778 1351 fore
835 1311 1021 1373 usque
1062 1289 1139 1349 ad
1191 1288 1760 1350 consummationem
1823 1290 2032 1368 seculi,
2082 1302 2151 1351 ut
2199 1292 2414 1351 confir-

274 1399 514 1449 mentur
550 1386 789 1461 fideleS‚
836 1385 996 1469 quod
1037 1407 1213 1445 nemo
1258 1384 1520 1466 ambigit.
1558 1386 1616 1445 Si
1656 1386 1814 1445 enim
1855 1388 2161 1468 contigerit
2199 1409 2414 1470 quem-

276 1486 437 1568 piam
471 1505 699 1559 errare,
737 1504 871 1542 cum
908 1503 1070 1543 error
1113 1504 1145 1541 a
1182 1488 1509 1543 successore
1543 1482 1865 1562 corrigatur
1891 1529 1906 1557 7
1952 1483 2063 1542 dici
2096 1495 2408 1567 propterea

279 1581 523 1663 nequit,
580 1591 777 1661 portas
819 1577 988 1638 inferi
1044 1577 1324 1639 adversus
1373 1575 1552 1637 fidem
1592 1577 1752 1637 Petri
1808 1599 1928 1640 esse
1989 1581 2412 1660 praevalituraS.

284 1677 351 1737 40
410 1675 678 1743 Accedit,
735 1675 844 1734 etsi
889 1683 1090 1733 errent
1129 1673 1472 1748 Pontifices,
1522 1671 1685 1732 haud
1727 1695 2087 1757 consequens
2153 1698 2275 1736 esse
2320 1698 2411 1737 ca-

281 1771 552 1832 thedram
611 1792 996 1831 romanamve
1038 1769 1252 1830 Sedem
1306 1791 1340 1828 a
1372 1768 1489 1829 fide
1534 1769 1883 1846 desciscere,
1931 1792 2068 1830 cum
2098 1775 2267 1850 juxta
2311 1795 2418 1831 no·

279 1880 410 1927 tum
441 1867 643 1927 Leonis
661 1868 737 1926 M.
768 1865 1037 1927 effatum:
1071 1866 1267 1924 Aliud
1288 1875 1437 1924 sunt
1459 1861 1614 1924 sedes
1634 1908 1658 1938 ,
1681 1867 1864 1925 aliud
1878 1869 2273 1946 praesidentes
2297 1867 2414 1947 (l).

283 1964 353 2022 5⁰
388 1967 647 2023 Demum
681 1961 843 2021 haud
876 1982 1110 2043 semper
1144 1981 1344 2044 presse
1378 1962 1621 2019 Patrum
1658 1961 1830 2021 effata
1866 1962 2205 2044 accipienda
2242 1972 2417 2037 sunt,

286 2082 421 2120 cum
443 2058 791 2118 urbanitatis
815 2057 1167 2140 quandoque
1189 2069 1249 2118 et
1271 2057 1441 2118 officii
1478 2079 1648 2117 causa
1673 2058 1755 2117 ita
1785 2057 2005 2116 fuerint
2034 2057 2231 2118 locuti.
2253 2060 2419 2140 Ergo,

285 2286 395 2326 tatae
414 2277 686 2326 solemniter
705 2275 792 2324 hoc
815 2278 871 2325 in
892 2282 1051 2343 capite
1068 2279 1314 2326 sementim

285 2358 482 2426 epocha.
536 2360 849 2425 Amplissimis
900 2377 1007 2408 vero
1053 2360 1317 2409 seculorum

293 2444 505 2491 omnium
526 2442 817 2491 documentis
830 2482 847 2504 ,
869 2461 894 2490 a
910 2451 1005 2491 tota
1020 2461 1206 2509 quoque
1221 2443 1318 2508 gal·-

289 2525 442 2575 licana
478 2525 709 2586 Ecclesia,
749 2536 795 2574 et
834 2526 893 2574 ab
925 2526 1159 2575 academia
1186 2527 1316 2577 Pari·-

292 2611 430 2658 siensi
457 2610 516 2657 ad
539 2627 620 2658 an.
643 2627 791 2675 usque
815 2606 939 2657 1682
959 2610 1191 2671 deductis,
1222 2613 1322 2660 avi·-

296 2701 393 2739 tam
438 2692 562 2740 hanc
602 2693 901 2741 nobilissimae
946 2692 1069 2741 illius
1109 2694 1322 2743 Ecclesiae

296 2776 554 2824 doctrinam
582 2786 845 2825 constanter
867 2794 1175 2842 perseverasse
1189 2780 1322 2826 evin-

304 2861 385 2908 cit.
431 2858 527 2908 Nec
578 2863 732 2907 minus
775 2860 1033 2908 luculenter
1078 2861 1127 2908 id
1170 2864 1322 2926 ipsum

299 2942 499 2990 ostendit
526 2941 665 2991 Card.
694 2941 832 3003 Orsi,
870 2961 947 3008 op.
976 2943 1056 2992 cit.
1091 2954 1211 2992 tom.
1252 2959 1321 3003 11,

296 3022 380 3072 lib.
419 3043 499 3085 iv,
540 3042 639 3090 cap.
683 3042 738 3092 17
776 3036 821 3074 et
854 3043 986 3092 seqq.
1038 3025 1143 3074 Non
1179 3043 1325 3091 pauca

303 3109 443 3157 etiam
472 3109 750 3157 documenta
780 3111 1002 3173 congessit
1029 3109 1321 3170 Manat-elli,

303 3189 358 3238 in
390 3208 467 3256 op.
504 3190 556 3241 Il
583 3193 710 3241 buon
739 3210 825 3241 uso
862 3192 984 3241 della
1013 3192 1168 3258 loqica
1188 3232 1199 3253 ,
1232 3205 1321 3244 etc.

303 3292 463 3339 opusc.
492 3291 569 3333 ιιι,
600 3271 817 3324 Primato
849 3275 910 3324 ed
929 3275 1231 3341 infallibili&
1252 3277 1329 3325 del

302 3353 463 3423 Papa.
488 3356 664 3406 Verum
700 3358 919 3407 omnibus
949 3358 1152 3423 palmam
1184 3359 1324 3409 facile

305 3442 539 3506 praeripuit
567 3442 628 3490 cl.
668 3441 863 3502 Soardi‚
897 3444 947 3490 in
978 3444 1100 3507 regia
1137 3445 1322 3490 univer-

302 3526 434 3571 sitate
475 3523 749 3572 Taurinensi
774 3525 910 3588 prof„
951 3527 1000 3572 in
1028 3542 1164 3589 opere
1194 3525 1321 3591 quod

306 3603 490 3658 duobus
520 3604 835 3654 voluminibus
872 3608 920 3653 in
957 3603 1013 3668 4⁰
1048 3606 1320 3670 complexus

301 3697 369 3735 est
406 3705 421 3736 ε
465 3685 538 3738 De
576 3704 798 3754 suprema
837 3689 1028 3736 romani
1063 3683 1319 3749 Pontificis

1400 2277 1686 2326 auctoritate
1729 2275 1963 2326 hodierna
2002 2275 2238 2326 Ecclesiae
2278 2278 2423 2343 qalli-

1402 2377 1540 2409 canae
1572 2361 1824 2421 doctrina,
1862 2360 2098 2411 Avenione
2134 2361 2300 2430 17473
2339 2364 2425 2412 ubi

1404 2454 1650 2510 postquam
1684 2445 1735 2493 in
1766 2443 1949 2492 erudita
1983 2444 2246 2510 praefatione
2275 2455 2425 2495 osten-

1406 2527 1475 2575 dit
1492 2525 1612 2575 hanc
1630 2544 1811 2592 semper
1830 2527 2067 2576 inhaesisse
2082 2527 2299 2577 Ecclesiae
2327 2528 2423 2594 gal-

1407 2611 1571 2660 licanae
1614 2609 1913 2675 ‚sententiam
1970 2610 2028 2660 de
2079 2611 2317 2676 pontificia
2376 2615 2428 2661 in

1409 2694 1603 2741 decretis
1634 2693 1905 2758 dogmaticis
1938 2692 2275 2743 infallibilitate
2294 2729 2309 2756 ‚
2347 2693 2430 2742 do-

1410 2777 1642 2824 cumentis
1672 2777 1939 2841 omnigenis
1967 2778 2017 2823 in
2044 2778 2185 2841 priori
2204 2786 2331 2841 parte
2349 2776 2430 2824 de-

1411 2868 1649 2918 monstrat,
1683 2860 1822 2906 etiam
1853 2860 1910 2906 ab
1940 2876 2020 2907 an.
2044 2856 2171 2907 1680
2199 2874 2343 2923 usque
2371 2856 2432 2905 ad

1411 2950 1590 2988 aetatem
1608 2958 1739 2989 suam
1765 2951 1977 2989 strenuos
1997 2957 2177 3006 semper
2190 2949 2430 2988 assertores

1411 3034 1457 3072 et
1485 3023 1689 3073 vindices
1715 3026 1848 3073 avitae
1883 3025 2102 3073 doctrinae
2139 3026 2189 3070 in
2224 3021 2431 3070 Ecclesia

1412 3106 1635 3172 gallicana
1661 3109 1879 3172 viguisse.
1908 3106 2007 3154 Hoc
2035 3123 2151 3171 opus
2176 3106 2333 3154 denuo
2359 3121 2432 3155 re-

1411 3207 1574 3238 cusum
1605 3199 1673 3238 est
1706 3206 1875 3255 paucos
1906 3197 2014 3236 ante
2048 3205 2193 3236 annos
2229 3188 2431 3252 Mogon-

1411 3274 1517 3333 tiae,
1555 3289 1610 3321 ac
1635 3272 1716 3319 Pio
1751 3268 1839 3317 Vll
1879 3273 2089 3319 immort.
2136 3289 2276 3320 mem.
2306 3288 2433 3318 nun-

1408 3365 1647 3420 cupatum.
1673 3352 1773 3401 Cfr.
1805 3355 1943 3402 etiam
1971 3353 2106 3403 Com.
2128 3354 2196 3403 De
2211 3353 2421 3414 Maistre,

1405 3435 1489 3486 Du
1523 3437 1694 3502 Pape,
1727 3432 1812 3484 liv.
1844 3451 1862 3482 1
1884 3472 1897 3495 ‚
1932 3436 2011 3485 ch.
2052 3453 2098 3486 1.

1477 3521 1540 3586 (l)
1579 3518 1738 3584 Epist.
1772 3534 1863 3568 cvr.
1884 3520 1996 3569 edit.
2012 3517 2181 3568 Baller.
2198 3516 2263 3566 ad
2283 3516 2424 3565 Ana-

1401 3603 1571 3654 tolium
1597 3601 1774 3669 Episc.
1810 3601 2063 3654 Constant.
2095 3620 2199 3669 cap.
2233 3598 2284 3651 5.
