2514 4218
291 179 414 241 278
884 198 1077 236 macr.
1131 195 1201 234 nn
1245 195 1399 232 iocis
1457 195 1840 236 ‘rnnotocxms

378 345 517 404 419.
567 341 830 426 Apostoli
855 351 1054 400 autem
1080 322 1367 417 ejusmodi
1403 344 1788 409 metonomia,
1821 362 1922 401 seu
1945 349 2237 422 potestate
2258 338 2431 421 legis-

294 442 473 500 lativa
495 486 511 515 7
545 450 830 522 tanquam
849 439 1118 515 propria
1145 438 1317 512 juxta
1353 431 1571 492 Christi
1599 432 2033 517 institutionem
2055 482 2070 510 7
2112 457 2244 494 usos
2273 456 2432 512 esse,

295 523 463 622 patet
490 560 563 599 ex
587 559 656 597 eo
678 582 694 611 7
737 532 896 616 quod
919 533 1032 616 ipsi
1058 554 1182 591 non
1212 551 1393 612 pauca
1423 530 1888 612 praescripserint
1912 533 2062 592 circa
2086 535 2436 593 exteriorem

297 633 689 718 disciplinam.
722 629 791 688 In
826 628 1083 688 Concilio
1116 626 1646 707 Hierosolymitano
1670 625 1897 686 collecti
1917 672 1933 701 7
1961 637 2292 689 statuerunt
2325 651 2436 711 po-

294 731 483 791 litiam
508 739 816 788 externam
853 724 1048 808 quoad
1079 724 1290 806 legales
1319 723 1681 783 ceremonias
1711 734 1773 784 et
1803 723 1995 803 legem
2032 722 2363 787 abstinendi
2402 748 2436 785 a

295 825 576 905 sanguine
617 833 677 882 et
708 820 1008 880 suffocato,
1038 820 1287 895 Paulus7
1320 821 1343 879 I
1381 821 1512 879 Cor.
1557 820 1697 890 VII,
1736 819 1954 879 indixit
1999 819 2280 897 modum7
2319 843 2442 904 quo

293 918 553 980 ineunda
588 929 786 977 essent
827 916 1095 978 fidelium
1132 916 1396 996 conjugia
1439 937 1574 975 cum
1610 915 1950 975 infidelibus
1974 962 1989 991 7
2034 928 2094 976 et
2132 915 2277 987 ibid.
2322 919 2435 994 XI,

295 1014 594 1098 quomodo
630 1013 910 1074 decenter
961 1012 1208 1094 cogendi
1251 1023 1450 1072 essent
1497 1011 1716 1094 publici
1761 1011 2024 1071 fidelium
2060 1023 2389 1073 conventus
2415 1056 2435 1087 7

294 1113 525 1195 aliaque
569 1110 874 1170 exterioris
915 1109 1238 1192 disciplinae
1285 1108 1474 1191 capita
1522 1119 1797 1168 oretenus
1847 1107 2235 1184 stabilienda7
2295 1107 2468 1169 sub-'

296 1209 444 1270 dens
474 1231 488 1268 :
526 1207 755 1269 Coetera
779 1218 1016 1283 autem,
1043 1227 1184 1266 cum
1218 1226 1459 1272 venem,
1492 1206 1814 1285 disponam
1850 1205 1965 1286 (1).
1995 1206 2279 1265 Instruxit
2301 1225 2444 1288 prae·

296 1316 458 1365 terea
488 1303 867 1363 Timotheum
892 1324 958 1362 ac
994 1302 1192 1361 Titum
1218 1301 1281 1360 in
1307 1300 1570 1382 epistolis
1608 1301 1685 1360 ad
1714 1322 1810 1361 eos
1844 1300 1994 1361 datis
2016 1347 2032 1377 7
2072 1324 2185 1385 qua
2214 1302 2442 1362 ratione

297 1422 497 1482 gerere
529 1421 590 1460 se
627 1398 916 1459 deberent
949 1399 1098 1458 circa
1128 1399 1549 1480 Episcoporum
1568 1442 1584 1471 7
1616 1398 2012 1457 Diaconorum
2040 1410 2101 1458 et
2127 1399 2443 1460 viduarum

300 1497 652 1557 electionem
678 1540 695 1570 7
741 1506 1019 1576 arcetque
1057 1494 1388 1576 neophytos
1428 1514 1496 1554 ac
1537 1491 1803 1573 bigamos
1846 1492 1919 1551 ab
1959 1494 2444 1556 Ordinationibus

301 1593 500 1652 sacris.
530 1591 872 1652 Absurdum
900 1602 1099 1650 autem
1131 1602 1192 1650 et
1222 1590 1516 1649 absonum
1548 1601 1639 1649 est
1668 1589 1763 1650 vel
1788 1590 2067 1673 suspicari
2088 1638 2103 1667 7
2137 1592 2446 1676 Apostolos

297 1687 702 1770 disciplinares
725 1687 829 1746 has
848 1685 1001 1767 leges
1023 1687 1396 1747 constituisse
1414 1708 1485 1747 ex
1506 1687 1849 1770 Principum
1871 1687 2047 1748 seculi
2065 1691 2408 1751 auctoritate
2425 1736 2441 1764 7

303 1785 473 1846 venia
512 1795 614 1844 aut
641 1782 1039 1867 dependentia
1065 1783 1178 1866 (2).

383 1880 526 1940 420.
557 1880 727 1955 Quod
753 1881 800 1939 si
826 1879 950 1941 haec
972 1880 1295 1961 legislativa
1322 1892 1578 1964 potestas
1610 1890 1647 1940 a‘
1676 1880 1910 1941 Christo
1932 1881 2141 1942 collata
2169 1882 2281 1941 fuit
2296 1883 2446 1966 Apo-

301 1976 464 2037 stolis
490 1978 553 2035 in
581 1976 845 2036 Ecclesiae
869 1998 984 2036 suae
1008 1977 1326 2037 utilitatem
1347 2023 1363 2054 7
1389 1989 1552 2060 patet
1573 2023 1590 2053 7
1621 1999 1751 2038 eam
1773 1977 1848 2037 ad
1871 2001 2075 2039 eorum
2095 2000 2449 2039 successores

303 2072 639 2131 transfundi
665 2071 956 2133 debuisse.
985 2073 1251 2133 Profecto
1273 2120 1288 2149 7
1327 2074 1375 2132 si
1401 2073 1737 2136 viventibus
1765 2074 1958 2133 adhuc
1981 2074 2269 2157 Apostolis
2289 2121 2305 2150 7
2336 2098 2445 2158 pro

304 2167 696 2251 multiplicata
734 2169 999 2228 fidelium
1036 2171 1200 2253 copia
1222 2216 1237 2245 7
1278 2182 1337 2230 et
1374 2182 1540 2229 aucta
1584 2181 1645 2230 et
1687 2180 1914 2230 mutata
1955 2171 2066 2230 fuit
2098 2171 2441 2254 disciplina7

306 2276 531 2347 quanto
555 2265 735 2344 magis
767 2277 901 2347 post
938 2277 1028 2324 tot
1051 2266 1388 2326 discrimina
1419 2288 1618 2327 rerum
1645 2288 1834 2350 usque
1860 2265 1937 2327 ad
1961 2267 2138 2327 seculi
2164 2289 2445 2329 consum-

303 2362 628 2420 mationem
663 2362 859 2442 augeri
894 2362 1223 2445 variarique
1257 2361 1466 2422 debuit
1504 2375 1679 2446 atque
1708 2362 1993 2424 debebit?

314 2482 317 2484 ·
383 2456 525 2517 421.
574 2457 726 2517 Hinc
762 2455 983 2517 factum
1020 2462 1110 2518 est
1135 2506 1152 2534 7
1202 2470 1270 2518 ut
1312 2470 1448 2542 post
1483 2459 1900 2542 Apostolorum
1935 2470 2192 2519 mortem
2234 2470 2364 2517 tum
2408 2481 2442 2517 a

304 2555 472 2612 Rom.
510 2553 892 2613 Pontificibus
937 2565 1068 2614 tum
1101 2579 1134 2614 a
1168 2555 1439 2615 Conciliis
1475 2557 1650 2615 editae
1699 2577 1933 2637 semper
1966 2546 2185 2614 fuerint
2220 2555 2442 2614 consti-

304 2650 561 2710 tutiones
590 2649 990 2733 disciplinares
1015 2699 1031 2726 7
1078 2673 1221 2733 quas
1257 2672 1289 2709 a
1324 2650 1446 2710 sola
1482 2652 1827 2711 auctoritate
1859 2649 2120 2710 Ecclesiae
2156 2661 2443 2733 tanquam

304 2768 336 2805 a
368 2745 633 2829 legitimo
665 2747 831 2806 fonte
875 2756 935 2806 et
973 2747 1282 2827 originario
1314 2751 1448 2825 jure
1485 2768 1839 2828 promanare
1878 2746 2134 2806 affirmat
2163 2749 2221 2807 S.
2247 2748 2442 2828 Augu-—

302 2844 489 2902 stinus
513 2843 625 2925 (3).
648 2844 775 2917 Quo
796 2855 1055 2926 namque
1087 2842 1282 2902 tendit
1308 2843 1569 2904 Ecclesiae
1594 2842 1903 2926 disciplina
1924 2889 1940 2918 7
1975 2843 2086 2902 nisi
2115 2841 2211 2904 vel
2238 2842 2315 2901 ad
2339 2864 2444 2901 ex-

304 2939 581 3001 teriorem
626 2939 921 3022 religionis
963 2938 1187 2999 cultum
1210 2987 1225 3016 7
1271 2939 1368 3000 vel
1413 2939 1488 3000 ad
1531 2963 1764 3000 morum
1806 2938 2223 3000 sanctitatem?
2266 2939 2445 3020 Atqui

361 3149 431 3214 (1)
465 3148 490 3196 I
515 3149 619 3198 Cor.
650 3168 725 3210 xi,
756 3148 841 3215 34.
1404 3147 1603 3196 suetudo
1626 3183 1641 3207 7
1684 3162 1791 3211 quae
1826 3161 1988 3194 errare
2020 3161 2118 3193 non
2148 3152 2330 3211 potest,
2363 3152 2441 3193 ut-

369 3231 436 3296 (2)
477 3231 600 3282 Hinc
614 3236 778 3284 merito
794 3232 845 3283 S.
864 3233 1066 3282 Thomas
1086 3270 1099 3293 7
1122 3234 1177 3280 1i1
1198 3242 1318 3296 part.
1396 3240 1514 3298 pote
1550 3248 1581 3279 a
1610 3230 1803 3297 Spiritu
1834 3227 1889 3277 S.
1922 3230 2179 3277 instructa.

298 3333 348 3382 q.
395 3313 493 3372 83,
533 3325 620 3364 art.
667 3317 695 3364 3
719 3354 733 3377 7
774 3336 911 3383 agens
959 3317 1018 3366 de
1065 3315 1230 3364 ritibus
1262 3314 1321 3363 ab
1477 3314 1543 3380 (3)
1572 3316 1626 3363 In
1643 3313 1824 3363 duabus
1841 3311 2007 3379 Epist.
2030 3312 2095 3361 ad
2108 3311 2433 3371 Ianuarium,

298 3398 501 3448 Ecclesia
527 3401 802 3464 praescriptis
831 3403 883 3448 in
921 3400 1187 3449 divinorum
1221 3416 1323 3464 my·
1406 3418 1506 3466 quae
1524 3403 1574 3447 in
1602 3399 1712 3448 edit.
1733 3398 1882 3446 Maur.
1918 3408 2028 3445 sunt
2057 3414 2129 3446 nv
2152 3406 2196 3446 et
2226 3413 2281 3445 iv
2302 3433 2315 3455 7
2333 3412 2435 3461 quae

294 3484 539 3531 steriorum
571 3481 881 3531 celebratione
899 3521 912 3544 7
945 3483 1105 3532 scribit
1142 3499 1155 3531 ε
1180 3481 1324 3545 Quod
1406 3482 1555 3532 ambae
1569 3492 1676 3531 sunt
1692 3482 1749 3530 de
1763 3482 1929 3529 eodem
1947 3488 2245 3547 argumento,
2267 3494 2434 3542 nempe

291 3582 347 3612 ea
371 3583 478 3631 quoe
499 3582 594 3631 per
620 3562 890 3614 Ecclesiam
916 3573 1226 3626 statuuntur,
1262 3564 1323 3612 ab
1408 3567 1465 3615 de
1497 3565 1741 3631 disciplina
1776 3575 1821 3613 et
1864 3565 2030 3613 ritibus
2053 3564 2111 3613 ab
2142 3561 2342 3613 Ecclesia
2361 3562 2431 3607 in-

205 3709 214 3715 *
286 3648 391 3712 ipso
431 3646 626 3696 Christo
666 3646 994 3709 ordinamur,
1033 3660 1078 3698 et
1113 3652 1202 3696 art.
1242 3644 1272 3695 5
1306 3664 1320 3694 :
1408 3652 1596 3698 stitutis.

283 3727 385 3779 Sed
419 3732 475 3778 in
515 3732 814 3780 contrarium
844 3740 913 3779 est
944 3729 1174 3781 Ecclesioe
1205 3746 1319 3778 con-
