2514 4218
231 167 347 227 184

819 180 1011 220 TRACT.
1064 180 1132 216 DE
1174 178 1328 218 Locls
1369 181 1752 221 THEOLOGICIS.

312 327 454 389 293.
500 328 672 407 Resp.
709 323 799 384 Ad
840 324 948 398 lm,
981 322 1137 381 Dist.
1178 319 1247 378 In
1275 321 1576 381 nonnullis
1604 323 1763 384 illius
1791 322 2165 383 successionis
2194 322 2349 382 indi·

230 424 423 487 viduis
453 433 512 482 et
545 419 830 499 adjunctis
853 463 870 492 .,
908 435 1111 484 conc.,·
1153 414 1434 474 successio
1468 414 1624 496 ipsa,
1643 421 1799 500 περ.
1830 420 2121 480 Successio
2149 419 2364 478 certis--

234 522 381 580 sima
415 530 533 595 est,
561 516 827 577 omnium
851 513 1343 571 documentorum
1366 511 1733 572 testimoniis
1751 518 2093 575 confirmata
2114 562 2130 590 ,
2174 537 2354 597 quam

232 616 469 676 nonnisi
506 611 788 694 scepticus
813 608 874 666 in
906 606 1146 666 dubium
1175 628 1447 673 revocare
1484 617 1683 688 queat.
1711 608 1772 666 Si
1799 630 1913 690 qua
1935 623 2131 671 autem
2153 612 2218 669 in
2247 610 2357 670 hac

232 712 583 772 Pontificum
616 704 954 764 continuata
990 703 1137 763 serie
1163 702 1549 784 discrepantia
1576 713 1666 761 est
1687 748 1703 778 ‚
1744 702 1866 763 haec
1890 726 2013 763 non
2035 707 2212 766 afficit
2242 706 2357 764 nisi

240 810 566 891 primorum
608 800 763 860 Petri
793 821 1188 859 successorum
1216 798 1534 858 mediatam
1564 810 1665 857 aut
1695 795 2100 858 immediatam
2127 812 2260 882 post
2283 800 2357 859 il-

234 904 345 962 lius
369 899 598 959 obitum
621 895 1047 956 successionem
1071 894 1163 973 (l)
1182 938 1199 969 ‚
1220 905 1396 976 atque
1419 893 1568 953 Cleti
1599 905 1660 953 et
1686 894 1970 966 Anacleti,
1998 894 2073 953 ob
2103 895 2359 955 nominis

235 991 719 1067 similitudinem,
758 990 1133 1051 identitatem
1177 1000 1279 1048 aut
1327 988 1804 1049 distinctionem.'
1849 992 2208 1070 Argumenta
2252 1012 2360 1073 pro

232 1104 481 1172 utraque
519 1088 811 1148 sententia
848 1097 1118 1168 pugnant
1144 1085 1255 1165 (2).
1296 1087 1413 1144 Nos
1453 1086 1662 1155 criticis
1697 1086 1985 1164 ejusmodi
2020 1100 2362 1148 controver-

233 1188 378 1247 siam
399 1185 765 1244 dimittentes
787 1227 804 1257 ,
838 1182 903 1241 in
928 1202 1297 1264 quacumque
1320 1180 1565 1242 demum
1588 1181 1899 1263 hypothesi
1921 1181 2167 1243 dicimus
2184 1228 2201 1259 ‚
2232 1204 2363 1243 eam

233 1282 452 1342 nullius
489 1281 664 1361 frugis
693 1300 818 1341 esse
854 1277 931 1338 ad
953 1277 1373 1339 infirmandam
1394 1276 1812 1339 certitudinem
1843 1279 2216 1340 successionis
2238 1287 2269 1355 a*
2288 1278 2364 1340 de

233 1401 348 1462 qua
385 1378 630 1458 agimus·
1559 1368 1569 1383 ⁸

246 1594 491 1647 1833-38.
528 1596 744 1662 Idipsum
769 1594 919 1662 Pusey
950 1612 1006 1645 ac
1031 1594 1257 1645 Newman
1340 1596 1446 1662 ejus
1489 1594 1800 1662 epistolarum
1838 1604 2048 1663 tempore
2092 1598 2365 1673 divinatie,

236 1684 289 1728 in
330 1678 588 1729 Ecclesiam
632 1696 877 1728 romanam
925 1679 1260 1729 vehementiori
1343 1679 1464 1743 apud
1481 1678 1783 1741 Cotelerium‚
1805 1675 2004 1746 Scripta
2025 1680 2367 1746 Patrumapo-

236 1763 342 1811 stilo
370 1764 535 1811 iterare
566 1762 692 1810 haud
713 1762 951 1810 desinunt.

306 1844 370 1907 (1)
387 1844 572 1892 Etenim
587 1843 638 1892 S.
659 1843 878 1903 Irenaeus‚
895 1843 1066 1903 liban,
1087 1860 1192 1909 cap.
1210 1843 1262 1913 3„

235 1944 287 1975 n.
318 1924 348 1973 3
380 1963 393 1987 ‚
434 1924 604 1984 resert,
651 1925 823 1972 Linum
857 1934 1178 1986 consecratum
1215 1926 1265 1972 in

238 2008 519 2074 Episcopum
559 2008 701 2055 fuisse
735 2004 793 2054 ab
837 2005 1055 2071 Apostolo
1088 2006 1222 2055 Petro
1250 2043 1264 2065 ,

241 2093 318 2139 cui
352 2101 507 2155 postea
536 2091 771 2138 successit.
804 2088 947 2137 Linus
981 2099 1137 2137 autem
1163 2105 1269 2137 suc-

239 2190 463 2222 cessorem
498 2171 669 2221 habuit
689 2171 987 2229 Anacletum‚
1021 2190 1162 2238 quem
1193 2191 1271 2221 ex-

240 2257 361 2320 cepit
393 2255 628 2306 ClemenS.
667 2254 812 2303 Juxta
843 2253 1184 2302 Tertullianum
1214 2254 1269 2303 Β.

241 2335 374 2384 Petro
405 2337 623 2384 successit
663 2334 879 2383 Clemens
915 2335 975 2382 ab
997 2352 1050 2383 eo
1082 2335 1272 2383 ordina-

239 2429 335 2466 tus.
367 2417 428 2464 Hi
465 2434 599 2482 porro
627 2417 760 2464 facile
796 2418 985 2471 interese
1011 2415 1269 2468 concilian-

243 2511 319 2549 tur
336 2537 350 2561 ,
386 2501 423 2547 si
456 2499 663 2547 dicamus
680 2536 693 2559 ‚
713 2495 764 2547 S.
787 2498 1023 2546 Irenaeum
1060 2498 1272 2547 locutum

246 2600 343 2632 esse
366 2582 424 2630 de
451 2581 568 2630 Lino
595 2588 640 2630 et
669 2578 896 2631 Anacleto
925 2578 1067 2629 veluti
1096 2581 1155 2629 de
1183 2583 1275 2628 im-

243 2665 457 2714 mediatis
501 2663 623 2712 Petri
678 2661 1013 2711 successoribus
1035 2698 1049 2721 ,
1091 2661 1276 2709 Tertul-

243 2750 424 2798 lianum
456 2762 562 2794 vero
598 2745 656 2793 de
682 2743 919 2793 Clemente
952 2749 1183 2808 tanquam
1215 2743 1274 2791 de

252 2847 512 2888 successore
551 2827 672 2877 Petri
707 2827 935 2876 mediato.
971 2825 1073 2873 lmo
1121 2824 1273 2894 Gode·

249 2912 394 2959 fridus
408 2908 696 2960 Vendelinus
710 2918 866 2958 censet
881 2944 895 2968 ‚
914 2906 1086 2955 Linum
1103 2909 1273 2956 rexisse

252 2994 508 3044 Ecclesiam
538 3010 777 3043 romanam
795 2992 951 3041 adhuc
979 2993 1160 3040 vivente
1184 2991 1273 3039 Pe-

253 3087 327 3125 tro
355 3094 434 3142 per
461 3076 641 3144 aliquot
678 3093 825 3125 annos
856 3072 981 3123 velut
1026 3076 1125 3141 ejus
1155 3075 1276 3122 vica-

258 3163 412 3222 rium,
445 3179 554 3210 cum
585 3165 681 3227 ipse
710 3161 872 3209 Petrus
912 3158 1038 3208 Urbe
1075 3158 1271 3209 abesset.

261 3244 395 3294 Certe
410 3243 526 3292 nihil
540 3246 769 3310 prohibet,
786 3245 1037 3310 quominus
1056 3242 1282 3303 dicamus,

259 3328 412 3395 plures
455 3345 538 3391 per
577 3328 625 3374 id
668 3328 923 3392 temporis,
971 3327 1148 3390 vigente
1179 3342 1275 3390 per-

259 3411 492 3460 secutione
517 3418 563 3458 et
591 3409 931 3473 postulantibus
950 3407 1168 3456 Ecclesiae
1195 3408 1279 3455 ad-

257 3493 431 3560 junctis
445 3525 460 3552 ,
479 3502 761 3539 consecratos
784 3494 832 3539 in
851 3491 1094 3557 Episcopos
1116 3489 1276 3551 fuisse,

261 3577 343 3641 qui
375 3573 543 3623 deinde
570 3572 658 3621 sibi
704 3576 904 3623 invicem
942 3582 1277 3622 successerunt.

261 3657 358 3708 Cfr.
395 3673 554 3724 opusc.
595 3657 805 3721 inscript.
844 3655 921 3705 De
956 3654 1216 3706 Clementis
1237 3663 1281 3703 et

1344 1759 1499 1810 stolio.
1516 1762 1606 1811 vol.
1624 1776 1660 1822 1,
1681 1780 1786 1826 pag.
1819 1759 1912 1811 138
1933 1772 1978 1811 et
2004 1779 2130 1828 seqq.
2157 1762 2212 1810 In
2230 1763 2371 1828 hujus

1348 1846 1628 1892 sententiam
1655 1846 1871 1894 convenit
1892 1847 2030 1893 etiam
2052 1843 2235 1893 Isaacus
2256 1844 2373 1893 Vos-

1349 1928 1443 1974 sius
1478 1929 1529 1973 in
1563 1928 1697 1991 epist.
1729 1927 1795 1987 it,
1841 1944 1921 1976 seu
1962 1927 2287 1993 Responsione
2310 1925 2374 1975 ad

1350 2005 1654 2058 Blendellum
1671 2045 1689 2073 ‚
1721 2011 1836 2059 ibid.
1867 2010 1962 2060 vol.
1994 2026 2061 2071 11,
2103 2029 2148 2075 p.
2181 2007 2303 2073 443.

1421 2091 1487 2155 (2)
1513 2090 1603 2156 Qui
1617 2093 1813 2141 alterum
1826 2092 1883 2141 ab
1900 2094 2043 2143 altero
2060 2093 2371 2158 distinguunt,

1352 2175 1617 2222 innituntur
1643 2175 1834 2223 diversis
1863 2178 2110 2243 utriusque
2140 2176 2374 2225 Pontificio

1352 2255 1624 2305 nominibus
1643 2291 1659 2319 ‚
1703 2259 1848 2321 patria
1881 2294 1896 2318 ,
1945 2258 2021 2307 die
2064 2259 2183 2308 festo
2202 2296 2216 2319 ‚
2273 2261 2375 2306 vitae

1353 2338 1521 2402 gestis,
1563 2338 1778 2402 catalogis
1799 2375 1812 2399 ,
1849 2340 2063 2388 iconibus
2085 2376 2100 2400 ‚
2145 2350 2233 2389 etc.
2284 2338 2374 2406 Qui

1355 2435 1461 2468 vero
1481 2437 1630 2467 unum
1650 2437 1746 2469 esse
1770 2422 2059 2471 contendunt
2083 2432 2265 2486 urgent,
2286 2439 2375 2469 no-

1356 2504 1495 2550 minis
1526 2500 1887 2552 similitudinem
1906 2539 1920 2563 ,
1945 2506 2159 2569 antiquos
2190 2505 2375 2566 scripto-

1356 2602 1427 2633 res
1445 2621 1459 2644 ,
1494 2586 1603 2650 qui,
1634 2586 1672 2631 si
1701 2593 1962 2643 memorant
1990 2583 2174 2633 Cletum
2194 2620 2209 2645 ,
2239 2585 2376 2634 silent

1356 2665 1414 2713 de
1437 2664 1675 2722 Anacleto‚
1706 2675 1749 2713 et
1763 2666 1986 2713 vicissim.
2010 2663 2377 2716 Schelestratein

1355 2764 1435 2812 op.
1472 2744 1760 2816 Antiquitas
1800 2746 2038 2796 Ecclesiae
2080 2749 2376 2798 dissertatio-

1354 2829 1500 2877 nibus
1519 2865 1534 2889 ‚
1549 2816 1869 2878 monumentis
1889 2847 1946 2880 ac
1962 2833 2091 2880 notis
2108 2831 2346 2881 illustrata
2363 2869 2378 2894 ,

1354 2911 1514 2961 Romae
1546 2910 1693 2979 1693,
1716 2921 1835 2963 tom.
1864 2929 1913 2975 ι,
1944 2914 2057 2963 diss.
2093 2930 2162 2974 11,
2191 2932 2297 2979 cap.
2321 2929 2372 2974 2,

1356 2997 1566 3060 expensis
1594 2997 1833 3062 utriusque
1848 2999 2084 3049 sententiae
2108 2999 2375 3057 momentis,

1358 3078 1614 3140 concludit,
1648 3097 1703 3128 n.
1736 3075 1796 3142 14
1829 3096 1844 3128 ε
1881 3078 1953 3127 In
1991 3086 2126 3127 tanta
2158 3077 2383 3143 antiqua-

1359 3180 1468 3211 rum
1484 3162 1809 3226 discrepantia
1823 3161 2065 3209 credimus
2085 3200 2098 3222 ,
2116 3161 2270 3210 Iocum
2294 3162 2383 3210 Ῐια-

1368 3246 1476 3294 bere
1479 3243 1770 3311 praeclaram
1783 3241 1994 3292 Bar-onii
2004 3244 2239 3309 requlam‚
2258 3244 2385 3310 quod

1361 3321 1426 3375 ‘in
1457 3327 1565 3388 his,
1597 3342 1703 3391 quoe
1730 3334 1844 3373 sunt
1866 3342 2080 3375 romanoe
2110 3326 2347 3375 Ecclesioe
2368 3364 2382 3384 ‚

1358 3411 1515 3474 major
1529 3406 1804 3456 adhibenda
1827 3407 1891 3454 sit
1903 3407 2024 3471 fides
2051 3410 2154 3475 ejus
2170 3407 2386 3458 alumnis

1358 3506 1504 3555 quam
1535 3490 1719 3537 ceteris.
1741 3487 1944 3550 Vossius,
1977 3489 2068 3539 loc.
2102 3493 2183 3540 cit.
2210 3491 2386 3556 pariter

1362 3572 1601 3637 distinguit
1625 3569 1808 3620 Cletum
1838 3570 1897 3619 ab
1931 3570 2175 3621 Anacleto.
