2514 4218
873 214 1070 255 ΤΒΑΟΤ.
1119 214 1188 251 DE
1232 213 1381 255 Locls
1423 218 1797 260 Tflnotoulcls.

257 201 379 261 206

258 364 572 426 divisiones
612 372 673 422 et
710 351 1021 422 schismata
1065 356 1442 418 invalescant*
1467 350 1816 446 (1)'.31taque
1857 386 1967 425 nec
2001 386 2197 427 secum
2233 367 2378 450 ipsi,

257 481 449 542 neque
483 480 617 518 cum
659 457 785 517 aliis
814 453 1072 514 Ecclesiis
1106 453 1242 514 fidei
1269 454 1558 514 unitatem
1586 455 1830 519 habent.
1864 460 2033 535 Quod
2062 462 2110 520 si
2139 464 2384 522 necessi·

258 567 442 616 tatem
464 553 599 614 fidei
618 551 799 615 veluti
822 548 1269 609 fundamentale
1291 549 1648 631 principium
1666 551 1960 615 inculcant
1981 602 1997 632 ‚
2030 556 2138 617 hoc
2166 557 2382 616 nullius

258 652 435 732 frugis
474 661 596 724 est,
631 668 766 706 cum
802 644 937 704 fidei
971 644 1169 725 regula
1203 645 1361 728 apud
1398 645 1526 705 illos
1556 667 1678 704 non
1710 645 2021 723 subsistat,
2058 673 2125 710 ea
2169 672 2384 732 nempe

258 747 456 828 regula
508 743 768 827 proxima
790 787 807 819 ‚
842 763 975 824 quae
1026 741 1102 801 ad
1129 741 1416 820 ejusmodi
1450 735 1740 802 unitatem
1771 743 2014 802 omnino
2043 748 2379 827 requiritur.

337 841 479 902 317.
526 837 892 899 paradoxum
923 859 1061 900 vero
1085 849 1206 913 est,
1248 837 1408 920 quod
1434 838 1657 898 affimat
1683 838 2053 900 adversarius
2075 885 2090 915 ,
2117 841 2387 902 Ecclesias

260 937 587 1017 anglicanas
624 957 749 995 non
789 955 1087 1016 separasse
1130 955 1192 995 se
1239 932 1313 993 ab
1346 933 1596 993 Ecclesia
1633 933 1915 994 catholica
1937 978 1952 1009 ,
1999 947 2174 1016 prout
2212 938 2383 996 toties

258 1034 380 1116 ipse
426 1031 714 1107 inculcat,
758 1053 865 1090 nos
909 1018 1106 1090 autem
1154 1030 1324 1090 toties
1373 1030 1723 1090 retudimus,
1782 1033 2062 1104 Quasnam
2100 1053 2239 1093 vero
2278 1032 2389 1093 erit

258 1128 542 1209 ejusmodi
589 1127 838 1188 Ecclesia
885 1126 1212 1187 catholica?
1254 1129 1388 1186 Non
1423 1150 1698 1203 romana,
1739 1149 1878 1210 quae
1920 1149 2054 1187 cum
2094 1128 2232 1211 ipsis
2266 1151 2389 1188 non

259 1225 688 1300 communicat3
722 1246 845 1284 non
866 1223 1164 1283 orientalis
1185 1269 1201 1299 .,
1226 1244 1387 1305 quae,
1418 1235 1814 1306 praeterquam
1841 1223 2000 1306 quod
2023 1246 2131 1284 nec
2154 1226 2279 1307 ipsa
2303 1246 2390 1285 ca·

261 1322 474 1382 tholica
501 1332 622 1397 est,
662 1342 772 1381 nec
803 1319 986 1379 ullam
1014 1320 1233 1403 pariter
1260 1321 1736 1380 communionem
1761 1342 1895 1379 cum
1928 1320 2188 1380 Ecclesiis
2213 1320 2392 1401 angli-

261 1419 415 1479 canis
428 1416 609 1478 habet
636 1417 751 1498 (2).
771 1418 1014 1477 Restant
1030 1417 1206 1496 igitur
1223 1415 1487 1476 Ecclesiae
1502 1415 1830 1477 lutheranae
1847 1462 1862 1491 ‚
1892 1416 2220 1477 reformatas¹
2240 1462 2255 1492 ‚
2272 1416 2393 1476 dis-

262 1514 541 1590 sidenteS.
575 1535 717 1597 quas
739 1512 863 1596 ipse
890 1512 1254 1576 adversarius
1278 1523 1563 1594 pernegat
1588 1533 1713 1573 esse
1742 1511 2016 1571 Ecclesias
2047 1512 2262 1573 Christi
2280 1511 2390 1592 (3).

266 1610 459 1672 velint
496 1611 675 1693 igitur
707 1609 934 1685 nolint,
980 1608 1228 1669 Ecclesia
1272 1607 1576 1688 anglicana
1605 1619 1695 1668 est
1749 1607 1995 1668 Ecclesia
2027 1610 2392 1679 nationali-5,

333 1832 394 1896 (l)
430 1829 631 1879 Difficile
676 1839 743 1879 est
795 1831 848 1877 in
886 1846 937 1878 ea
981 1827 1284 1878 universitate

264 1913 423 1981 (quod
453 1930 570 1978 saepe
595 1931 620 1961 a
659 1911 791 1960 nobis
827 1910 1134 1960 animadverti
1168 1929 1283 1976 opus

264 1998 354 2062 est)
383 1997 499 2045 duos
520 1998 763 2061 scriptores
782 1998 1021 2054 invenire,
1052 1996 1134 2060 qui
1150 1995 1286 2058 plene

264 2082 384 2128 inter
414 2098 460 2128 se
486 2081 811 2139 consentiant,
841 2080 979 2126 etiam
1006 2079 1057 2125 in
1081 2077 1286 2125 articulis

267 2160 425 2226 magni
450 2163 693 2209 momenti.
727 2159 844 2208 Satis
885 2160 964 2208 hic
992 2159 1053 2208 sit
1076 2177 1284 2208 comme-

269 2261 446 2292 morare
482 2243 826 2305 Shutleworth‚
865 2252 1087 2290 rectorem
1130 2245 1289 2307 cujus-

269 2326 374 2375 dam
390 2325 567 2389 collegii
580 2324 870 2383 offiniensis,
886 2327 965 2389 qui
977 2340 1107 2371 novae
1120 2322 1289 2370 scholae

268 2425 364 2457 sese
400 2409 562 2455 acriter
596 2408 808 2471 opposuit
833 2408 883 2453 in
917 2407 1183 2470 gravissimo
1215 2423 1290 2452 ar-

268 2489 410 2538 ticulo
439 2489 496 2538 de
526 2488 850 2536 traditionibus
868 2525 881 2547 ,
901 2499 954 2536 ut
990 2505 1074 2535 suo
1105 2486 1206 2535 loco
1225 2489 1294 2535 vi·-

268 2574 500 2623 debimus.
545 2573 768 2621 Universa
818 2572 1053 2620 academia
1095 2573 1146 2618 in
1175 2571 1291 2619 duas

268 2667 416 2723 partes
451 2657 588 2704 scissa
617 2664 713 2715 est,
743 2655 842 2702 aliis
872 2654 1181 2719 pugnantibus
1208 2670 1290 2718 pro

270 2743 410 2790 veteri
436 2739 618 2798 schola,
657 2737 760 2786 aliis
780 2754 888 2785 vero
918 2753 1001 2802 pro
1039 2752 1190 2798 nova3
1218 2753 1291 2784 ec-

272 2826 374 2890 quis
407 2823 572 2888 poterit
600 2820 681 2868 has
712 2829 860 2885 partes
895 2821 1013 2866 inter
1042 2835 1089 2865 se
1120 2827 1289 2865 etcum

272 2908 431 2954 ceteris
474 2902 847 2953 universitatibus
906 2898 1187 2949 conciliare?
1235 2899 1290 2948 ln

274 2987 499 3035 catholica
510 2986 712 3035 Ecclesia
732 2985 823 3032 hoc
838 2982 1094 3031 remedium
1112 2999 1290 3047 semper

276 3068 329 3116 in
356 3075 573 3134 promptu
600 3078 685 3118 est.
718 3066 783 3116 Si·
801 3067 881 3133 qui
913 3083 1020 3114 vero
1050 3067 1142 3112 sint
1165 3103 1178 3126 ,
1210 3067 1289 3132 qui

275 3150 416 3199 Rom.
454 3149 755 3200 Pontificibus
784 3148 971 3198 obedire
1003 3147 1285 3205 detrectent,

275 3235 429 3282 statim
469 3232 527 3281 ab
584 3231 801 3281 omnibus
846 3235 1110 3293 notantur3
1163 3230 1291 3295 quod

277 3315 466 3383 quidem
516 3317 687 3363 recenti
732 3315 1007 3386 cunctisque
1058 3323 1290 3377 comperto

278 3396 488 3462 exemplo
536 3398 665 3457 viri,
706 3414 921 3462 magnam
971 3397 1093 3460 prius
1139 3395 1291 3460 adepti

278 3482 483 3530 nominis
501 3478 813 3528 celebritatem
833 3516 848 3541 ,
876 3479 1066 3546 probare
1089 3496 1288 3544 possem,

280 3566 363 3628 qui
389 3563 529 3613 veluti
561 3561 782 3611 frundosa
815 3563 952 3612 arbor
977 3562 1173 3611 fulmine
1203 3564 1292 3610 icta

275 3650 407 3699 *illico
441 3647 640 3698 exaruit!

1366 1826 1597 1894 Replique
1631 1827 1662 1876 ὰ
1694 1827 1742 1875 la
1784 1831 1979 1894 repense
2015 1827 2083 1876 du
2110 1829 2214 1894 Roy
2257 1827 2314 1876 de
2345 1827 2393 1876 la

1372 1909 1851 1976 Grande-Bretaqne
1875 1948 1887 1971 ,
1914 1911 1991 1959 ch.
2040 1909 2133 1970 60,
2183 1912 2396 1960 animad-

1368 1996 1502 2042 vertit
1526 1994 1741 2043 adversus
1770 2013 1925 2059 regem
1948 1994 2123 2058 Angliae
2143 2030 2158 2054 ‚
2185 1997 2266 2060 qui
2284 2012 2395 2043 con-

1371 2076 1587 2124 tendebat
1615 2076 1831 2124 Ecclesiae
1860 2076 2101 2124 catholicae
2126 2078 2318 2124 nomine
2333 2079 2395 2124 si-

1370 2159 1590 2223 gnificare
1630 2161 1853 2206 unionem
1889 2158 2095 2222 plurium
2126 2160 2397 2206 societatum

1370 2241 1726 2290 christianarum
1750 2277 1765 2304 ‚
1804 2259 2010 2290 romanae
2029 2279 2043 2299 ,
2079 2260 2259 2307 graecae,
2294 2261 2396 2292 rus·

1372 2326 1499 2382 sicae,
1517 2335 1628 2382 etc.‚
1648 2326 1991 2385 animadvertit,
2008 2327 2219 2391 inquam,
2234 2326 2397 2391 Angli-

1373 2425 1512 2455 canos
1544 2409 1747 2473 profiteri
1770 2411 1819 2456 in
1849 2410 2058 2475 symbolo
2083 2409 2393 2458 Athanasiano

1373 2495 1709 2555 processionem
1738 2491 1934 2557 Spiritus
1960 2490 2010 2540 S.
2044 2511 2070 2541 a
2095 2492 2226 2540 Patre
2253 2502 2297 2539 et
2323 2490 2394 2538 Fi·

1374 2574 1463 2634 lio,
1499 2576 1560 2622 ita
1590 2583 1643 2621 ut
1669 2576 1749 2639 qui
1776 2591 1877 2622 eam
1913 2591 2011 2622 non
2046 2574 2280 2622 admiserit
2295 2573 2392 2621 hae-

1373 2657 1539 2702 reticus
1559 2657 1644 2715 sit,
1670 2665 1712 2702 et
1734 2665 1856 2703 extra
1875 2655 2034 2703 salutis
2049 2658 2170 2704 viam
2193 2692 2207 2715 ‚
2234 2666 2392 2704 tamen

1373 2736 1648 2783 contendere
1675 2753 1819 2783 unam
1844 2737 1986 2784 simul
2016 2738 2199 2787 efficere
2231 2738 2392 2787 Eccle-

1374 2816 1492 2864 siam
1525 2817 1816 2866 catholicam.
1847 2818 1946 2867 Hoc
1972 2823 2096 2868 enim
2116 2818 2308 2885 perinde
2324 2830 2392 2870 est
2421 2827 2423 2829 ’

1374 2917 1427 2947 ac
1446 2900 1744 2960 contendere,
1766 2901 2019 2950 Ecclesiam
2044 2903 2315 2951 catholicam
2333 2919 2389 2950 ex

1373 2984 1595 3032 omnibus
1614 2987 1747 3033 sectis
1767 2996 1812 3034 et
1841 2986 2088 3035 haeresibus
2116 2985 2386 3035 coalescere.

1442 3066 1505 3129 (3)
1544 3067 1623 3116 Sic
1660 3067 1843 3116 Palmer
1870 3103 1886 3131 ,
1935 3086 2011 3132 op.
2057 3068 2132 3115 cit.
2169 3076 2288 3132 part.
2330 3084 2347 3114 1
2370 3103 2384 3127 ,

1373 3166 1472 3215 cap.
1508 3166 1566 3198 12
1586 3187 1599 3211 ‚
1638 3160 1751 3199 sect.
1776 3149 1825 3213 4.
1847 3150 1953 3197 Post
1985 3150 2115 3214 plura
2133 3186 2147 3209 ‚
2177 3166 2280 3215 quae
2306 3149 2389 3198 ob-

1373 3235 1575 3281 servavit
1604 3234 1723 3280 circa
1749 3231 2039 3280 Lutheranos
2060 3268 2073 3291 ,
2103 3231 2388 3281 Reformatos

1374 3324 1418 3362 et
1461 3314 1766 3378 Zwinglianos
1784 3349 1798 3372 ‚
1842 3313 2115 3374 concludit,
2156 3316 2390 3363 societates

1375 3398 1741 3446 Lutheranorum
1761 3406 1803 3443 et
1822 3394 2184 3444 Calvinistarum
2200 3432 2214 3455 ‚
2241 3413 2391 3462 quan-

1375 3479 1626 3544 doquidem
1654 3480 1782 3527 omni
1817 3477 2071 3527 hierarchia
2107 3496 2161 3527 ac
2190 3477 2391 3544 legitimo

1375 3563 1628 3609 ministerio
1675 3569 1863 3617 carent,
1917 3576 2016 3609 non
2058 3563 2260 3626 potuisse
2304 3575 2392 3607 nec

1372 3660 1501 3710 posse
1517 3644 1707 3708 spectari
1731 3651 1787 3691 ut
1803 3641 1854 3691 E
1854 3642 2049 3692 cclesias
2076 3642 2263 3692 Christi
2275 3656 2390 3707 pro-

365 3730 430 3796 (2)
483 3729 702 3780 Praeclare
756 3728 888 3779 Card.
946 3728 1021 3779 Du
1080 3727 1252 3778 Perron
1274 3764 1287 3788 ‚
1367 3728 1476 3793 pria
1496 3725 1649 3775 dictae
1668 3761 1684 3790 ,
1710 3726 1790 3779 sed
1822 3726 1974 3781 solum
2009 3725 2157 3777 latiori
2187 3722 2393 3791 quodam
