2514 4218
2064 197 2142 256 63

385 235 543 271 PART.
587 233 621 267 1.
672 229 794 267 GAP.
845 228 909 263 11.
962 226 1026 261 DE
1069 222 1285 260 CHRISTI
1329 219 1478 256 Eum..
1526 218 1770 257 CONSTI'I'.

43 379 276 462 possit?
319 373 431 434 Sed
473 380 748 453 praeterea
796 366 1125 427 recolantur
1168 362 1390 444 reliqua
1441 360 1506 419 in
1546 358 1984 440 probationibus
2029 359 2143 420 ad-

46 475 216 533 ducta
231 515 248 544 ,
273 490 337 528 ac
351 465 624 526 omnibus
652 463 876 547 patebit
893 507 909 535 ,
934 473 1133 520 utrum
1149 458 1410 518 Christus
1432 454 1681 517 voluerit
1702 454 1996 515 ministros
2011 478 2142 516 suos

44 567 231 629 omnis
257 562 557 645 dignitatis
596 582 661 619 ac
696 556 1050 618 auctoritatis
1082 564 1349 634 expertes
1372 597 1388 628 .,
1431 572 1508 610 an
1547 571 1684 611 vero
1715 549 1778 608 in
1821 549 2034 626 finem,
2069 550 2146 610 ad

45 682 220 744 quem
234 681 328 719 eos
348 657 758 731 destinaverat,
775 649 1127 733 amplissima
1139 647 1388 708 voluerit
1403 667 1527 706 esse
1546 654 1831 727 potestate
1854 645 2147 724 praedstos,

42 753 264 814 Deinde
289 772 487 810 nonne
526 757 912 832 protestantes
941 740 1342 814 contendunt,
1383 740 1537 799 hanc
1581 741 1936 798 potestatem
1973 738 2147 798 Chri-

44 861 199 909 stum
233 844 546 907 'contulisse
568 843 785 928 populo
806 839 1079 898 universo
1097 836 1125 893 Ρ
1152 837 1353 914 Itaque
1376 834 1449 893 de
1481 843 1768 915 potestate
1800 854 1923 892 non
1953 844 2147 915 potest

45 965 167 1004 esse
201 941 621 1013 controversia,
653 936 754 998 sed
781 932 1020 1014 quaestio
1042 930 1186 989 circa
1217 929 1475 1007 ejusdem
1499 929 1800 1010 potestatis
1824 927 2151 1007 subjectum

47 1050 167 1097 tota
190 1048 473 1097 versatur.
502 1031 669 1108 Quod
689 1049 918 1110 semper
942 1046 1063 1110 prae
1098 1024 1274 1085 oculis
1308 1022 1647 1083 habendum
1673 1035 1762 1083 est
1786 1023 1898 1103 (1).

131 1131 266 1190 109.
312 1130 400 1190 Ad
434 1129 550 1204 3¹¹¹,
590 1127 749 1187 Dist.
790 1121 1052 1206 Apostoli
1090 1119 1408 1180 hierarchae
1441 1139 1659 1178 nomen
1705 1117 1817 1177 sibi
1858 1139 1982 1178 non
2014 1119 2151 1181 vin-

47 1226 350 1301 dicarunt,
378 1240 565 1290 σπου·
592 1240 719 1280 rem
744 1217 1028 1280 vocabulo
1063 1216 1476 1295 significatam,
1513 1236 1644 1294 neq.
1681 1212 1958 1286 Quamvis
1991 1215 2152 1276 enim

49 1320 307 1402 Apostoli
349 1311 559 1399 passim
587 1319 590 1323 ’
615 1336 677 1374 se
719 1314 935 1373 Christi
981 1334 1177 1374 servos
1237 1321 1298 1402 et
1348 1309 1648 1368 ministros
1721 1307 2152 1391 appellaverint

49 1426 223 1495 atque
252 1413 675 1494 dispensatores
715 1409 1125 1490 mysteriorum
1157 1406 1299 1481 Dei,
1342 1405 1466 1465 haec
1495 1415 1692 1464 tamen
1717 1425 1919 1464 eorum
1944 1403 2151 1484 agendi

50 1511 197 1568 ratio
221 1528 400 1567 causae
420 1550 437 1581 ,
473 1527 649 1588 quam
678 1524 1115 1588 propugnamus
1134 1548 1151 1578 ,
1173 1500 1415 1560 minime
1444 1499 1658 1574 officit3
1692 1499 1981 1592 siquidem
2009 1505 2157 1579 ejus-

50 1603 208 1662 modi
240 1601 480 1660 nomina
534 1612 594 1660 et
643 1601 826 1661 officia
862 1622 984 1658 non
1031 1606 1296 1681 pugnant
1337 1617 1470 1655 cum
1512 1604 1800 1677 potestate
1843 1593 2156 1655 ordinandi

54 1697 308 1758 Ecclesiae
341 1696 674 1772 ministrOS,
709 1695 937 1756 ferendi
967 1694 1121 1774 leges
1141 1738 1159 1770 ,
1188 1691 1492 1771 judicandi
1533 1702 1594 1751 et
1627 1700 1995 1749 contumaces
2033 1713 2156 1773 pu-

55 1790 275 1852 niendi.
324 1774 490 1851 Hanc
530 1813 706 1874 porro
750 1791 873 1851 sive
910 1790 1128 1850 ordinis
1185 1788 1304 1849 sive
1349 1786 1766 1866 jurisdictionis
1803 1788 2158 1867 potestatem

50 1886 351 1969 Apostolos
376 1889 696 1967 generatim
721 1908 961 1960 omneS,
999 1885 1254 1944 maxime
1290 1905 1431 1944 vero
1471 1881 1748 1958 Paulum,
1800 1882 2154 1971 exercuisse,

50 1993 296 2042 testatur
334 1983 522 2065 omnis
564 1984 837 2043 Actorum
878 1980 1119 2041 historia
1142 2025 1159 2054 7
1197 1988 1489 2040 testantur
1526 1974 1780 2060 epistolae
1822 1979 1965 2053 ejus.
2005 1975 2159 2050 Quid

124 2229 189 2293 (1)
245 2230 427 2279 Etenim
458 2246 565 2278 cum
597 2231 726 2296 juxta
752 2229 872 2279 dicta
907 2231 958 2277 in
981 2246 1060 2297 sy-

58 2320 246 2358 stemate
270 2309 632 2359 Protestantium
667 2346 683 2372 ,
727 2321 773 2359 et
821 2321 1060 2375 propterea

60 2391 291 2452 Richerii,
344 2394 424 2457 qui
464 2405 629 2456 magna
672 2408 732 2440 ex
767 2398 899 2456 parte
939 2391 1062 2439 illud

61 2488 198 2520 suum
233 2473 369 2533 fecit,
415 2473 623 2520 Christus
661 2475 952 2521 constituerit
980 2490 1060 2522 ve-

62 2570 162 2600 ram
198 2569 252 2601 ac
281 2570 442 2617 puram
473 2554 831 2614 democratiam,
857 2555 1064 2619 adeoque

63 2633 284 2699 populum
331 2635 631 2683 christianum
677 2638 944 2684 universum
991 2653 1063 2684 sa-

62 2715 295 2764 cerdotem
338 2716 573 2777 effecerit,
608 2716 806 2765 contulit
849 2718 898 2764 in
931 2734 1064 2764 eum-

62 2797 167 2845 dem
205 2797 434 2862 populum
475 2798 660 2847 fidelem
695 2800 928 2863 potestatis
970 2798 1065 2862 ple-

62 2879 356 2940 nitudinem,
404 2897 505 2946 quae
555 2889 754 2945 potestas
801 2881 980 2929 nemini
1016 2883 1069 2928 in

62 2961 323 3024 particulari
363 2963 619 3027 competit,
658 2962 738 3010 sed
786 2971 879 3010 tota
911 2961 1070 3010 residit

63 3044 113 3089 in
137 3046 483 3093 communitate.
506 3041 752 3108 Quodlibet
775 3042 1070 3091 individuum

67 3123 327 3187 singillatim
354 3135 592 3190 sumptum
621 3125 740 3173 nihil
769 3124 909 3173 habet
931 3159 947 3187 ,
985 3141 1073 3173 neo

70 3209 275 3265 quemvis
315 3207 389 3255 vel
442 3209 694 3255 minimum
741 3207 1085 3273 jurisdictionis·

71 3292 221 3332 actum
251 3304 455 3337 exercere
491 3299 660 3354 potest.
690 3287 841 3337 Debet
883 3287 1074 3352 proinde

69 3380 94 3409 a
135 3372 459 3419 communitate
493 3388 546 3419 ea
587 3372 920 3419 communicari
974 3369 1077 3430 illi,

71 3461 210 3508 quem
243 3446 398 3512 deligit
445 3453 495 3499 in
526 3454 791 3501 ministrum
814 3488 827 3511 ,
862 3461 906 3500 et
943 3453 1076 3518 juxta

69 3526 264 3588 gradum
282 3563 296 3587 ,
323 3531 374 3577 in
408 3549 501 3597 quo
525 3550 632 3581 eum
657 3532 870 3582 collocat.
909 3531 1078 3581 Contra

70 3623 177 3656 vero
202 3612 253 3657 in
269 3610 471 3662 doctrina
485 3616 706 3666 catholica
735 3615 944 3665 Christus
957 3618 1080 3663 hanc

69 3693 298 3753 potestatis
335 3693 667 3757 plenitudinem
695 3686 893 3747 eontulit
922 3692 1081 3745 Sacer-

1139 2227 1264 2276 dotio
1295 2226 1498 2289 visibili,
1537 2235 1724 2275 externo
1753 2230 1807 2275 ac
1823 2229 2002 2293 proprie
2019 2227 2163 2289 dicto,

1141 2325 1194 2356 ae
1229 2310 1419 2373 prtecise
1467 2310 1646 2372 corpori
1690 2310 1937 2374 episcopali
1974 2327 2082 2358 cum
2118 2319 2162 2358 et

1143 2389 1229 2437 sub
1249 2389 1383 2436 Rom.
1401 2388 1642 2448 Ponfifme,
1658 2392 1720 2437 ita
1735 2399 1786 2437 ut
1807 2390 2022 2455 Episcopi
2041 2408 2166 2439 seor-

1144 2487 1248 2517 sum
1281 2471 1485 2533 sumpti,
1525 2469 1690 2517 saltem
1739 2469 1896 2535 quoad
1928 2474 2164 2536 potestatis

1145 2552 1432 2608 exercitium,
1459 2549 1578 2596 nihil
1602 2551 1777 2613 possint
1789 2552 1878 2598 nisi
1903 2550 2169 2615 dependen-

1147 2642 1213 2680 ter
1236 2649 1263 2680 a
1289 2632 1428 2680 Rom.
1449 2630 1673 2680 Pontifiee
1688 2668 1703 2692 ,
1722 2642 1775 2679 ut
1789 2649 1872 2681 suo
1892 2632 1994 2682 loco
2012 2644 2166 2682 osten-

1147 2714 1329 2763 demus.
1375 2713 1566 2761 Interim
1592 2723 1741 2778 patet,
1784 2715 1835 2761 in
1873 2732 2168 2782 quacumque

1148 2795 1391 2863 hypothesi
1423 2811 1601 2859 semper
1629 2796 1802 2860 requiri
1819 2812 1972 2843 veram
1994 2813 2048 2844 ac
2065 2814 2170 2861 pro-

1148 2880 1297 2943 priam
1316 2882 1596 2942 potestatem
1623 2876 1684 2924 ad
1699 2874 1912 2924 Ecclesiae
1929 2880 2134 2943 regimen
2153 2913 2170 2939 ,

1151 2969 1198 3010 et
1228 2970 1370 3007 totam
1418 2961 1777 3008 controversiam
1823 2958 1966 3008 unice
2005 2963 2171 3010 versari

1151 3044 1271 3090 circa
1288 3040 1571 3106 subjectum,
1594 3042 1667 3088 eui
1685 3039 1892 3090 Christus
1905 3042 2172 3091 immediate

1153 3140 1256 3172 eam
1274 3123 1417 3171 voluit
1439 3123 1664 3171 conferre.
1697 3121 1817 3170 Cum
1838 3140 1944 3172 vero
1998 3140 2059 3173 ex
2101 3124 2173 3174 di-

1153 3206 1237 3252 etis
1285 3204 1495 3253 Christus
1523 3220 1618 3251 non
1641 3205 1692 3252 in
1735 3204 1906 3270 populo
1928 3239 1945 3266 ‚
1994 3203 2076 3255 sed
2122 3207 2174 3254 in

1155 3303 1343 3351 corpore
1372 3285 1621 3351 episcopali
1657 3285 1746 3334 sub
1772 3285 1910 3336 Rom.
1950 3286 2174 3336 Pontifice

1164 3386 1269 3417 eam
1300 3368 1624 3425 collocaverit,
1654 3367 1745 3417 hoc
1787 3370 1887 3433 ipso
1923 3368 2175 3418 concidunt

1158 3453 1317 3500 omnia
1334 3451 1695 3500 Protestantium
1723 3461 1999 3517 argumenta
2017 3487 2030 3511 ‚
2066 3467 2174 3498 cum

1159 3543 1356 3599 potestas
1372 3532 1431 3581 ad
1449 3531 1701 3596 regendum
1718 3534 1887 3581 oriatur
1904 3550 1958 3581 ex
1982 3534 2077 3596 ipsa
2093 3547 2176 3579 na-

1161 3626 1262 3666 tura
1290 3617 1389 3675 rei,
1422 3616 1655 3681 supposita
1679 3613 1852 3683 Christi
1866 3614 2174 3663 institutione.
