2514 4218
289 141 411 202 298
894 164 1094 201 TnAcT.
1144 165 1213 199 nu
1257 163 1405 201 roms
1448 166 1827 207 τΗΕοιοαιοιε.

290 309 512 368 Petrus
559 306 721 365 discit
762 333 778 365 .·
834 306 927 367 Tu
969 327 1026 364 es
1075 305 1352 364 Christus
1374 349 1395 378 ,
1439 306 1502 365 F
1504 308 1653 366 ilius
1696 312 1815 371 Dei
1862 317 2003 372 vivi.
2050 315 2429 393 Respondeas

291 413 496 461 autem
529 404 705 463 Jesus
736 404 898 461 dixit
934 404 993 459 ei
1025 427 1041 459 .·
1079 402 1303 460 Beatus
1332 423 1389 460 es
1414 404 1627 461 Simon
1653 405 2007 479 Bar-Ioum
2032 413 2181 489 quia
2217 433 2356 470 caro
2379 422 2432 470 et

290 503 544 580 sanquis
592 522 714 559 non
749 503 1034 557 'revelavit
1076 500 1230 571 tihi,
1266 500 1370 558 secl
1409 500 1600 571 Pate-r
1637 522 1836 570 mem,
1880 511 1994 583 qui
2030 510 2099 565 in
2127 509 2287 566 coelz's
2324 519 2423 566 esc.

289 594 380 655 Et
425 617 524 677 eqo
572 597 705 654 dico
743 595 893 663 tihi,
936 598 1085 672 quia
1131 606 1195 653 tu
1236 617 1294 654 es
1351 597 1601 662 Petrus’,
1658 607 1714 654 cc
1762 619 1941 678 super
1989 603 2146 662 hanc
2188 615 2430 682 petram

285 693 599 772 oedz‘ficaho
632 690 970 748 Ecclesiam
1015 713 1245 760 meam,
1292 703 1345 750 et
1379 703 1573 772 portae
1614 694 1808 772 inferi
1852 717 1973 754 non
2010 701 2434 774 praevalebunt

286 790 577 847 adversus
601 808 757 845 eam.
792 787 873 846 Et
907 789 1025 848 tihi
1059 789 1214 847 daho
1238 791 1427 847 claves
1448 794 1626 869 requi
1650 792 1948 850 coelorum.
1993 793 2078 851 Et
2099 796 2429 872 quodcum-

284 904 402 963 que
430 884 714 962 liyavcris
739 894 1186 961 superterram,
1213 890 1331 943 erit
1357 887 1613 966 lzyatzcm
1641 897 1693 944 ct
1709 889 1778 946 in
1805 890 1998 957 coelis;
2020 900 2074 947 et
2098 891 2433 969 quodcum-

287 1001 402 1059 que
453 981 694 1039 solveris
733 1002 921 1060 super
959 992 1225 1053 terram,
1265 985 1384 1042 erit
1426 985 1687 1041 solutu-m
1746 995 1801 1043 et
1851 990 1920 1044 in
1970 989 2148 1046 coelis.
2214 989 2436 1047 Postre-

287 1099 459 1137 mum
510 1099 683 1155 vern,
733 1100 837 1138 seu
880 1080 1151 1161 promissi
1197 1078 1548 1139 solutionem
1591 1080 1831 1141 exhibet
1881 1084 1938 1142 S.
1988 1085 2249 1143 Joannes
2297 1106 2426 1166 cap.

288 1175 462 1251 XXI,
517 1174 630 1234 illis
684 1173 920 1251 verbi3‚
966 1174 1179 1258 quibus
1229 1176 1494 1236 Christus
1540 1177 1838 1239 redivivus
1881 1179 2157 1239 eumdem
2197 1183 2434 1240 Petrum

286 1270 499 1331 affatus
538 1283 628 1330 est
660 1294 674 1329 t
711 1272 900 1331 Pasce
936 1294 1122 1352 aqnos
1158 1294 1386 1331 meos...
1414 1296 1597 1354 pasce
1636 1297 1762 1333 oves
1801 1297 1979 1334 mecm.

372 1367 515 1428 448.
565 1371 744 1429 Porro
800 1369 864 1428 in
896 1370 1078 1451 priori
1111 1370 1481 1446 testimoniO,
1523 1370 1792 1430 Christus
1834 1374 2004 1431 Petro
2049 1372 2158 1433 sub
2203 1373 2433 1454 gemina

287 1464 663 1525 fundamenti
683 1477 741 1525 et
764 1465 1019 1527 clavium
1038 1466 1382 1548 metaphora
1399 1478 1603 1549 aperte
1616 1468 1922 1548 significat,
1947 1491 2009 1529 se
2025 1469 2219 1529 eidem
2237 1493 2300 1528 su
2310 1491 2438 1551 pre-

288 1584 453 1623 mam
479 1575 833 1644 potestatem
866 1564 1217 1623 collaturum
1240 1610 1255 1640 ,
1303 1586 1556 1647 eumque
1582 1588 1751 1624 suum
1794 1570 2253 1627 constituturum
2281 1568 2437 1628 vica—

289 1660 447 1720 rium
473 1661 535 1719 in
570 1661 812 1721 Ecclesia
862 1661 1075 1730 visibili
1110 1685 1142 1721 a
1188 1670 1250 1721 se
1284 1661 1463 1744 paulo
1498 1674 1634 1744 post
1671 1662 2035 1723 aedificanda.
2080 1665 2246 1738 Quod
2278 1665 2438 1724 enim

288 1768 380 1817 est
414 1757 871 1817 fundamentum
901 1757 964 1816 in
995 1759 1347 1819 caementitio
1389 1758 1661 1835 aedificio7
1700 1761 1811 1820 erit
1846 1762 2055 1820 Petrus
2099 1762 2161 1819 in
2198 1760 2437 1821 aedificio

288 1853 611 1936 spirituali,
642 1876 858 1937 nempe
883 1854 1153 1916 Ecclesia.
1188 1858 1289 1914 Ast
1313 1877 1451 1915 vero
1482 1855 1937 1916 fundamentum
1965 1857 2114 1916 illud
2141 1869 2251 1927 est„
2280 1855 2436 1939 quod

288 1951 630 2015 universum
660 1952 969 2019 aedificium
1002 1964 1296 2012 sustentat
1331 1974 1395 2012 ac
1436 1954 1622 2033 regit3
1663 1976 1799 2035 ergo
1837 1966 1895 2014 et
1934 1957 2139 2014 Petrus
2168 1954 2266 2013 ille
2295 1956 2435 2030 erit,

289 2068 362 2108 ex
410 2047 627 2107 Christi
675 2050 1079 2126 institutione,
1126 2050 1217 2107 cui
1270 2050 1461 2107 omnis
1505 2051 1566 2107 in
1622 2051 1871 2109 Ecclesia
1912 2061 2205 2131 potestas,¹
2244 2050 2434 2109 omnis

288 2143 487 2224 legum
535 2146 622 2204 vis
669 2157 957 2227 tanquam
1008 2148 1183 2205 firmo
1242 2145 1631 2205 fundamento
1686 2147 1857 2205 inniti
1905 2145 2228 2206 debebunt.
2266 2146 2432 2221 Quod

289 2264 414 2301 non
451 2240 649 2300 minus
689 2252 892 2324 aperte
931 2253 1097 2324 patet
1144 2265 1216 2301 ex
1265 2242 1447 2302 altera
1487 2242 1742 2301 clavium
1794 2243 2177 2325 metaphora,
2220 2265 2332 2324 qua
2372 2243 2431 2300 iu

288 2338 498 2399 eodem
527 2340 866 2399 testimonio
908 2361 1048 2398 usus
1075 2351 1164 2399 est
1189 2339 1474 2399 Christus,
1505 2339 1734 2399 Etenim
1767 2339 1927 2421 apud
1958 2360 2163 2398 omnes
2195 2350 2430 2420 genteS‚

287 2436 615 2519 praesertim
653 2458 792 2496 vero
819 2435 1116 2496 hebraeam
1138 2483 1153 2510 .,
1193 2448 1499 2519 receptum
1539 2448 1659 2513 est,
1688 2448 1754 2495 ut
1791 2436 1982 2496 claves
2026 2435 2194 2494 alicui
2232 2434 2432 2493 confe-

288 2544 498 2591 rantur
526 2543 811 2614 tanquam
840 2534 1067 2613 insigne
1105 2544 1206 2592 aut
1237 2531 1575 2614 symbolum
1612 2533 1917 2613 potestatis
1961 2533 2023 2589 in
2063 2531 2308 2589 domum
2334 2541 2435 2588 aut

284 2629 612 2703 civitatem7
650 2634 813 2707 cujus
850 2629 1041 2690 claves
1069 2629 1424 2704 traduntur,
1462 2640 1529 2687 ut
1562 2651 1682 2687 non
1722 2649 1902 2708 pauca
1941 2627 2062 2685 loca
2104 2627 2433 2709 Scriptura—

288 2748 423 2787 rum
459 2726 737 2810 parallela
773 2728 1134 2818 confirmant
1169 2725 1278 2807 (l).
1315 2727 1462 2784 Cum
1488 2724 1687 2807 itaque
1719 2723 1985 2783 Christus
2020 2723 2280 2782 Ecclesiae
2317 2743 2431 2782 suae

289 2823 482 2886 claves
520 2827 695 2884 Petro
731 2846 791 2884 se
817 2823 1094 2882 daturum
1121 2822 1497 2904 promiserit,
1533 2842 1894 2903 consequens
1932 2832 2019 2879 est
2042 2866 2057 2895 7
2102 2820 2433 2902 promisisse

289 2918 402 2980 hoc
431 2922 558 3005 ipso
596 2921 898 2981 Christum
919 2966 935 2995 ‚
968 2941 1028 2980 se
1065 2941 1201 2980 eum
1238 2920 1696 2978 constituturum
1728 2917 2056 3001 principem
2089 2936 2432 2997 supremum

358 3085 433 3149 (l)
457 3087 557 3136 Cfr.
578 3088 703 3138 Jahn
728 3125 741 3147 ‚
762 3087 1097 3151 Archaeoloqz‘a
1122 3085 1320 3146 biblica,
1409 3088 1581 3134 summi
1601 3083 1858 3133 Sacerdotis
1888 3082 2030 3131 Heliae
2060 3101 2071 3130 :
2107 3079 2173 3129 Et
2193 3080 2314 3128 dabo
2333 3079 2433 3129 cla-

288 3167 319 3236 §
344 3168 404 3237 37
422 3206 437 3230 ,
465 3170 605 3221 Vien.
638 3170 786 3235 1814,
818 3172 898 3221 ubi
921 3171 1078 3219 scribit
1108 3187 1122 3218 ε
1154 3169 1325 3217 ΟΙαυεε
1406 3187 1510 3219 vem
1528 3169 1695 3217 domus
1707 3166 1874 3218 David
1885 3183 2028 3232 super
2043 3165 2296 3213 humerum
2309 3167 2435 3231 ejus,-

291 3271 350 3303 ex
377 3253 565 3301 metallo
605 3257 826 3321 confictae
849 3295 862 3317 ,
906 3271 1007 3303 ‘non
1051 3262 1190 3302 erant
1220 3254 1325 3300 nisi
1407 3262 1452 3301 et
1491 3254 1672 3320 aperiet
1693 3288 1705 3310 ,
1738 3261 1783 3299 et
1813 3267 1911 3298 non
1951 3251 2043 3297 erit
2077 3250 2166 3314 qui
2197 3247 2431 3307 claudat,-

284 3337 666 3405 potentioribus,
716 3349 759 3386 et
807 3353 1158 3402 nonnunquam
1199 3352 1321 3383 ansa
1406 3346 1450 3384 et
1491 3335 1714 3395 claudet,
1757 3342 1802 3381 et
1838 3351 1936 3382 non
1971 3335 2061 3381 erit
2103 3333 2190 3398 qai
2224 3333 2430 3398 aperiat.

292 3420 502 3470 eburnea
527 3428 728 3469 ornatae.
758 3421 923 3470 Clanis
955 3418 1102 3487 hujus
1133 3420 1322 3483 yeneris
1406 3418 1528 3486 Quin
1550 3430 1593 3469 et
1617 3436 1830 3485 suprema
1845 3417 2015 3466 Christi
2038 3426 2253 3483 potestas,
2284 3413 2429 3479 Apoc.

291 3503 1321 3572 oevomonarchioehebraica-adispensatore
1404 3507 1490 3563 lit,
1535 3519 1598 3567 7,
1650 3502 1815 3551 eodem
1857 3502 2058 3549 clavium
2103 3497 2315 3566 symbolo
2351 3496 2431 3544 de-

291 3588 464 3637 damus
487 3588 636 3652 reyioe
666 3595 898 3653 tanquam
926 3589 1117 3654 insiqne
1145 3602 1321 3633 mune-
1404 3589 1639 3653 signatur:
1664 3585 1785 3633 Hoec
1818 3586 1941 3634 dicit
1962 3593 2158 3632 sanctus
2189 3591 2233 3631 et
2260 3596 2421 3638 verus,

292 3673 366 3718 ris
408 3673 464 3719 in
499 3671 695 3721 humero
729 3673 1018 3738 qestabatur.
1056 3672 1179 3721 Sane
1210 3669 1316 3719 Isa‘i.
1400 3671 1490 3737 qui
1505 3669 1646 3717 habet
1678 3667 1857 3717 clavem
1875 3668 2064 3718 David.
2090 3666 2186 3715 Cfr.
2220 3662 2431 3722 calmet,

295 3769 395 3801 xxu
414 3792 428 3815 ,
472 3769 534 3804 22
557 3792 572 3815 ,
621 3755 816 3821 legimus
871 3756 928 3805 de
979 3756 1175 3804 Eliacim
1223 3753 1321 3802 filio
1406 3755 1458 3801 in
1479 3753 1574 3802 loc.
1624 3755 1705 3802 cit.
1738 3752 1881 3801 Isaiae.
