2514 4218
509 247 671 286 PART.
717 247 760 281 1.
807 246 930 283 car.
981 249 1066 283 111.
1111 248 1179 283 mi
1223 242 1489 283 Ecctnsm
1530 243 1698 281 noris.
2028 223 2136 281 121

131 390 268 449 206.
313 391 380 446 In
406 387 608 467 primis
634 386 970 466 seponenda
992 398 1129 446 sunt
1152 386 1262 445 tria
1295 385 1484 466 priora
1509 383 1688 460 facta3
1718 382 2010 464 siquidem
2038 406 2132 444 ex-

53 486 341 566 ploratum
360 503 516 540 nunc
545 482 702 563 apud
717 482 969 541 eruditos
1002 494 1113 555 est,
1144 503 1333 563 neque
1357 483 1414 540 S.
1433 481 1720 539 Victorem
1742 481 2142 540 excommun-i-

54 577 290 637 cationis
326 566 677 635 sententiam
705 577 902 634 tulisse
928 577 991 633 in
1013 576 1287 635 Asiaticos
1310 621 1326 650 a
1363 596 1551 656 neque
1576 576 1633 633 S.
1661 572 2021 655 Stephanum
2048 574 2145 634 ad-

52 693 250 731 versus
276 672 333 728 S.
360 673 712 753 Cyprianum
736 682 793 730 et
818 670 1095 728 africanos
1110 669 1414 750 Episcopos
1429 671 1536 749 (l).
1557 670 1757 728 Nescio
1779 689 1971 748 porra,
1990 668 2145 728 unde

50 767 407 826 adversarius
459 767 722 826 didicerit
782 767 838 824 S.
873 767 1128 823 Leonem
1185 765 1708 824 excommunicasse
1768 767 1825 823 S.
1860 763 2144 826 Hilarium

49 859 443 919 Arelatensem
463 905 479 934 ,
519 860 592 920 de
618 882 730 941 qua
763 856 1362 918 excommunicatione
1390 859 1660 940 nuspiam
1691 860 1753 918 in
1774 858 1932 918 fastis
1964 855 2145 917 eccle-

55 955 304 1014 siasticae
330 955 582 1014 historiae
612 952 918 1031 vestigium
951 951 1197 1009 occurrit
1220 951 1329 1029 (2).
1994 962 1998 967 ’

131 1049 270 1108 207.
318 1051 505 1108 AEtate
545 1058 738 1106 autem
762 1047 818 1103 S.
857 1046 1028 1103 Joan.
1061 1044 1454 1125 Chrysostomi
1492 1062 1794 1127 nunquam
1818 1048 2054 1107 fuerunt
2085 1047 2149 1105 in

52 1142 388 1203 universum
410 1143 600 1205 divisae
623 1138 882 1198 Ecclesiae
896 1137 1205 1198 orientales
1231 1139 1304 1198 ab
1328 1139 1779 1217 occidentalibus
1801 1186 1817 1216 7
1834 1163 1968 1201 cum
1998 1163 2149 1200 nun—

51 1257 227 1317 quam
267 1237 574 1295 anathema
610 1223 795 1291 latum
829 1233 1004 1292 fuerit
1042 1232 1115 1293 ab
1148 1235 1489 1293 Innocentio
1510 1280 1526 1308 ‚
1566 1246 1669 1294 aut
1696 1235 1952 1295 Concilio
1990 1236 2150 1295 occi.-

52 1330 374 1390 dentalium
401 1329 673 1389 adversus
702 1328 1014 1387 orientales
1040 1328 1147 1406 (3).
1180 1327 1293 1387 Sed
1323 1339 1455 1409 post
1492 1328 1887 1409 Chrysostomi
1926 1328 2149 1389 obitum

54 1426 423 1484 Innocentius
451 1423 974 1483 excommunicavit
997 1424 1261 1483 homines
1283 1422 1412 1482 illos
1433 1468 1449 1498 ,
1488 1424 1588 1504 qui
1610 1424 1871 1504 iniquam
1894 1423 2150 1483 tulerant

52 1519 324 1579 adversus
351 1518 626 1578 eumdem
670 1517 1150 1597 Chrysostomum
1179 1518 1567 1592 sententiam,
1604 1527 1704 1576 aut
1740 1537 1838 1576 eos
1876 1518 1977 1599 qui
2011 1538 2146 1577 cum
2178 1589 2181 1592 Α

50 1612 185 1693 ipsis
215 1613 755 1687 communicabant3
789 1634 898 1671 nec
919 1613 1161 1671 omnino
1186 1612 1353 1670 aliter
1377 1611 1561 1671 voluit
1587 1612 1649 1670 in
1681 1613 2152 1671 communionem

50 1706 298 1787 recipere
314 1727 440 1765 reos
467 1708 799 1789 EpiscOPOS‚
828 1699 1005 1788 quam
1029 1707 1189 1787 prius
1215 1707 1387 1765 sacris
1408 1703 1651 1787 diptycis
1668 1728 1883 1771 nomen
1905 1709 1941 1766 J
1945 1708 2146 1765 oannis

49 1801 452 1875 restituerent,
479 1802 636 1882 quod
666 1801 843 1883 paulo
873 1813 1005 1884 post
1037 1801 1110 1860 ab
1134 1801 1405 1860 omnibus
1436 1801 1654 1860 factum
1677 1813 1780 1861 est.
1814 1802 1963 1860 Hinc
1986 1801 2150 1860 nulla

46 1892 139 1953 hic
161 1893 408 1953 habetur
439 1895 698 1956 Ecclesiae
720 1897 926 1958 divisio
946 1941 962 1971 ,
988 1895 1092 1956 sed
1129 1895 1429 1955 mulctatio
1455 1906 1687 1955 tantum
1716 1917 1941 1972 eorum,
1969 1896 2068 1978 qui
2092 1907 2154 1955 s'e

47 1989 380 2066 gravissimo
407 1991 648 2050 crimine
678 1990 1246 2068 commaculaverant
1275 1989 1381 2070 (4).
1559 1980 1565 1986 ’

50 2195 104 2226 ex
141 2177 299 2243 gallico
338 2179 560 2228 idiomate
611 2196 883 2228 conversum
942 2195 1053 2227 cum
1140 2175 1190 2227 S.
1238 2178 1402 2230 Leone,
1428 2178 1642 2227 adversus
1674 2177 1724 2229 S.
1768 2178 1997 2228 Hilarium
2017 2195 2041 2243 3.
2076 2179 2157 2229 sed

50 2259 120 2306 tit.
149 2249 366 2306 'Trattato
394 2258 513 2307 dello
536 2261 735 2317 scisma,
773 2259 919 2327 1718.

119 2337 187 2401 (l)
224 2337 386 2403 Quoad
412 2338 603 2388 Asianos
632 2341 720 2388 cfr.
744 2340 894 2389 Natal.
921 2340 1051 2390 Alex.

53 2418 163 2467 diss.
185 2436 232 2479 v,
265 2422 316 2466 in
345 2436 435 2468 sec.
466 2434 500 2467 ιι
519 2456 532 2480 ,
560 2430 644 2469 art.
674 2418 737 2481 5,
769 2431 812 2468 et
831 2420 1068 2470 Eusebius·

50 2497 186 2548 Hist.
206 2500 319 2547 eccl.
362 2500 449 2550 lib.
482 2519 531 2560 v,
569 2518 672 2566 cap.
706 2499 801 2564 24,
828 2520 937 2551 cum
953 2513 1052 2552 not.

49 2577 240 2628 Valesii.
281 2579 414 2644 Quod
445 2599 551 2630 vero
581 2593 753 2647 spectat
796 2584 854 2632 ad
884 2585 1056 2632 sactum

50 2658 102 2709 S.
138 2660 362 2727 Cypriani
390 2665 582 2728 ejusque
624 2664 900 2712 asseclarum
920 2702 934 2726 ,
966 2665 1056 2712 cfr.

50 2741 171 2790 idem
201 2741 306 2791 Nat.
339 2741 474 2793 Alex.
497 2744 609 2793 diss.
631 2761 727 2806 ιιι,
759 2747 809 2793 in
838 2763 930 2795 sec.
967 2763 1058 2806 ιιι,

49 2832 135 2871 art.
178 2839 194 2870 1
219 2858 234 2883 ,
270 2841 479 2889 prop.,1.

129 2903 204 2965 (2)
237 2903 334 2954 Cfr.
379 2906 565 2954 eruditae
597 2904 934 2957 observationes
963 2910 1057 2958 fra·

50 2992 170 3031 trum
202 2984 558 3036 Balleriniorum
581 2990 630 3036 in
648 2989 1011 3039 dissertationem
1030 3010 1058 3039 v

34 3063 283 3128 ‘Quesnelli
302 3103 317 3128 ‚
349 3085 453 3134 quae
492 3070 747 3135 apologiam
786 3089 868 3136 pro
893 3071 941 3120 S.
971 3072 1059 3120 Hi-

52 3141 170 3211 lario
210 3146 458 3199 Arelatensi
502 3162 546 3199 et
583 3169 666 3216 pro
704 3155 911 3218 ‘antiquis
939 3150 1058 3203 Are-

55 3223 236 3276 latensis
261 3229 474 3280 Ecclesiae
502 3233 683 3299 juribus
709 3234 889 3299 praefert
909 3272 923 3294 ‚
945 3252 1055 3300 opp.

55 3302 108 3352 S.
146 3305 308 3358 Leonis
329 3346 345 3367 ‚
376 3322 491 3362 tom.
524 3331 559 3362 11
580 3351 593 3375 ‚
624 3314 792 3364 Venet.
833 3313 962 3381 1756
984 3353 1009 3385 ,Δ
1033 3333 1059 3364 a

61 3401 167 3449 pag.
191 3384 289 3454 899
318 3392 375 3439 ad
404 3410 506 3458 pag.
545 3392 695 3444 1068.
729 3396 824 3445 Ubi
851 3401 1060 3462 quamvis

62 3469 364 3530 particulatim
389 3485 510 3537 gesta
527 3480 704 3539 omnia,
724 3495 827 3545 quae
853 3479 912 3528 ad
939 3480 1059 3529 cele-

61 3547 192 3597 brem
212 3549 334 3599 hanc
354 3568 534 3604 causam
554 3570 782 3623 spectant,
798 3561 1060 3626 expendan-

60 3638 167 3689 tur,
221 3648 305 3680 nec
335 3633 508 3698 syllaba
547 3655 633 3688 nec
670 3641 830 3690 vocula
866 3645 1060 3702 occurrit

59 3710 116 3759 de
146 3717 629 3768 excommunicationis
665 3726 889 3774 sententia
921 3724 1008 3774 lata
1035 3743 1060 3774 a

1139 2259 1288 2326 solum
1318 2277 1371 2309 ex
1398 2262 1455 2307 iis
1476 2261 1711 2318 discimus,
1728 2260 1775 2308 S.
1804 2260 2037 2309 Hilarium
2065 2263 2162 2327 pri-

1140 2351 1297 2388 vatum
1346 2341 1488 2388 fuisse
1532 2341 1717 2407 juribus
1772 2342 2115 2406 metropoliticis
2138 2377 2159 2402 ,

1140 2423 1216 2468 cui
1243 2423 1476 2469 sententiae
1504 2421 1556 2469 S.
1592 2421 1792 2470 Hilarius
1817 2423 2078 2471 humillime
2106 2439 2154 2472 se

1140 2501 1353 2566 subjecit.
2145 2557 2154 2568 Ι

1209 2582 1273 2644 (3)
1311 2582 1408 2630 Cfr.
1437 2582 1488 2632 S.
1509 2582 1646 2632 Joan.
1678 2576 1987 2649 Chrysostomi
2012 2587 2104 2634 vita
2124 2603 2152 2635 a

1144 2662 1490 2711 Montsauconio
1508 2665 1729 2713 adornata
1742 2702 1756 2726 ,
1772 2675 1887 2714 tom.
1905 2683 1989 2715 3111
2009 2701 2023 2730 ,
2042 2667 2153 2716 edit.

1143 2761 1252 2808 opp.
1286 2746 1491 2811 ejusdem
1535 2748 1709 2805 sancti,
1748 2763 1852 2812 pag.
1908 2747 2027 2808 153,
2076 2748 2159 2796 ubi

1144 2831 1411 2876 auctoritate
1428 2828 1619 2876 Palladii
1636 2831 1840 2889 innixus,
1857 2829 2016 2877 scribit
2038 2847 2055 2878 ε.
2069 2826 2162 2878 Se-

1143 2909 1357 2957 cundum
1399 2910 1499 2958 Izaec
1536 2909 1856 2958 Innocentius
1875 2928 2011 2977 papa
2036 2914 2160 2960 utri-

1143 3007 1233 3055 que
1254 2993 1392 3056 parti
1419 2994 1606 3041 Ioanni
1643 2992 1790 3040 simul
1819 3002 1863 3040 et
1898 2993 2158 3060 Theophila

1145 3072 1308 3119 literas
1324 3073 1483 3129 misit,
1513 3077 1762 3138 utriusque
1777 3077 2159 3125 communionem

1145 3170 1193 3201 se
1221 3153 1468 3203 admittere
1496 3151 1694 3221 quidem
1725 3154 1892 3213 dicens
1920 3195 1934 3217 ‚
1958 3173 2021 3205 ne
2051 3156 2156 3205 Ec-

1145 3235 1336 3286 clesiam
1370 3238 1605 3286 scinderet
1624 3274 1638 3297 ‚
1661 3238 1914 3304 judicium
1942 3248 2104 3289 tamen
2122 3257 2153 3289 a

1155 3318 1419 3386 Theophilo
1445 3319 1593 3369 latum
1629 3321 1932 3387 improbam,
1967 3329 2060 3373 etc.

1217 3401 1282 3464 (Ιι)
1322 3401 1417 3450 Cfr.
1438 3401 1660 3449 Baronius
1680 3403 1739 3450 ad
1762 3419 1840 3452 an.
1868 3402 1965 3470 407
1987 3442 1999 3464 ,
2019 3422 2069 3453 n.
2095 3420 2151 3452 21

1149 3491 1195 3530 et
1222 3500 1350 3549 seqq.
1386 3494 1430 3532 et
1459 3482 1806 3545 Theodoretus‚
1862 3486 2001 3534 Hist.
2046 3484 2156 3537 eccl.

1148 3563 1234 3612 lib.
1292 3582 1318 3612 v
1349 3601 1363 3623 ‚
1414 3581 1515 3629 cap.
1581 3563 1646 3628 34
1670 3599 1688 3625 ,
1738 3568 1847 3616 edit.
1891 3566 2154 3631 cantabrig.

1145 3661 1248 3710 pag.
1281 3643 1380 3708 234
1398 3681 1413 3706 ,
1443 3645 1523 3694 ubi
1545 3648 1664 3696 inter
1682 3658 1830 3698 cetera
1854 3649 1990 3697 refert
2019 3664 2035 3695 ε
2060 3654 2150 3696 TE»

1146 3722 1202 3774 δὲ
1218 3723 1321 3792 erpi}-
1335 3722 1452 3783 ἥλιον
1472 3723 1712 3790 irio-zona
1725 3728 1889 3779 wimar
1904 3730 2157 3779 οἱπλεῖστοι
