2514 4218
506 251 662 290 um.
708 249 752 285 1.
800 247 922 285 οη.
974 249 1063 286 111.
1111 249 1179 284 nn
1221 244 1485 284 morasus:
1525 244 1706 284 noi-15.
2069 226 2150 285 87

148 394 280 454 148.
326 391 470 451 Cum
493 410 631 450 vero
659 409 730 448 ex
758 388 1038 449 hactenus
1063 384 1364 449 vindicatis
1396 386 1637 447 Ecclesia
1681 407 1714 446 a
1760 387 1988 448 Christo
2025 389 2150 448 fun·

63 489 195 548 data
247 496 506 558 constet,
549 483 622 543 ad
666 483 905 541 modum
945 483 1195 544 viventis
1243 482 1482 541 humani
1543 480 1864 557 individui,
1918 484 2147 560 anima,

60 601 294 664 corpore
342 589 400 639 et
445 579 600 653 vita,
646 599 770 659 quae
814 579 871 638 vi
907 577 1205 658 utriusque
1256 577 1672 654 conjunctionis
1708 587 1767 636 et
1815 579 2145 636 commercii

58 674 315 754 exurgit,
347 674 605 754 sequitur
631 695 750 731 non
787 671 924 730 alias
955 682 1122 728 notas
1160 691 1307 730 verae
1346 671 1558 729 Christi
1585 670 1844 731 Ecclesiae
1868 672 2141 749 assignari

55 790 222 851 posse
240 814 256 843 ,
286 791 460 850 quam
484 790 612 850 quae
636 791 706 828 ex
729 764 1007 846 ejusmodi
1033 765 1442 824 constitutione
1477 787 1542 824 ac
1578 777 1785 825 natura
1821 765 2142 848 profluunt.

54 865 150 922 Eae
194 875 386 924 autem
429 875 568 922 sunt
606 863 824 936 unitas,
874 858 1180 932 sanctitaS,
1238 857 1590 917 catholicitas
1622 871 1681 920 et
1722 860 2138 942 apostolicitaS,

56 979 195 1038 quas
236 979 450 1040 nempe
488 962 612 1036 jam
643 979 674 1016 a
714 959 786 1016 IV
821 956 907 1015 rei
947 953 1501 1013 christianaeseculo
1547 967 1914 1015 recensuerat
1949 957 2144 1016 conci·-

55 1052 199 1111 lium
239 1050 939 1132 Constantinopolitanum
972 1049 1035 1107 in
1067 1045 1202 1107 fidei
1233 1046 1495 1128 symbolo
1527 1047 1637 1106 illis
1668 1048 1859 1109 verbis
1899 1073 1912 1108 :
1961 1052 2142 1111 Credo

53 1167 275 1217 unam,
306 1158 604 1215 sanctam,
643 1144 990 1204 catholicam
1023 1153 1079 1203 et
1100 1145 1488 1222 apostolicam·
1510 1143 1842 1203 Ecclesiam
1871 1145 1980 1228 (l).

136 1241 271 1300 149.
319 1243 435 1301 Has
465 1239 636 1320 igitur
659 1249 718 1298 et
744 1260 866 1298 non
890 1237 1028 1297 alias
1067 1258 1188 1297 esse
1223 1257 1374 1299 verae
1402 1236 1615 1296 Christi
1643 1236 1901 1297 Ecclesiae
1924 1251 2092 1299 notas
2119 1285 2136 1316 ,

52 1355 159 1393 nec
189 1335 292 1395 ulli
315 1341 546 1418 prorsus
573 1334 827 1393 societati
860 1343 1251 1414 praeterquam
1277 1331 1383 1390 soli
1422 1331 1678 1392 Ecclesiae
1717 1322 1982 1393 Romanae
2010 1354 2143 1392 con-

52 1431 255 1490 venire
286 1451 386 1489 seu
418 1439 746 1509 competere
783 1449 981 1510 posse,
1020 1425 1449 1487 ostendendum
1477 1426 1642 1486 nobis
1675 1436 1786 1486 est.
1818 1427 1992 1500 Quod
2011 1428 2144 1510 qui·

50 1524 183 1585 dem
213 1524 560 1607 praestarem
580 1523 954 1606 sequentihus
983 1520 1470 1605 propositionibus
1505 1521 1890 1602 aggredimur.

848 1719 1252 1773 PROPOSITIO
1290 1721 1334 1771 I.

66 1866 217 1928 Vera
243 1864 472 1926 Christi
492 1864 769 1924 Ecclesia?
792 1873 940 1922 ποῖαι
978 1871 1122 1921 sunt
1152 1866 1390 1932 unitas,
1422 1865 1737 1931 sammaa,
1759 1861 2130 1931 catholicitaa⁸

841 1967 896 2015 et
935 1961 1350 2036 apostoloe'cz'tas‘.

134 2136 271 2193 150.
316 2132 595 2211 Quamvis
628 2131 914 2192 nonnulla
945 2131 1262 2192 dixerimus
1307 2132 1370 2200 in
1402 2143 1653 2198 *tractatu
1688 2134 1776 2192 De
1811 2154 1953 2192 vera
1990 2135 2144 2193 reli—

45 2232 210 2307 qione
233 2228 322 2306 (2)
350 2227 422 2288 de
452 2227 710 2287 Ecclesiae
739 2227 963 2286 unitate
982 2272 999 2302 ,
1036 2249 1164 2308 quae
1200 2238 1400 2285 tamen
1426 2226 1544 2287 illic
1579 2227 1953 2287 disseruimus
1973 2273 1989 2303 ,
2022 2250 2148 2287 non

41 2319 257 2380 debent
279 2321 610 2401 permisceri
633 2341 763 2379 cum
785 2321 854 2378 iis
873 2364 889 2393 ,
913 2319 985 2378 de
1002 2319 1210 2400 quibus
1233 2321 1294 2378 in
1312 2322 1618 2401 praesentia
1638 2323 1881 2402 agimuS.
1912 2325 2145 2382 Etenim

38 2415 154 2474 illic
183 2416 256 2474 de
279 2416 500 2478 unitate
530 2414 898 2474 disseruimus
915 2458 934 2490 ‚
958 2427 1133 2496 prout
1159 2414 1420 2474 Ecclesiae
1462 2418 1786 2497 proprietas
1823 2418 2142 2479 essentialis

38 2520 157 2582 est3
187 2508 281 2568 hic
294 2530 432 2568 vero
453 2529 581 2567 eam
607 2520 1025 2589 pertractamus
1052 2552 1070 2585 ,
1095 2520 1381 2588 quatenus
1404 2508 1790 2579 estindicium
1808 2521 2143 2584 externum,

39 2602 366 2677 character,
407 2604 635 2681 signum
670 2614 769 2661 aut
796 2613 934 2660 nota
971 2613 1211 2660 externa
1232 2647 1247 2676 ,
1290 2624 1403 2682 qua
1441 2602 1709 2661 ducimur
1741 2603 1815 2662 ad
1837 2604 2000 2663 illam
2037 2607 2146 2664 Ec-

39 2696 267 2758 clesiam
301 2695 754 2776 cognoscendam
775 2741 793 2772 ,
819 2717 947 2777 quae
963 2695 1067 2755 tali
1084 2697 1438 2779 proprietate
1466 2697 1706 2779 praedita
1735 2710 1822 2758 est
1850 2723 1866 2774 ς
1892 2700 2055 2781 quod
2086 2712 2145 2761 et
2230 2779 2234 2785 ι

44 2903 138 2934 non
161 2887 219 2933 sit
235 2884 293 2934 ad
316 2902 510 2934 examen
536 2884 657 2935 istud
680 2886 1033 2946 instituendum,
1133 2889 1261 2935 nitur
1280 2923 1294 2946 ‚
1329 2904 1383 2935 ac
1408 2898 1639 2953 propterea
1671 2905 1772 2936 una
1800 2889 2082 2953 significatur
2109 2928 2124 2952 ‚

41 2977 86 3017 et
121 2978 275 3016 tamen
309 2967 521 3034 quaelibet
558 2977 677 3016 secta
712 2968 963 3017 contendat
992 2985 1039 3017 se
1130 2984 1232 3033 quae
1261 2968 1429 3016 dicitur
1453 2979 1620 3018 cancta
1650 2978 1694 3018 ct
1715 2969 1945 3019 catholica
1959 2988 1982 3032 ‚·
2002 2973 2128 3038 quod

39 3059 194 3098 tenere
240 3066 393 3098 veram
447 3060 491 3098 et
532 3048 832 3099 orthodoxam
873 3049 1043 3098 Christi
1131 3052 1168 3097 si
1196 3049 1398 3099 Ecclesia
1426 3051 1648 3099 catholica
1683 3062 1747 3099 est
1770 3087 1785 3114 ,
1816 3052 1955 3106 debet
1977 3070 2140 3102 neces-

49 3129 319 3179 doctrinam.
363 3130 429 3179 Ea
474 3140 627 3180 tamen
666 3132 743 3180 hic
773 3134 1003 3180 interserit
1026 3168 1040 3192 ‚
1135 3136 1250 3182 sario
1276 3136 1444 3199 pariter
1465 3153 1559 3184 esse
1590 3133 1850 3201 apostolica
1871 3174 1884 3196 ,
1912 3146 1966 3185 ut
1996 3155 2050 3186 ex
2070 3138 2144 3186 di-

45 3227 144 3275 quae
172 3211 306 3264 nobis
332 3230 428 3261 nou
449 3212 728 3278 probantur,
750 3224 794 3263 et
826 3231 909 3263 suo
942 3214 1044 3263 loco
1135 3215 1292 3267 cendis
1321 3219 1610 3282 perspicuum
1632 3217 1729 3266 fiet.
1756 3214 1888 3282 Quod
1910 3236 2017 3268 vero
2045 3237 2146 3284 spe-

45 3293 339 3343 excutiemus.
1159 3307 1253 3346 ctat
1286 3298 1345 3346 ad
1360 3298 1467 3346 alias
1487 3301 1580 3347 sive
1606 3298 1757 3363 plures
1786 3302 1880 3348 sive
1910 3302 2146 3365 pauciores

60 3391 64 3395 ’
119 3371 186 3438 (l)
220 3372 302 3422 11ae
341 3386 493 3427 autem
517 3394 613 3424 non
645 3386 752 3424 sunt
776 3377 864 3423 nisi
900 3374 1046 3440 expli·
1134 3384 1268 3427 notas
1301 3384 1544 3443 assignatas
1584 3397 1609 3427 a
1656 3380 1893 3429 nonnullis
1937 3381 2146 3429 Patribus

49 3453 136 3502 cita
158 3456 373 3521 expositio
387 3467 600 3509 notarum
622 3496 635 3519 ‚
652 3474 754 3526 quae
777 3459 826 3505 in
840 3456 1048 3523 symbolo
1137 3470 1182 3510 et
1211 3459 1470 3526 theologis,
1513 3460 1605 3508 illae
1649 3461 1722 3510 vel
1770 3461 2054 3511 reducuntur
2086 3460 2145 3508 ad

50 3534 293 3599 apostolico
349 3541 635 3588 continentur
692 3540 782 3587 illis
828 3539 981 3588 verbis
1031 3555 1044 3586 ε
1137 3551 1334 3607 quatuor
1367 3544 1644 3602 recensitaS,
1690 3541 1764 3590 vel
1807 3560 1882 3592 eas
1926 3541 2145 3606 implicite

50 3611 203 3663 Credo
220 3623 432 3664 sanctam
458 3616 723 3669 Ecclesiam
747 3619 1045 3670 catholicam.
1138 3623 1393 3672 continent.
1796 3633 1800 3638 “

50 3695 167 3746 Nam
191 3693 409 3746 Ecclesia
440 3699 491 3747 in
521 3701 738 3765 singulari
755 3692 948 3751 numero
962 3718 1047 3767 po·
1206 3703 1278 3768 (2)
1314 3702 1432 3751 Part.
1463 3718 1495 3750 ιι
1513 3737 1528 3764 ‚
1558 3720 1689 3770 prop.
1719 3721 1785 3753 iv.
