2514 4218
473 203 626 245 mar.
672 206 715 243 r.
763 204 912 244 secr.
958 201 1019 244 ιι»
1066 206 1189 245 cAr.
1238 204 1320 246 ιν.
1365 205 1432 243 nn
1475 202 1657 244 norm
1708 186 1865 245 raim.
2120 187 2235 247 517

131 347 234 406 sed
269 367 378 428 pro
416 347 584 405 Petro
607 351 845 428 ejusque
879 346 1301 407 successoribus
1330 347 1556 429 rogavit
1582 347 1886 420 Christus,
1923 371 1999 410 ne
2038 350 2241 411 defice*-

130 453 264 501 rcnt
299 442 369 499 in-
391 440 538 513 fide,
576 451 636 499 et
673 442 842 499 sicin
876 463 941 501 ea
973 442 1181 501 fratres
1217 443 1561 502 confirmare
1600 455 1857 524 possent.

209 537 246 594 7
252 536 349 592 62.
386 534 471 592 Ad
501 535 606 606 5¹1¹,
645 536 796 615 Ney.
839 537 977 595 Haec
1014 537 1171 595 enim
1197 557 1382 596 merae*
1412 537 1757 598 urbanitatis
1792 539 1974 622 officia
2006 553 2240 624 patrum

128 629 471 709 gravitatem
507 629 823 700 dedecent:,
861 630 1117 712 alioquin
1151 631 1312 690 idem
1346 642 1540 713 posset
1576 632 1648 691 de
1686 654 1888 692 eorum
1924 634 2034 694 dici
2068 638 2241 696 testi-

125 724 339 781 moniis
360 769 374 796 ,
418 723 627 804 quibus
680 745 832 783 rom.
884 726 1228 803 Pontificum
1279 726 1564 805 primatus
1633 725 1974 788 adstruitur.
2031 731 2235 810 Ecquis

126 829 406 898 praeterea
432 817 670 892 dixerit,
691 820 865 877 Conc.
892 821 1378 879 oecumenicorum
1413 819 1684 901 Ephesi-ni
1702 866 1731 895 ,.
1753 821 2239 883 Chalcedonensis

128 922 188 970 et
233 913 861 994 Constantinopolitani
899 915 985 973 ΠΕ·-
1017 911 1495 988 acclamat-iones⁹
1542 921 1729 996 atque
1757 917 2082 977 Hormisdae
2120 919 2241 978 for—

127 1006 312 1065 mulae
336 1005 820 1090 subscriptionem
859 1011 1061 1089 sapere
1099 1008 1410 1068 officiosam
1454 1008 1894 1071 urbanitatem?

215 1101 352 1159 763.
399 1101 529 1181 Obj.
563 1103 839 1163 secundo,
870 1104 1035 1161 Facta
1054 1125 1084 1160 a
1116 1125 1241 1185 quae
1256 1116 1568 1164 occurrunt
1591 1108 1657 1165 in
1679 1108 2045 1189 antiquitate,
2074 1130 2235 1169 com-

125 1198 268 1278 poni
297 1209 600 1278 nequeunt
625 1220 756 1257 cum
784 1196 1018 1256 adserta.
1043 1199 1335 1257 Pontificis
1360 1199 1792 1261 infallibilitate.
1822 1203 2059 1262 Etenim>
2082 1205 2245 1265 1⁰·ex

124 1292 193 1349 iis
252 1304 482 1352 constat
497 1338 518 1367 ,.
562 1293 744 1352 editas
796 1313 830 1350 a
880 1312 1030 1351 roma.
1088 1293 1465 1353 Ponti-ficibus
1496 1295 1881 1360 ‚definitiones
1940 1321 2244 1381 nunquam

127 1387 956 1446 irreformabiles''existima-tas
987 1408 1110 1446 esse
1129 1433 1144 1462 ‚
1172 1387 1359 1446 donec
1383 1389 1459 1447 ad
1484 1410 1579 1448 eas
1608 1394 1907 1451 accesserit
1933 1415 2247 1456 consensus

128 1482 392 1542 Ecclesiae
421 1482 548 1543 sive
577 1480 856 1563 dispersae
895 1483 1016 1542 sive
1051 1483 1114 1540 in
1153 1482 1422 1562 Conciliis
1456 1496 1850 1564 congregatae
1879 1500 1946 1546 ut
1976 1501 2154 1570 patet
2174 1512 2247 1551 ex

127 1578 232 1651 iis,
274 1598 411 1658 quae
421 1575 631 1635 scribit
654 1578 707 1635 S.
740 1579 854 1636 Leo
887 1577 961 1635 ad
984 1559 1457 1637 Theodoretum:
1507 1580 1654 1657 Quoe
1688 1592 1886 1640 nostro
1904 1587 2100 1662 'prius
2141 1589 2251 1643 mi-

127 1676 373 1730 misterio
406 1673 718 1750 definierat
748 1672 1013 1752 (Deus),
1043 1676 1340 1733 uni-versoe
1362 1677 1776 1751 fraternitatis
1814 1679 2251 1738 irretractabili

123 1768 400 1844 firmavit
424 1788 670 1825 assensu
699 1767 827 1846 (1);
860 1767 961 1847 qui
995 1778 1278 1849 praeterea
1309 1767 1555 1826 subdit:
1588 1771 1688 1828 Sic
1713 1792 2096 1831 summorum
2125 1795 2248 1833 ser-

129 1872 312 1920 vatur
354 1864 683 1920 auctoritas
696 1904 720 1932 ,
765 1872 838 1919 ut
878 1865 948 1919 in
995 1865 1162 1921 nullo
1203 1865 1573 1941 inferiorum
1615 1876 1874 1942 putetur
1913 1870 2249 1927 imminuta

129 1960 376 2017 libertas·
413 1959 523 2037 (2).
573 1961 717 2038 Ergo
764 1957 879 2017 duo
936 1958 1146 2017 exinde
1207 1942 1517 2041 explorata.
1555 1973 1693 2019 sunt
1734 1983 1760 2019 :-
1809 1966 2014 2041 primo
2032 2008 2052 2035 ,
2106 1976 2271 2037 ante¹

132 2052 368 2112 Concilii
395 2054 900 2113 confirmationem
940 2054 1292 2133 dogmaticas
1329 2054 1689 2113 Pontificum·
1720 2058 2048 2117 sanctiones
2087 2063 2246 2119 irre-

133 2150 472 2208 tractabiles
493 2170 614 2207 non
643 2169 766 2210 esse
783 2175 805 2222 ς’
833 2151 1087 2208 seeundo
1099 2193 1122 2221 ,
1147 2160 1283 2208 ante
1311 2149 1595 2227 ejusmodi
1619 2171 1918 2210 assensum
1939 2197 1954 2227 .‚
1986 2154 2247 2213 liberum

131 2264 377 2303 examen
405 2264 528 2302 esse
552 2244 994 2325 pontificiarum·
1007 2242 1414 2303 definitionum
1434 2289 1449 2318 ,
1479 2255 1545 2302 ut
1575 2245 1656 2303 eis
1692 2246 1819 2327 quis
1845 2248 2023 2327 possit
2055 2270 2246 2308 assen-

129 2340 240 2398 tire
283 2350 385 2398 aut
425 2338 498 2396 ab
542 2340 623 2398 eis
668 2337 1009 2413 dissentire3
1058 2360 1188 2421 quae
1231 2339 1303 2398 de
1350 2339 1648 2399 infallibili
1682 2341 1898 2418 judicio
1947 2343 2109 2402 nefas
2160 2356 2248 2403 est

123 2433 335 2493 dicere.
373 2434 442 2491 20
486 2433 706 2494 Exinde
743 2434 959 2493 factum
1006 2445 1092 2492 est
1114 2479 1129 2508 7
1161 2445 1226 2492 ut
1266 2435 1481 2515 passim
1522 2434 1956 2494 celebrarentur
1993 2438 2249 2498 Concilia

126 2530 202 2589 ad
237 2552 313 2589 ea>
337 2531 461 2612 ipsa
489 2530 782 2589 infallibili
816 2552 881 2590 ac
910 2530 1318 2590 irretractabili
1348 2531 2083 2610 auctoritate-definienda,
2121 2556 2251 2617 quae

122 2626 285 2706 prius
330 2625 561 2684 fuerant
602 2647 634 2684 a
674 2625 1047 2685 Pontificibus
1100 2625 1377 2700 defi-nita,
1428 2625 1493 2684 30
1539 2637 1719 2708 atque*
1752 2639 1817 2685 ut
1859 2649 1890 2686 a
1935 2617 2245 2708 pontificiis

137 2719 578 2779 definitionibus
614 2718 1037 2801 provocaretur
1057 2721 1130 2779 ad
1157 2720 1478 2780 Concilium
1517 2721 1802 2800 generale.
1834 2722 1898 2780 40
1931 2724 2103 2799 Sane,
2141 2725 2254 2786 nisi

126 2815 209 2873 ita
246 2836 306 2873 se
341 2837 431 2874 res
463 2814 740 2891 haberet,
780 2815 1033 2874 Concilia
1066 2811 1424 2876 oecumenica
1466 2838 1585 2874 non
1625 2817 1815 2875 solum
1858 2817 2015 2877 haud
2056 2833 2251 2881 essent

129 2910 448 2969 necessaria
471 2954 487 2984 ‚
519 2909 621 2969 sed
670 2932 903 2990 prorsus
940 2911 1172 2969 inutilia
1194 2956 1209 2985 a
1254 2931 1387 2968 cum
1422 2911 1545 2970 sine
1584 2922 1672 2969 tot
1712 2933 1893 2993 opum
1923 2934 2238 2997 rerumque

131 3003 496 3084 publicarum
527 3003 845 3085 dispendiis
874 3016 933 3063 et
959 3004 1341 3065 incommodis
1371 3026 1403 3063 a
1427 3004 1548 3063 solo
1573 3026 1720 3065 rom.
1744 3008 2027 3068 Pontifice
2050 3021 2243 3091 posset

133 3097 423 3174 infallibili
454 3120 518 3157 ac
549 3098 954 3158 irretractabili
986 3101 1327 3159 auctoritate
1363 3098 1556 3158 dirimi
1597 3102 1859 3181 quaestio,
1893 3102 2059 3183 Ergo.

215 3192 354 3251 764.
404 3196 574 3276 Resp.
616 3194 766 3274 Nes).
806 3205 931 3252 ant.
980 3193 1065 3253 Ad
1116 3195 1196 3252 1ΠΙ
1229 3193 1396 3276 prob.
1439 3215 1607 3267 vero,
1656 3193 1904 3255 admissa
1958 3199 2016 3257 S.
2042 3199 2250 3258 ‘Leonis

137 3289 476 3348 auctoritate
492 3333 508 3363 7
538 3289 612 3348 ad
647 3291 724 3346 lm
749 3288 1070 3371 sequelam,
1094 3291 1251 3349 Dist.
1279 3290 1338 3348 Si
1362 3289 1456 3348 hic
1479 3292 1952 3351 irretractabilis
1980 3314 2249 3352 assensus

138 3380 347 3440 afficiat
370 3383 753 3462 dogmaticam
777 3386 832 3443 S.
856 3386 1061 3444 Leonis
1073 3383 1508 3459 definitionem,-
1525 3395 1713 3444 trans.
1719 3406 1740 3454 ,·
1757 3387 1813 3446 si.
1825 3387 2035 3448 afficiat
2050 3389 2255 3448 Patres·

215 3594 280 3662 (1)
318 3595 462 3662 Epist.
483 3613 596 3660 cxx,
633 3598 745 3648 edit.
776 3581 944 3650 Ballerss.
969 3617 1073 3666 cap.
1102 3616 1120 3648 1
1139 3638 1153 3661 ‚
1310 3599 1374 3663 (2¹)
1409 3600 1538 3651 Ibid.
1569 3601 1661 3651 col.
1702 3618 1846 3652 1120.

148 3677 237 3725 col.
281 3693 428 3743 ¹2¹9·
1883 3687 1886 3690 ’
