2514 4218
265 181 386 240 522
859 202 1060 240 rnAcr.
1110 202 1179 238 nn
1222 201 1373 239 mels
1417 192 1797 242 rnuotoclcm.

266 347 644 409 Caelestinum
675 392 690 421 ,
741 346 954 428 aliique
993 367 1236 419 omneS,
1277 369 1399 405 non
1439 347 1502 405 in
1547 346 1787 424 decisis,
1829 348 1934 408 sed
1970 349 2030 408 in
2069 349 2402 415 decidendis

275 442 654 526 apostolicam
685 442 895 502 Sedem
932 442 1376 502 consuluerunt.
1422 445 1674 502 Romani
1713 445 1826 526 ipsi
1861 447 2168 507 Pontifices
2195 449 2259 506 in
2290 449 2405 510 suis

271 541 521 600 decretis
568 552 669 599 aut
716 539 1004 621 synodicis
1063 538 1138 597 ad
1180 538 1477 613 Concilia,
1507 561 1629 598 non
1668 539 1891 614 decisa,
1927 541 2031 601 sed
2081 542 2406 605 decidenda

267 648 736 719 proposuerunt,
780 638 965 717 iisque
1010 646 1075 693 ut
1121 636 1238 693 suis
1284 657 1410 695 sese
1452 635 1889 695 conformarent
1932 636 2177 697 decretis
2219 640 2407 700 inter-

266 735 666 792 minaverunt.
704 733 806 790 His
831 731 1130 805 addimuS,
1172 753 1390 790 novam
1432 732 1570 790 oriri
1600 753 1760 811 nunc
1787 734 2067 814 temporis
2093 733 2400 813 obligatio-

267 853 411 890 nem
449 829 787 888 adhaerendi
829 826 1108 888 doctrinae
1147 826 1411 887 Ecclesiae
1448 831 1724 887 Romanae
1758 850 1858 887 seu
1894 851 2042 888 rom.
2074 831 2405 907 Pontificis,

268 947 341 986 ex
390 926 619 984 ratione
671 924 1108 1006 apostolicitatis
1137 969 1152 997 ,
1213 938 1528 1006 postquam
1582 923 1797 983 scilicet
1853 925 2094 1006 reliquae
2146 926 2406 987 Ecclesiae

266 1020 598 1104 apostolicae
643 1022 948 1103 perierunt
983 1020 1222 1103 praecise
1259 1042 1330 1080 ex
1362 1020 1592 1079 defectu
1621 1020 1775 1079 illius
1806 1020 2186 1098 adhaesioniS,
2230 1044 2409 1105 quam

265 1130 468 1178 tenere
513 1116 812 1177 debebant
853 1139 986 1177 cum
1025 1115 1274 1176 Ecclesia
1310 1118 1571 1175 Romana
1614 1118 1722 1195 (l).
1767 1118 1916 1177 Cum
1955 1119 2113 1177 enim
2167 1118 2407 1178 Ecclesia

265 1214 388 1274 haec
428 1213 550 1274 sola
591 1214 983 1296 superstiterit
1014 1235 1084 1274 ex
1113 1214 1350 1295 proprie
1388 1212 1556 1272 dictis
1598 1213 1858 1273 Ecclesiis
1893 1214 2221 1296 apostolicis
2243 1260 2261 1291 ,
2282 1220 2408 1294 jam
2444 1258 2448 1266 -

266 1311 340 1370 ab
372 1311 633 1371 Ecclesiis
662 1310 936 1370 omnibus
975 1310 1049 1369 ad
1078 1310 1350 1369 eamdem
1385 1309 1809 1369 recurrendum
1836 1321 1923 1369 est
1957 1310 2302 1388 Ecclesiam,
2339 1322 2408 1370 ut

266 1409 544 1474 hauriant
565 1408 896 1468 doctrinam
926 1405 1333 1488 apostolicam,
1366 1418 1550 1488 utque
1577 1428 1683 1489 per
1708 1408 2222 1488 participationem
2246 1429 2414 1490 apos-

273 1505 569 1565 tolicitatis
601 1516 742 1564 nota
773 1503 1172 1586 perfruantur.

353 1602 496 1661 772.
548 1600 638 1660 Ad
688 1600 1005 1674 3¹1¹‚Disa
1051 1598 1111 1656 Si
1151 1540 1433 1675 ejusmodi
1473 1596 1855 1658 infallibilitas
1903 1601 2199 1680 pontificia
2252 1610 2411 1661 certa

267 1710 416 1759 esset
455 1697 615 1779 apud
657 1717 862 1755 omnes
904 1693 1257 1755 certitudine
1299 1694 1477 1769 fidei,
1518 1716 1680 1754 cono.
1701 1719 1721 1762 ,·
1759 1697 1806 1755 si
1849 1709 2006 1756 certa
2055 1709 2292 1757 tantum
2335 1699 2411 1757 sit

267 1793 619 1854 certitudine
639 1839 655 1868 ,
690 1813 817 1875 quae
850 1793 1081 1874 exurgit
1118 1813 1187 1851 ex
1219 1792 1276 1850 vi
1309 1790 1829 1851 demonstrationis
1850 1838 1867 1869 ,
1904 1815 2034 1874 neq.
2074 1796 2220 1852 Cum
2250 1794 2410 1853 enim

270 1890 462 1950 adhuc
499 1891 748 1971 impune
785 1890 941 1948 inter
983 1887 1309 1973 Catholicos
1334 1888 1494 1970 ipsos
1523 1889 1763 1970 quaestio
1794 1889 1918 1950 haec
1945 1891 2231 1969 agitetur,
2269 1891 2410 1949 nul-

266 1988 440 2070 laque
487 2009 759 2069 expressa
803 2008 904 2046 seu
940 1985 1198 2047 formalis
1238 1986 1384 2045 circa
1429 2007 1560 2045 eam
1609 1986 1897 2067 prodierit
1932 1987 2235 2061 definitio,
2270 1986 2412 2049 inde

268 2086 375 2159 fit,
416 2095 483 2142 ut
526 2105 651 2142 non
694 2083 895 2141 statim
944 2080 1128 2142 veluti
1172 2080 1446 2140 formales
1502 2080 1761 2140 haeretici
1804 2082 2176 2142 declarentur
2223 2082 2413 2142 refra-

267 2179 460 2255 ctarii,
506 2178 692 2238 donec
730 2179 807 2238 ad
859 2178 1219 2261 pontificiam
1260 2177 1663 2237 definitionem
1702 2179 1911 2237 tacitus
1962 2191 2066 2238 aut
2104 2199 2410 2262 expressus

271 2275 534 2336 Ecclesiae
584 2297 897 2336 consensus
956 2274 1278 2334 accesserit.
1333 2275 1480 2334 Cum
1546 2274 1704 2333 enim
1765 2276 1860 2334 hic
1921 2277 2266 2351 accesserit,
2338 2297 2413 2337 ex

341 2482 409 2546 (l)
448 2481 633 2531 Etenim
673 2501 728 2532 ex
755 2480 922 2539 celebri
957 2482 1132 2547 regula,
1157 2499 1296 2548 quam

272 2566 459 2614 tradidit
488 2566 833 2626 Tertullianus,
875 2568 925 2613 in
953 2565 1040 2614 lib.
1072 2564 1299 2631 Deproe-

272 2649 622 2713 scriptioni-bus
655 2686 668 2707 ‚
733 2645 983 2714 quaerenda
1053 2658 1119 2695 est
1192 2664 1298 2695 vera

273 2729 443 2778 Christi
468 2731 678 2780 doctrina
704 2733 754 2778 in
780 2730 997 2778 Ecclesiis
1027 2730 1300 2778 matricibus

279 2817 374 2861 sive
397 2815 687 2879 apostolicis,
708 2832 810 2880 quae
832 2814 1007 2862 scilicet
1035 2814 1302 2862 habuerunt

274 2902 482 2945 auctores
509 2898 746 2962 Apostolos
763 2934 777 2960 ,
807 2914 859 2945 ac
883 2900 1114 2962 praecipue
1136 2899 1186 2944 in
1207 2896 1302 2944 Ro-

272 2998 411 3027 mana
450 2981 685 3041 Ecclesia,
729 2983 813 3028 cui
845 2990 991 3029 totam
1030 2981 1299 3028 doctrinam

274 3060 497 3126 Apostoli
536 3080 646 3110 eum
684 3065 926 3127 sanquine
960 3079 1045 3110 suo
1069 3062 1300 3129 profude-

273 3154 420 3203 runt,
448 3158 499 3194 ut
531 3146 656 3195 idem
688 3148 895 3213 loquitur
926 3148 1044 3196 ibid.
1068 3165 1169 3212 cap.
1196 3144 1262 3195 26
1282 3183 1296 3210 ,

275 3238 320 3277 et
346 3229 406 3276 ad
434 3247 574 3294 quam
603 3247 786 3279 neeesse
813 3240 881 3278 est
908 3247 1094 3278 omnem
1125 3246 1296 3279 conve-

273 3313 383 3359 m're
403 3310 656 3359 Ecclesiam
674 3350 687 3372 ‚
720 3324 770 3361 ut
792 3313 918 3361 aitS.
939 3314 1159 3362 IrenaeuS.
1176 3312 1298 3360 Cum

274 3396 415 3458 igitur
432 3405 588 3443 ceterae
618 3412 778 3443 omnes
804 3396 1066 3462 apostolicae
1086 3395 1299 3444 Ecclesiae

276 3478 561 3536 defecerint,
595 3487 735 3525 restat
764 3489 812 3526 ut
845 3481 873 3526 a
903 3479 1114 3527 Romana
1144 3478 1295 3539 Sede,

277 3578 377 3626 quae
414 3560 508 3608 sola
542 3560 766 3609 hactenus
795 3564 845 3609 in
874 3579 980 3611 vera
1008 3558 1300 3610 Christi'fide

280 3655 503 3709 superstes
539 3655 779 3711 permanet
815 3663 895 3711 per
928 3664 1178 3715 nunquam
1228 3649 1301 3694 in-

279 3736 532 3792 terruptam
560 3728 837 3778 Pontificum
875 3747 1064 3779 suorum
1100 3732 1263 3781 seriem
1283 3767 1297 3791 ,

1383 2484 1694 2549 perquirenda
1718 2486 1774 2531 sit
1799 2484 2070 2549 evangelica}
2094 2485 2315 2533 doctrinae
2338 2502 2416 2534 ve-

1383 2568 1494 2613 ritas
1515 2602 1529 2628 ‚
1573 2577 1619 2616 et
1664 2584 1772 2615 cum
1815 2585 1866 2615 ea
1908 2570 2161 2615 necessario
2203 2570 2264 2615 sit
2300 2565 2411 2617 fidei

1384 2651 1537 2698 unitas
1569 2651 1883 2699 conservanda
1906 2669 1930 2698 a
1958 2649 2148 2716 reliquis
2170 2648 2411 2714 Ecclesiis,

1382 2751 1484 2798 quae
1497 2733 1556 2780 ab
1573 2751 1623 2781 ea
1638 2734 1731 2781 sola
1747 2743 1941 2797 possunt
1957 2734 2256 2798 apostolicam
2270 2734 2410 2783 fidem

1384 2816 1594 2863 derivare
1623 2834 1677 2863 ex
1696 2815 1973 2863 Tertulliani
2005 2819 2251 2881 principio,
2271 2816 2412 2866 Porro

1381 2899 1418 2944 si
1449 2915 1569 2945 rom.
1603 2897 1849 2946 Pontifices
1875 2916 2029 2947 errare
2047 2910 2230 2964 possent
2258 2892 2308 2946 in
2328 2899 2411 2947 de-

1381 2979 1673 3028 finitionibus
1715 2980 1988 3046 dogmaticis
2007 3018 2020 3042 ‚
2066 2982 2180 3028 dum
2222 2996 2298 3029 eas
2334 2996 2412 3028 ce-

1380 3072 1486 3111 terae
1515 3062 1716 3111 ecelesiae
1739 3066 2014 3128 exquirunt,
2035 3080 2194 3111 nonne
2214 3064 2264 3109 in
2282 3079 2410 3110 erro-

1380 3163 1479 3194 rem
1526 3146 1819 3194 traherentur
1861 3145 2211 3193 ineluctabilem
2244 3182 2256 3204 ,
2301 3162 2410 3193 cum

1379 3227 1479 3276 haec
1510 3231 1645 3277 unica
1677 3231 1742 3277 eis
1763 3231 1835 3277 via
1860 3237 2084 3293 suppetat,
2111 3231 2207 3276 sive
2225 3227 2282 3275 ad
2303 3245 2413 3294 apo-

1381 3311 1591 3360 stolicam
1637 3311 1892 3359 doctrinam
1930 3316 2056 3359 certo
2103 3310 2370 3359 habendam
2394 3349 2408 3372 ‚

1381 3398 1475 3444 sive
1502 3396 1562 3444 ad
1587 3394 1934 3461 apostolicitatis
1959 3405 2117 3443 notam
2141 3413 2417 3444 conservan-

1387 3479 1536 3527 dam?
1581 3478 1681 3526 Cfr.
1727 3477 1785 3524 de
1825 3477 1914 3525 hoc
1955 3489 2233 3544 argumento
2274 3478 2415 3528 Card.

1381 3560 1569 3620 Gen-dil,
1608 3562 1659 3607 in
1699 3577 1771 3625 op.
1806 3563 1887 3609 cit.
1917 3558 2100 3610 Esame
2139 3560 2210 3608 de’
2245 3562 2419 3609 motivi

1381 3642 1506 3690 della
1521 3644 1733 3709 opposiz.
1747 3642 1843 3691 alla
1853 3641 1998 3692 Bella
2018 3642 2257 3696 Auernum
2268 3658 2383 3692 rum
2398 3680 2412 3704 ,

1383 3738 1495 3777 sect.
1515 3739 1568 3791 2,
1594 3735 1679 3777 art.
1707 3722 1763 3789 4,
1790 3744 1902 3795 opp.
1918 3727 2028 3777 edit.
2047 3745 2166 3778 rom.
2183 3738 2301 3777 tom.
2317 3741 2414 3775 x1v.
