2514 4218
547 220 706 256 PART.
756 219 797 254 1.
846 218 975 258 GAP.
1017 216 1099 256 111.
1144 218 1212 255 1>ss
1255 214 1524 257 Eccutsm
1565 218 1748 258 nons-

2073 197 2193 259 203

83 363 343 441 jiciamus
364 407 380 438 ,
429 382 563 422 cum
599 382 671 422 ex
708 361 874 421 dictis
920 362 1053 421 satis
1090 361 1165 421 sit
1202 383 1406 442 urgere
1445 361 1693 422 schisma
1719 406 1737 438 ,
1776 373 1844 425 ut
1877 360 2188 448 abruptam

90 474 322 537 prorsus
358 478 479 517 esse
513 458 932 517 successionem
966 457 1126 516 illam
1167 457 1389 539 liquido
1428 457 1728 518 elucescat.

171 551 309 612 314.
361 550 446 610 Ad
485 551 636 621 10¹³,
669 553 826 611 Dz‘st.
859 551 948 612 Ad
974 572 1107 610 eum
1129 551 1371 610 modum
1395 597 1410 625 ‚
1438 574 1553 634 quo
1581 574 1701 612 non
1731 551 1840 611 fuit
1862 551 2191 616 voluntaria

87 645 371 728 separatio
397 646 677 721 Nestorii,
716 645 1081 727 Eutychetis,
1113 647 1445 705 Graecorum
1476 646 1845 731 aliorumque·
1878 650 2193 727 ejusmodi,

86 904 317 970 qualitate
351 913 438 952 aut
471 905 606 953 modo
634 902 927 971 procedendi
973 918 1099 950 com-

88 987 422 1034 missariorum
443 986 458 1048 (
474 987 521 1034 id
551 996 635 1046 est,
651 985 999 1050 Episcoporum,
1016 985 1096 1047 qui

88 1066 413 1117 consecrarunt
448 1066 725 1128 Parkerum)
746 1102 760 1125 ,
800 1066 870 1112 ita
910 1063 966 1110 id
994 1065 1098 1111 exi-

85 1135 221 1213 qen'te
244 1159 450 1215 tempore
464 1158 507 1197 et
523 1148 810 1196 necessitate.
839 1145 982 1211 Igitur
1003 1147 1096 1195 sola

89 1235 224 1291 ratio,
242 1250 332 1297 qua
349 1231 594 1298 justificata
613 1239 679 1278 est
692 1228 771 1276 illa
788 1231 1092 1290 consecratio,

87 1313 177 1360 suit
201 1314 449 1376 exiyentia
461 1326 599 1359 casus
613 1346 629 1367 ,
648 1326 778 1358 secus
792 1312 964 1375 quippe
978 1327 1095 1358 nova

88 1393 288 1442 Ecclesia
314 1403 433 1442 recta
468 1393 625 1439 fuisset
659 1390 717 1439 ab
744 1391 977 1456 Episcopis
1000 1409 1117 1440 non.

88 1478 373 1525 consecratis.
414 1471 666 1521 Radicalis
709 1484 862 1521 autem
898 1474 975 1522 bic
1015 1474 1097 1522 de-

87 1557 234 1606 fectus
259 1554 400 1623 magis
428 1556 698 1604 manifestus
725 1556 776 1604 fit
802 1574 855 1604 ex
873 1574 946 1617 eo,
966 1554 1095 1622 quod

89 1657 165 1705 ses
200 1637 549 1703 insequentibus
592 1640 726 1686 annis
759 1676 773 1698 ,
821 1640 880 1687 ad
926 1656 1093 1686 unam-

89 1737 324 1787 quamque
353 1720 744 1769 consecrationem
774 1731 819 1769 et
849 1720 1093 1770 confirma-

87 1805 259 1852 tionem
302 1805 413 1852 novi
445 1802 689 1867 Episcopi,
729 1804 1004 1851 insereretur
1044 1805 1095 1851 in

86 1885 414 1933 commissione
431 1885 767 1949 metropolitani
791 1885 947 1934 eadem
970 1885 1096 1933 clau-

86 1967 184 2016 sula
224 1971 446 2016 sanatoris
487 1971 760 2034 proveniens
801 1986 856 2017 ex
888 1968 1093 2033 plenitu-

87 2045 200 2096 dine
213 2052 343 2113 regiae
357 2049 608 2114 potestatis,
626 2050 699 2098 his
712 2051 934 2098 nimirum
944 2049 1093 2098 verbis
1126 2079 1131 2084 -

87 2141 304 2194 concepta
344 2149 358 2179 ε
396 2131 679 2198 Supplentes
710 2149 768 2180 ea·
810 2133 1093 2181 auctoritate

86 2224 305 2275 suprema
324 2214 517 2275 reqia...
534 2213 669 2261 nobis
684 2212 893 2277 cleleqata
909 2249 927 2274 ,
948 2213 1090 2278 quid-

84 2291 204 2355 quid
229 2293 287 2339 iu
315 2291 404 2340 hac
422 2292 646 2341 electione
655 2295 809 2358 fuerit
836 2295 1090 2358 desectum,

83 2380 183 2419 tum
239 2373 296 2420 iu
350 2373 426 2420 his
472 2390 576 2438 quoe
614 2376 766 2440 juxta
813 2375 1095 2422 mandatum

82 2454 218 2502 nobis
273 2455 537 2516 creditum,
575 2473 605 2503 a
656 2457 792 2504 nobis
823 2456 1010 2521 factum
1049 2466 1094 2505 et

74 2551 353 2600 processum
382 2544 479 2593 est,
503 2538 659 2584 autin
685 2538 853 2597 nohis,
887 2546 974 2586 aut
1003 2531 1094 2585 ali-

78 2633 279 2680 quorum
307 2625 578 2665 nostrorum
607 2613 912 2681 conditione,
937 2627 1085 2679 statu,

72 2697 299 2760 facultate
341 2697 405 2745 ad
442 2698 542 2746 hoec
588 2699 887 2764 perficienda
930 2699 1088 2762 deest,

79 2787 166 2826 aut
190 2778 359 2836 deerit,
390 2787 489 2826 tum
512 2781 656 2828 etiam
674 2797 856 2841 eorum,
880 2798 985 2845 quoe
1002 2799 1095 2847 per

78 2869 252 2910 statuta
277 2861 423 2927 hujus
462 2864 597 2926 requi
624 2862 821 2928 Anqlioe
840 2899 854 2924 ‚
887 2872 973 2911 aut
1000 2881 1094 2930 per

78 2940 198 3006 leqes
232 2943 571 2992 ecclesiasticas
620 2944 709 2993 hac
744 2946 799 2992 in
837 2952 975 3010 parte
1013 2962 1091 2993 re-

78 3025 257 3087 quisita
269 3033 384 3072 sunt
407 3032 492 3073 aut
506 3028 794 3082 necessaria,
806 3034 954 3091 prout
976 3034 1092 3074 tem-

72 3105 204 3167 poris
229 3107 355 3154 ratio
393 3116 439 3155 et
467 3124 625 3155 rerum
659 3110 976 3174 praesentium
1010 3125 1093 3156 ne-

81 3187 271 3235 cessitas
294 3189 347 3235 id
352 3189 614 3255 postulant.
628 3190 755 3239 Talis
776 3202 843 3240 est
863 3189 1088 3251 clausula,

80 3283 171 3331 qua
201 3270 270 3315 usi
289 3281 397 3318 sunt
412 3282 610 3337 quatuor
638 3272 850 3338 Episcopi
881 3275 961 3339 qui
978 3290 1093 3321 con-

80 3359 309 3397 secrarunt
333 3350 579 3420 Parkerum
607 3354 682 3403 die
722 3370 778 3421 17
807 3353 920 3404 Dec.
964 3351 1092 3421 1559

78 3430 128 3475 in
155 3429 319 3477 sacello
349 3429 681 3485 Lambethano.
701 3435 870 3485 Parker
894 3453 998 3484 vero
1016 3435 1092 3484 die

81 3524 144 3556 20
177 3509 382 3558 Januarii
416 3515 534 3562 vices
567 3516 768 3565 reddidit
806 3516 1088 3566 suis-conse-

75 3594 324 3643 cratoribus
338 3584 557 3646 Barlowio
571 3608 619 3646 et
630 3599 824 3667 Scoreyo
840 3636 858 3662 ‚
886 3616 962 3649 eos
978 3617 1091 3649 con-

75 3674 303 3724 firmando
340 3677 502 3726 eadem
558 3676 772 3729 clausula
825 3683 1088 3731 sanatoria.

1180 901 1286 950 Jam
1299 919 1405 952 vero
1422 915 1680 969 opportune
1696 909 1943 973 interrogat
1958 907 2187 974 Lingard‘‚

1178 1000 1335 1032 nonne
1376 986 1427 1032 in
1473 985 1562 1034 hoc
1601 990 1782 1052 negotio
1814 990 1988 1056 aliquid
2029 989 2190 1038 circuli

1178 1067 1327 1114 vitiosi
1352 1064 1644 1116 intercessit?
1676 1069 1882 1118 Tandem
1918 1087 2040 1119 anno
2064 1068 2192 1120 1566

1178 1156 1286 1194 actu
1305 1146 1616 1196 Pan-lamenti
1632 1148 1875 1198 definitum
1904 1161 2001 1211 est,
2032 1151 2188 1218 quod,

1178 1244 1285 1274 cum
1327 1227 1502 1291 Regina
1551 1228 1605 1277 in
1640 1233 1922 1295 possessione
1964 1234 2194 1281 sit'totius

1173 1309 1511 1375 jurisdictionis
1535 1347 1550 1371 ‚
1581 1315 1791 1361 omnium
1828 1316 2190 1380 privilegiorum,

1177 1395 1548 1457 superioritatum
1566 1410 1619 1441 ac
1637 1398 2082 1459 praeeminentiarum]
2097 1400 2193 1463 spi-
2223 1426 2226 1428 ·

1176 1474 1418 1522 ritualium
1456 1483 1502 1521 et
1536 1470 1990 1536 ecclesiasticarum,
2023 1464 2203 1544 quibus·

1177 1554 1313 1603 fruiti
1337 1565 1443 1603 sunt
1458 1557 1557 1620 ejus
1584 1557 1959 1623 praedecessores,
1991 1544 2193 1624 cumque

1176 1652 1399 1702 suprema
1427 1644 1655 1702 potestate
1702 1646 1747 1685 et
1789 1639 2070 1687 auctoritate
2102 1655 2193 1688 sua

1177 1717 1523 1784 dispensaverit
1567 1719 1627 1767 ab
1660 1719 1883 1767 omnihus
1928 1721 2089 1768 causis
2134 1738 2194 1770 ac

1177 1798 1342 1848 dubiis
1371 1802 1585 1866 cujusvis
1614 1802 1989 1866 imperfectionis
2012 1810 2098 1851 aut
2113 1804 2195 1850 in-

1175 1884 1460 1947 capacitatis
1489 1885 1545 1930 in
1566 1884 1932 1946 confirmatione
1964 1892 2010 1931 et
2033 1900 2195 1932 couse-

1163 1966 1387 2027 cratione
1412 1963 1766 2030 Episcopus-um
1786 1984 1866 2031 per
1893 1984 1994 2015 suas
2022 1967 2192 2016 litteras

1176 2057 1386 2111 patentes
1402 2084 1416 2107 ,
1453 2047 1557 2095 ideo
1582 2065 1739 2098 omnes
1762 2058 1889 2097 actus
1914 2058 1961 2098 et
1989 2058 2113 2113 gesta
2140 2049 2194 2097 in

1176 2130 1404 2195 ejusmodi
1455 2129 1781 2179 occasionibus
1834 2142 1984 2180 essent
2053 2141 2213 2197 atque¹

1175 2210 1336 2258 haberi
1386 2227 1441 2259 ac
1489 2211 1687 2276 judicari
1729 2211 1949 2261 deberent
1982 2212 2106 2260 hona
2149 2222 2194 2260 et

1176 2291 1373 2353 perfec-ta
1401 2289 1566 2353 (firma
1597 2302 1643 2339 et
1669 2294 1794 2356 rata)
1827 2293 1914 2340 sub
1945 2295 2072 2341 omni
2098 2311 2193 2341 res-

1178 2380 1313 2434 pectu
1342 2381 1389 2419 et
1416 2371 1539 2432 fine,
1565 2389 1660 2419 non
1685 2372 1972 2420 obstantibus
1998 2374 2197 2438 quibus—1

1178 2468 1379 2517 cumque
1403 2454 1452 2498 in
1485 2453 1764 2501 contrarium
1793 2456 1807 2514 (
1822 2451 2016 2501 Statuta
2035 2453 2197 2518 Requi

1141 2559 1143 2561 ·
1178 2546 1223 2580 tv
1243 2569 1257 2591 ,
1293 2530 1437 2596 485).
1480 2532 1546 2580 Ex
1574 2543 1685 2582 tunc
1712 2551 1766 2582 ac
1792 2534 2007 2600 deinceps
2048 2536 2204 2601 quod--

1177 2616 1244 2662 vis
1270 2614 1467 2662 dubium
1499 2614 1711 2664 habitum
1741 2626 1808 2665 est
1826 2626 2047 2683 tanquam
2063 2633 2193 2681 pror·

1178 2713 1254 2744 sus
1301 2695 1539 2744 sublatum
1579 2734 1593 2757 ‚
1633 2708 1677 2746 et
1714 2698 1919 2747 clausula
1967 2700 2192 2747 sanatoria

1178 2776 1348 2827 omissa
1389 2778 1497 2828 fuit.
1535 2779 1718 2828 Judicet
1767 2781 1912 2829 lector
1945 2781 2002 2828 de
2042 2780 2191 2829 eccle-

1177 2862 1358 2908 siastica
1405 2861 1572 2926 reginae
1623 2859 1897 2911 Elisabethae
1939 2878 2196 2927 regumque

1178 2941 1527 3006 anglicanorum
1572 2953 1824 3008 potestate,
1863 2960 1949 2992 nec
1996 2961 2090 2992 non
2134 2944 2196 2993 de

1178 3019 1356 3072 ludicro
1389 3025 1475 3073 hoc
1506 3026 1740 3085 dramate,
1779 3035 1822 3072 et
1851 3025 2055 3074 conferat
2084 3043 2196 3074 cum

1179 3107 1258 3165 iis,
1278 3122 1380 3171 quae
1402 3107 1537 3155 nobis
1571 3107 1776 3154 obtrudit
1809 3104 1954 3155 Guill.
1983 3104 2190 3156 Palmer.

1179 3186 1307 3236 Nihil
1334 3190 1484 3237 dicam
1500 3189 1556 3236 de
1580 3188 1720 3235 altero
1750 3190 1918 3253 capite,
1944 3206 2036 3254 quo
2060 3187 2195 3238 Ordi-

1178 3272 1423 3319 nationum
1445 3268 1789 3334 anglicanarum
1824 3269 2036 3320 validitas
2064 3269 2198 3319 labo-

1179 3362 1282 3410 rat,
1318 3352 1378 3401 de
1408 3352 1554 3400 forma
1586 3350 1759 3399 scilicet
1791 3351 1999 3400 adhibita
2033 3368 2192 3401 conse·

1180 3435 1416 3483 erationis.
1436 3433 1565 3481 Certe
1577 3432 1791 3498 Episcopi
1805 3435 2054 3482 consecrati
2067 3429 2194 3498 juxta

1171 3517 1368 3571 sormam
1400 3515 1598 3563 Ritualis
1618 3514 1822 3564 Eduardi
1850 3533 1921 3578 vi,
1942 3514 2029 3563 sub
2055 3529 2193 3578 regno

1172 3598 1330 3648 Mariae
1356 3599 1550 3663 depositi
1579 3603 1690 3646 sunt
1711 3597 1772 3646 ob
1799 3596 2067 3645 nullitatem
2082 3609 2193 3641 con-

1158 3667 1161 3669 Δ
1175 3680 1455 3729 sacrationis
1466 3715 1484 3743 ,
1502 3696 1649 3747 eaque
1662 3680 1806 3728 forma
1826 3682 1996 3727 inserta
2024 3678 2074 3725 in
2091 3684 2195 3724 mo-
