2514 4218
261 101 379 162 456
884 121 1078 159 macr.
1130 122 1198 156 »Β
1244 119 1395 158 roms
1440 119 1823 158 rnuommcis.

268 278 487 331 coetum
522 278 754 326 coeant.
800 268 956 325 Dum
998 264 1271 323 oriuntur
1307 283 1570 335 erroreS‚
1612 283 1876 322 summus
1922 262 2218 345 imperans
2255 284 2408 323 com-

266 363 614 424 monefaciat
655 362 1034 435 Pontificem,
1079 359 1219 440 qui„
1258 359 1305 416 si
1350 368 1747 440 opportunam
1774 358 2126 436 judicaverit
2162 358 2402 421 Concilii

268 458 719 519 celebrationem
751 503 766 532 ,
811 455 895 515 nil
932 456 1293 514 intentatum
1334 453 1630 535 relinquet
1668 463 1734 510 ut
1765 454 1955 535 ipsum
1993 465 2190 534 cogat3
2232 465 2408 537 atque

269 554 380 614 hoc
404 553 580 613 modo
618 551 882 612 consulet
907 549 1197 632 spirituali
1232 549 1471 608 ditionis
1514 547 1626 607 sihi
1661 547 1907 608 subditae
1930 547 2108 609 bono.
2145 551 2268 610 Imo
2298 596 2313 625 ,
2359 552 2409 610 si

269 657 418 732 'opus
454 650 561 722 sit,
593 670 744 707 rom.
784 646 1051 706 Pontifici
1094 645 1172 705 ad
1195 643 1618 705 celebrandum
1655 644 1965 703 concilium
2007 645 2408 727 suppeditabit

270 745 417 804 illud
439 745 798 804 territorium
819 788 836 819 ,
865 764 981 823 quo
1005 741 1244 821 destitui
1267 764 1416 801 rom.
1448 741 1756 801 Pontifices
1782 740 2100 801 Febronius
2127 742 2402 803 affirmat.

351 840 491 899 663.
541 839 628 899 Ad
653 839 761 915 3ω,
800 841 976 919 Resp.
1021 849 1333 920 utramque
1362 837 1552 917 legem
1577 836 1837 897 divinam
1866 849 1925 896 et
1966 836 2408 897 ecclesiasticam

268 946 500 1009 extare7
542 956 668 1017 quae
697 935 1182 995 convocationem
1240 933 1604 1015 generalium
1629 933 2020 992 Conciliorum
2063 956 2217 994 rom.
2256 956 2410 1016 pon-

276 1032 414 1091 tifici
438 1043 722 1092 reservet.
756 1032 930 1090 Extat
954 1029 1155 1091 divina
1180 1076 1196 1099 ,
1233 1051 1360 1111 quae
1384 1051 1531 1088 onus
1557 1029 1842 1111 imposuit
1871 1032 2043 1089 Petro
2063 1041 2122 1089 et
2154 1029 2408 1089 officium

266 1127 546 1211 pascendi
598 1150 776 1208 agnos
825 1139 885 1187 et
938 1149 1120 1202 oves7
1169 1138 1346 1208 atque
1406 1126 1793 1186 confirmandi
1843 1126 2052 1186 fratres
2109 1148 2241 1185 suos
2275 1172 2292 1202 7
2344 1148 2410 1186 ac

270 1225 521 1306 proinde
556 1229 675 1303 ju5‚
716 1222 878 1306 quod
894 1245 963 1283 ex
994 1223 1182 1281 officio
1212 1223 1460 1302 exurgit.
1498 1223 1667 1281 Extat
1692 1234 1975 1304 praeterea
2002 1221 2407 1297 ecclesiastica,

268 1320 691 1380 consuetudine
729 1321 959 1378 firmata
987 1365 1002 1393 ἦ
1053 1319 1130 1377 ita
1173 1330 1239 1376 ut
1268 1340 1577 1400 nunquam
1613 1330 1736 1376 rata
1769 1318 2132 1378 haberentur
2168 1317 2411 1378 concilia

263 1415 342 1475 ab
380 1415 490 1475 alio
539 1438 715 1497 quam
777 1437 810 1473 a
847 1437 996 1474 rom.
1034 1415 1314 1473 Pontifice
1338 1425 1655 1474 convocata
1683 1461 1698 1488 a
1744 1415 1789 1472 si
1831 1435 2030 1472 casum
2060 1414 2308 1497 excipias
2336 1413 2408 1474 de

270 1512 546 1595 pontifice
589 1511 769 1570 dubio
799 1557 815 1586 7
859 1521 961 1568 aut
1002 1510 1278 1572 haeretico
1323 1508 1474 1590 (qui
1531 1531 1653 1567 non
1697 1509 1842 1568 alius
1883 1532 2062 1592 quam
2118 1521 2186 1569 ut
2229 1509 2408 1569 homo

273 1608 538 1690 privatus
567 1605 772 1666 haberi
799 1617 993 1687 potest
1019 1607 1135 1684 (1))
1161 1651 1176 1681 ‚
1208 1606 1340 1687 quia
1378 1616 1519 1664 tunc
1547 1605 1711 1664 sedes
1736 1626 1946 1665 vacans
1970 1617 2242 1666 censetur
2267 1634 2286 1682 ,-
2318 1617 2411 1666 at-

272 1724 389 1784 que
423 1713 491 1760 ut
537 1702 658 1761 vim
695 1700 945 1776 habeat,
983 1699 1163 1760 debet
1195 1723 1227 1759 a
1256 1700 1536 1760 Pontifice
1562 1699 1819 1782 legitime
1840 1701 2023 1761 electo
2049 1702 2404 1761 confirmari.

270 1800 410 1857 Ruit
452 1796 735 1880 proinde,
769 1796 930 1878 quod
967 1796 1041 1856 de
1082 1797 1418 1879 principum
1463 1809 1520 1857 et
1556 1796 1939 1857 Ecclesiarum
1982 1805 2268 1857 consensu
2303 1796 2412 1857 ob-

270 1892 457 1952 trudit
485 1892 825 1952 FebroniUS.
878 1894 1002 1951 Hoc
1030 1895 1191 1953 enim
1230 1893 1596 1975 paradoxum
1638 1894 1958 1976 supponit,
2003 1893 2164 1976 quod
2198 1893 2409 1952 falsum

270 2010 396 2050 esse
436 1988 840 2063 ostendimu5‚
895 1989 971 2048 de
1024 1994 1158 2068 jure
1202 1988 1564 2071 principibus
1605 1989 1933 2050 inhaerente
1964 2034 1980 2065 .,
2036 2010 2171 2048 cum
2210 2000 2413 2049 tamen

267 2087 378 2168 ipsi
409 2107 542 2144 cum
568 2085 977 2145 Valentiniano
1012 2085 1183 2145 fateri
1222 2095 1565 2161 teneantur,
1604 2088 1788 2145 laicos
1817 2107 2018 2145 omnes
2048 2107 2105 2145 se
2143 2089 2412 2167 inqerere

269 2202 392 2240 non
418 2182 626 2240 dehere
652 2186 722 2240 in
746 2185 994 2262 neqotiz's
1025 2184 1309 2243 Ecclesiae
1348 2179 1438 2263 (2)
1464 2206 1481 2259 3
1506 2181 1765 2264 alioquin
1802 2180 2064 2264 Apostoli
2100 2203 2161 2241 se
2200 2182 2410 2242 Hiero-

268 2275 553 2357 solymam
585 2289 1003 2338 convocassent
1048 2300 1123 2338 ex
1153 2299 1442 2337 consensu
1469 2278 1589 2356 Caji
1615 2277 1908 2358 Caligulae.

350 2372 489 2430 664.
540 2372 629 2431 Ad
674 2373 782 2448 4¹¹²,
826 2374 974 2455 Ney.
1015 2375 1335 2456 Responsio
1386 2383 1551 2456 patet
1599 2395 1670 2433 ex
1715 2372 1906 2433 dictis,
1969 2375 2092 2433 Hoc
2130 2374 2410 2454 effugium

268 2466 946 2548 pseudo-catholicorum
973 2481 1032 2530 et
1059 2471 1526 2552 protestantium
1558 2469 1782 2548 jamdiu
1810 2469 2131 2548 obsolevit3
2158 2492 2292 2533 cum
2311 2475 2407 2549 jus

269 2573 327 2621 et
360 2562 508 2622 facta
546 2564 660 2645 ipsi
690 2565 1102 2625 contradicant
1128 2565 1240 2646 (3).

337 2799 402 2860 (l)
440 2799 528 2848 Hic
548 2800 737 2867 quidem
762 2811 830 2850 est
843 2818 974 2850 casus
995 2838 1008 2862 ,
1029 2804 1110 2867 qui
1133 2804 1183 2850 in
1209 2802 1292 2850 ab·
1385 2804 1791 2870 πολυπρωγμοιεῒν.
1829 2804 1970 2853 Mihi
2005 2807 2198 2870 quidem
2226 2808 2284 2855 in
2315 2806 2406 2855 lai-

270 2888 434 2929 stracto
464 2885 615 2947 potius
656 2901 799 2949 quam
836 2886 886 2931 in
927 2894 1140 2932 concreto
1178 2886 1292 2934 solet
1375 2903 1542 2934 corum
1574 2886 1744 2934 ordine
1782 2890 2034 2937 constituto
2066 2889 2148 2954 fas
2182 2905 2278 2937 non
2312 2898 2404 2947 est,

271 2962 442 3012 afferri.
480 2965 576 3014 Nec
621 2969 746 3015 enim
786 2967 873 3016 Dei
910 2967 1286 3033 providentiam,
1378 2968 1661 3036 hujusmodi
1680 2973 1870 3035 περσεία
1897 2973 2143 3020 curiosius
2170 2973 2400 3021 scrutari.

271 3060 373 3110 quae
408 3047 521 3094 adeo
556 3049 708 3112 vigilat
730 3067 867 3115 super
898 3049 1021 3099 hanc
1048 3068 1169 3099 rom.
1204 3050 1289 3099 Se·
1372 3050 1440 3099 Ex
1466 3053 1579 3100 edit.
1614 3051 1805 3102 Valesii.

268 3125 406 3186 dem,
428 3130 658 3192 ejusmodi
676 3133 946 3181 scandalum
964 3136 1289 3198 permissuram
1445 3134 1512 3196 (3)
1551 3135 1711 3185 Solent
1749 3138 1822 3184 isti
1865 3136 2110 3201 confugere
2149 3139 2207 3185 ad
2244 3138 2401 3187 locum

267 3208 524 3270 putandum
546 3223 628 3259 est.
644 3212 765 3262 Sane
792 3233 1036 3281 nunquam
1072 3217 1292 3265 hactenus
1377 3234 1677 3267 communem
1720 3218 2270 3283 pseudo-isidorianarum
2318 3220 2402 3268 de-

268 3305 396 3336 casus
436 3292 519 3339 iste
554 3293 707 3341 locum
743 3296 941 3358 habuit,
978 3301 1123 3362 spatio
1170 3299 1292 3346 scili·
1376 3302 1650 3366 cretaliumg,
1692 3319 1850 3350 verum
1891 3320 2020 3351 nunc
2052 3306 2270 3369 temporis
2306 3303 2395 3352 hac

270 3380 342 3419 eet
371 3388 485 3419 xvm
514 3374 788 3424 seculorum.
1375 3395 1472 3434 arte
1516 3387 1694 3434 nemini
1740 3384 1940 3449 amplius
1974 3387 2256 3451 imponunt,
2292 3397 2394 3451 post

336 3455 398 3517 (2)
436 3455 507 3502 En
555 3459 651 3520 ipsa
690 3457 983 3523 Imperatoris
1024 3464 1195 3523 verba,
1232 3483 1286 3512 ex
1372 3473 1444 3515 tot
1497 3467 1832 3515 catholicorum
1886 3469 2090 3517 virorum
2139 3468 2390 3518 exantlatos

265 3532 518 3585 Sozomeno
538 3576 550 3596 ‚
583 3538 667 3589 lib.
703 3558 779 3604 vx,
806 3560 909 3607 cap.
947 3561 973 3610 7
1008 3563 1021 3594 :
1053 3544 1179 3609 Ἐμοὶ
1204 3545 1286 3610 μὲν
1371 3548 1550 3597 labores
1581 3552 1628 3596 in
1657 3549 1758 3598 illas
1787 3548 2082 3600 Isidorianas.

268 3615 388 3666 ιιιτοῖ
411 3626 523 3669 λαοῦ
537 3623 827 3688 τεταγμένῳ,
855 3627 899 3674 ου’
922 3628 1067 3680 θέαις
1099 3635 1284 3679 τοιαῦτα
