2514 4218
295 129 414 190 304
831 163 834 166 »
914 145 1111 183 τιιΑοΤ.
1157 145 1226 181 mi
1269 145 1420 183 iocis
1465 146 1842 187 rnnoiooicis.

294 294 441 353 dixit
475 313 489 348 :
531 291 912 370 Quicumque
955 309 1077 346 non
1119 288 1407 364 receperit
1446 306 1574 355 vos,
1609 309 1791 367 neque
1833 292 2107 350 audierit
2140 314 2436 356 sermones

286 400 508 450 vestros
528 434 544 464 ‚
578 399 689 447 etc.
725 384 976 468 (Matth.
1019 385 1072 441 X
1093 428 1108 457 ,
1145 381 1220 440 14
1251 381 1296 460 ).
1325 381 1456 461 Egyo
1480 384 1701 462 royaho
1739 386 1984 446 Patrem
2010 401 2061 447 et
2088 391 2286 448 alium
2313 393 2436 450 Pa-

290 488 584 545 raclitum
614 485 787 542 dabit
813 481 976 539 vohis
992 522 1014 551 ,
1054 489 1124 536 ut
1157 489 1407 536 maneat
1446 479 1747 537 vobiscum
1773 483 1840 538 in
1874 494 2167 544 oeternum
2187 531 2202 560 7
2228 487 2438 564 Spiri-

292 594 421 642 tnm
468 584 738 641 veritatis
778 578 799 656 (
829 578 1006 635 Joan.
1046 576 1177 634 XIV
1199 620 1214 649 7
1262 576 1335 633 16
1366 577 1388 655 )
1418 597 1433 648 3
1483 586 1545 633 et
1582 586 1713 655 post
1749 582 2236 640 resurrectionem
2271 605 2438 642 suam

291 678 566 738 omnibus
604 672 811 733 eadem
842 672 1069 731 ratione
1093 670 1240 730 dixit
1268 694 1281 729 :
1326 673 1500 730 Sicut
1525 675 1695 741 misit
1715 693 1807 730 me
1833 673 2044 748 Pater-5
2078 688 2132 734 et
2149 699 2244 755 eqo
2268 682 2438 737 mitto

290 798 389 836 vos
529 774 784 850 accipite
811 770 1120 849 Spiritum
1150 770 1210 828 S.
1245 767 1457 848 (Joan.
1499 769 1635 841 XX,
1667 767 1742 825 21
1779 813 1796 842 ·,
1834 768 1950 843 22,
1975 770 2030 849 );
2074 781 2204 830 tum
2229 794 2243 829 ε
2271 776 2439 834 Data

291 882 375 931 est
423 869 583 927 milti
629 868 825 926 omnis
862 875 1121 946 potestas
1169 869 1239 922 in
1278 867 1415 923 coelo
1453 875 1506 922 et
1547 872 1618 922 in
1652 875 1854 938 terra3
1907 876 2111 925 euntes
2159 889 2294 947 eryo
2328 881 2434 930 etc.

291 964 861 1049 (Mattl1..XXV111⁸
906 963 1040 1042 19).
1082 963 1269 1021 Nemo
1296 981 1472 1043 porro
1497 963 1835 1041 negaverit,
1870 963 2154 1040 ejusmodi
2176 975 2438 1046 potesta·-

290 1077 414 1124 tem
446 1061 734 1146 Apostolis
749 1060 971 1142 absque
998 1058 1115 1118 ullo
1132 1058 1472 1119 discrimine
1494 1082 1524 1119 a
1552 1059 1780 1117 Christo
1805 1059 2078 1118 collatam
2093 1082 2215 1121 esse
2232 1085 2439 1142 supre-

290 1181 495 1230 mam‚·
533 1181 670 1239 ergo
721 1179 843 1216 non
888 1156 1084 1238 potuit
1123 1158 1328 1215 Petrus
1375 1156 1580 1214 ceteris
1616 1155 1968 1216 antecellere
2003 1168 2295 1238 potestate
2337 1171 2438 1218 aut

291 1258 580 1339 dignitate
627 1256 805 1335 officii
813 1298 835 1327 ‚
890 1253 995 1313 sed
1040 1252 1232 1311 solum
1267 1254 1694 1331 personalibus
1731 1252 2113 1335 respectibus,
2161 1254 2227 1312 40
2277 1257 2439 1328 Qua-

291 1367 538 1439 propter
576 1353 956 1426 invenim11S‚
1001 1353 1244 1410 Petrum
1294 1361 1515 1410 ceteros
1566 1350 1807 1431 quidem
1854 1350 1977 1411 zelo
2023 1363 2087 1411 et
2134 1355 2440 1413 activitate

290 1471 593 1534 superasse
617 1475 633 1522 ς
668 1459 757 1507 ast
778 1446 1011 1506 nullum
1039 1447 1367 1530 reperimus
1393 1447 1733 1529 exemplum
1756 1449 2118 1507 auctoritatis
2144 1448 2216 1507 ab
2243 1470 2311 1509 eo
2338 1472 2441 1509 su-

290 1570 398 1630 pra
425 1547 555 1606 illos
600 1545 887 1605 exercitae.
934 1544 1000 1602 50
1032 1546 1183 1602 Sane
1220 1554 1422 1625 aperte
1462 1544 1758 1626 Scriptura
1795 1543 2002 1621 docet,
2040 1548 2232 1604 Deum
2268 1567 2442 1628 quos-

290 1643 431 1704 dam
460 1643 718 1726 posuisse
764 1642 828 1699 in
876 1639 1123 1699 Ecclesia
1180 1646 1470 1719 primum
1502 1642 1844 1718 Apostol03,
1890 1643 2145 1700 secundo
2180 1643 2434 1722 proplie-

288 1753 422 1813 tas,
462 1752 573 1799 etc.
629 1740 692 1817 (Ι
738 1738 869 1796 Cor.
924 1737 1065 1812 XII,
1110 1736 1254 1817 28).
1312 1736 1632 1795 Duodecim
1684 1738 1859 1817 igitur
1901 1737 2157 1818 Apostoli
2199 1739 2440 1797 fuerunt

282 1841 490 1917 primi
521 1835 584 1894 in
622 1833 906 1909 Ecclesia,
946 1855 1068 1892 non
1098 1843 1299 1892 autem
1337 1832 1493 1891 solus
1530 1835 1758 1891 Petrus,
1799 1831 1866 1890 6ο
1903 1834 2036 1891 Haec
2069 1832 2277 1892 eadem
2307 1854 2442 1891 con-

290 1935 468 1995 clusio
507 1931 825 1992 traditione
869 1929 1125 1989 fulcitur.
1173 1928 1570 1987 Tertullianus
1617 1927 1909 2010 siquidem
1955 1928 2157 1988 scribit
2209 1952 2222 1986 :
2275 1931 2441 2008 Apo-

289 2033 462 2092 stolos
491 2031 779 2089 hahemus
817 2038 1086 2086 auctores
1116 2025 1223 2106 (l).
1258 2026 1583 2106 Cyprianus
1622 2047 1636 2082 :
1684 2026 1978 2104 Quamvis
2018 2026 2289 2103 Apostoli
2326 2046 2443 2083 om-

291 2128 478 2187 nihus
512 2135 653 2206 post
698 2125 1194 2183 resurrectionem
1244 2143 1422 2180 suam
1465 2143 1684 2199 parem
1714 2132 2064 2200 potestatem
2115 2122 2351 2179 tribuat
2389 2132 2446 2180 et

291 2226 461 2284 dicat
494 2249 512 2282 .·
562 2223 834 2301 Accipite
880 2222 1187 2300 Spiritum
1230 2220 1340 2277 S...
1394 2229 1592 2276 tamen
1631 2227 1702 2276 ut
1739 2221 2038 2276 unitatem
2089 2221 2442 2296 manifesta-

291 2332 422 2393 ret,
471 2321 731 2378 unitatis
775 2319 1042 2396 ejusdem
1089 2318 1388 2395 originem
1439 2317 1519 2373 ab
1566 2336 1692 2373 uno
1742 2318 2132 2395 incipientem
2169 2334 2282 2373 sua
2322 2336 2442 2373 au-

290 2421 561 2477 ctoritate
589 2415 907 2495 disposuit.
932 2414 1064 2473 Hoc
1092 2423 1270 2471 erant
1296 2415 1504 2491 utique
1534 2412 1803 2491 Apostoli
1820 2457 1835 2486 a
1867 2412 2028 2491 quod
2041 2414 2172 2491 fuit
2185 2412 2438 2484 Petrae,

280 2522 440 2596 pari
476 2517 764 2571 consortio
784 2512 1046 2590 proediti
1076 2521 1128 2567 et
1154 2510 1398 2568 lionoris
1434 2518 1492 2567 et
1513 2511 1857 2588 potestati83
1881 2509 1986 2566 sed
2018 2508 2335 2565 exordium
2358 2507 2440 2565 ab

292 2616 528 2672 unitate
563 2610 1006 2690 proficiscitur,
1043 2617 1114 2665 ut
1150 2607 1426 2667 Ecclesia
1467 2627 1599 2664 una
1639 2614 2009 2663 monstretur
2048 2604 2158 2683 (2).
2197 2602 2442 2662 Ambro-

293 2711 409 2770 sius
445 2730 458 2766 ε
502 2707 629 2767 Hic
680 2711 930 2778 Petrus,
981 2704 1097 2760 ubi
1139 2703 1384 2760 audivit
1425 2726 1440 2759 .·
1480 2722 1573 2759 vos
1613 2710 1817 2758 autem
1859 2700 2014 2779 quid
2050 2720 2142 2757 me
2185 2697 2441 2757 dicitis?

292 2810 499 2866 statim
538 2806 653 2863 loci
689 2824 812 2861 non
843 2804 1165 2859 immemor
1204 2800 1306 2856 sui
1328 2800 1681 2877 primatum
1718 2800 1840 2876 egyit
1866 2818 1885 2854 .·
1912 2800 2262 2876 primatum
2297 2816 2441 2854 con-

287 2907 570 2981 fessionis
593 2904 800 2980 utique
817 2944 832 2973 ,
868 2918 988 2956 non
1015 2896 1256 2967 honoris
1269 2912 1291 2961 ,·
1312 2898 1662 2972 primatum
1679 2893 1857 2972 fidei,
1891 2914 2012 2951 non
2038 2892 2277 2952 ordinis
2307 2889 2435 2970 (3);

295 3010 356 3059 et
396 3000 612 3059 iterum
656 3020 669 3056 :
717 2998 989 3075 Denique
1019 2993 1177 3050 audi
1215 2991 1507 3049 dicentem
1545 3017 1562 3049 .·
1605 2992 1722 3049 tihi
1763 2990 1920 3049 dabo
1963 2991 2229 3047 claves...
2280 2987 2445 3066 quod

295 3096 476 3155 Petro
510 3097 778 3165 dicitur,
809 3094 1016 3151 ceteris
1043 3089 1341 3166 Apostolis
1365 3089 1601 3146 dictiur
1625 3085 1740 3166 (4).
1773 3086 2167 3164 Hieronymus
2197 3106 2210 3141 2
2241 3085 2437 3144 Joan-

295 3213 394 3251 nes
426 3202 481 3248 et
506 3192 774 3250 Jacobns
795 3235 810 3264 .,
838 3187 1147 3268 quidplus
1176 3189 1383 3244 ceteris
1408 3188 1749 3263 petierunt,
1773 3202 1896 3239 non
1924 3184 2437 3259 impetraverunt;

293 3300 350 3348 et
379 3299 572 3347 tamen
599 3309 720 3346 non
751 3297 834 3346 est
858 3286 1127 3365 diqnitas
1159 3302 1368 3342 eoram
1392 3284 1729 3340 imminuta
1754 3323 1772 3347 ,
1803 3281 1955 3357 qnia
1989 3279 2242 3356 reliquis
2265 3277 2434 3354 Apo-

369 3526 433 3591 (1)
478 3523 553 3571 De
581 3522 753 3572 Izaeres.
1483 3514 1548 3581 (3)
1584 3512 1689 3561 Lib.
1707 3510 1787 3560 De
1801 3510 2009 3562 Incarn.
2027 3508 2181 3579 cap.4
2199 3549 2212 3574 ‚
2233 3520 2345 3560 tom.
2372 3525 2431 3570 n,

366 3611 439 3675 (2)
473 3607 545 3658 De
572 3609 705 3656 unit.
733 3603 913 3657 EccleS.
950 3621 1055 3674 pag.
1088 3599 1179 3672 195
1209 3603 1317 3652 edit.
1405 3618 1512 3668 pag.
1554 3613 1669 3664 710.

297 3695 473 3748 Bened.
500 3693 647 3744 Paris,
681 3687 828 3757 1726.
1485 3681 1554 3748 (4)
1592 3681 1651 3733 In
1683 3679 1759 3731 Ps.
1801 3696 1993 3731 xxxviii.
