2514 4218
204 137 322 197 508

806 158 1004 196 TnAc'r.
1054 157 1123 193 DE
1167 154 1319 193 LOCIS
1365 151 1748 191 THEOLOGIGIS.

1010 298 1422 354 PROPOSITIO
1461 299 1531 351 ΙΙ.

202 425 379 485 Rom.
419 420 708 500 Pontifcoe
738 440 809 478 cm
840 419 1126 478 cathedra
1169 417 1459 495 definiens
1493 422 1564 476 in
1602 419 1782 478 rebus
1803 420 1982 498 fi'i'dei
2017 434 2074 483 ct
2102 445 2345 485 morum

212 551 213 554 ¹
283 518 641 597 vnfallc'hilis
689 526 805 584 est,
856 536 1095 594 ejusque
1135 515 1375 573 decreta
1411 557 1434 585 ,
1506 516 1690 572 etiam
1742 526 2072 595 antequam
2106 521 2354 580 accedat

282 615 565 675 Ecclesiae
622 633 937 671 consensus
965 654 987 682 ,
1042 621 1191 669 sunt
1247 632 1511 689 prorsus
1573 613 2108 690 irreformabilia·
2088 661 2104 683 ,
2154 626 2350 715 prcut

290 714 474 771 etiam
511 711 813 768 evincitur
852 729 923 767 eoe
969 728 1150 766 sensu
1189 707 1587 765 tradi‘tzonalc‘.
1631 754 1634 756 v

285 849 321 908 7
328 846 426 906 47.
473 848 687 906 Sensus
737 844 1001 904 Ecclesiae
1047 843 1437 904 traditionalis
1486 843 1559 903 de
1594 865 1746 903 rom.
1798 845 2092 905 Pontificis
2134 845 2350 905 infalli-

201 942 431 1003 bilitate
476 939 646 1000 nobis
687 941 936 1022 patescit
977 962 1090 1022 qua
1135 939 1303 998 dictis
1347 961 1463 1021 qua
1512 940 1696 1000 factiS.
1742 942 1997 1000 Rursum
2043 942 2197 1002 dicta
2246 963 2349 1003 seu

204 1039 513 1099 sententiae
549 1047 798 1118 possunt
823 1035 1095 1095 bifariam
1124 1034 1435 1110 distribui,
1474 1057 1689 1118 nempe
1711 1037 1774 1095 in
1803 1059 1898 1096 eas
1925 1060 2056 1120 quae
2086 1038 2345 1098 adducta

202 1135 641 1216 Scripturarum
680 1131 911 1192 oracula
946 1142 1256 1214 exponunt
1278 1131 1352 1192 de
1382 1153 1532 1192 rom.
1568 1133 1864 1193 Pontificis
1891 1133 2346 1207 infallibilitate,

202 1242 263 1291 et
307 1231 370 1289 in
417 1251 512 1289 eas
561 1228 774 1311 quibus
817 1229 1143 1308 generatim
1184 1227 1308 1288 haec
1349 1228 1558 1288 eadem
1601 1228 1869 1289 doctrina
1914 1231 2202 1290 firmatur.
2258 1231 2352 1290 Sic

200 1326 350 1386 facta
392 1327 613 1407 pariter
634 1371 650 1399 ,
675 1346 806 1408 quae
846 1324 961 1384 huc
986 1335 1293 1405 spectant,
1326 1324 1574 1406 duplicis
1603 1336 1742 1383 sunt
1775 1326 2003 1405 generis
2039 1349 2052 1384 :
2086 1326 2196 1405 alia
2221 1348 2351 1409 quae

202 1445 275 1483 ex
304 1414 602 1482 catholicis
622 1466 638 1486 ,
674 1419 786 1480 alia
824 1441 954 1502 quae
984 1441 1055 1479 ex
1087 1420 1376 1480 haereticis
1407 1419 1822 1480 desumuntur.
1853 1423 1942 1480 Ne
1971 1433 2174 1482 tamen
2207 1445 2353 1505 pro-

201 1517 436 1577 lixiores
476 1518 657 1575 simus
690 1517 752 1574 in
780 1516 848 1575 iis
879 1515 1191 1576 afferendis
1211 1561 1227 1590 ,
1263 1516 1489 1598 potiora
1523 1537 1597 1576 ex
1631 1517 1872 1597 singulis
1905 1517 2182 1578 classibus
2221 1519 2353 1579 seli·

203 1636 406 1695 gemus
426 1640 443 1687 3
461 1613 685 1695 reliqua
704 1634 844 1674 vero
868 1612 1128 1671 indicare
1155 1613 1420 1671 contenti
1441 1613 1660 1672 erimus
1682 1635 1800 1672 una
1826 1634 1960 1673 cum
1986 1615 2349 1691 auctoribuS,

203 1709 363 1793 apud
386 1731 531 1790 quos
562 1707 803 1768 collecta
839 1720 898 1768 et
938 1727 1194 1790 expensa
1226 1708 1470 1791 reperiri
1502 1721 1772 1792 possunt.

284 1805 430 1865 748.
452 1806 643 1887 Atque
663 1816 731 1864 ut
758 1827 791 1864 a
820 1804 1198 1880 biblicorum,
1223 1827 1356 1887 quae
1377 1807 2352 1884 memoravimus,testimoniorum

204 1903 568 1985 expositione
602 1902 1015 1977 exordiamur,
1058 1903 1252 1985 primo
1297 1914 1614 1962 occurrunt
1653 1905 1896 1962 Patrum
1937 1904 2246 1964 sententiae
2287 1904 2351 1961 in

203 1998 354 2059 illud
396 2001 529 2058 Luc.
560 2000 719 2058 XXII
752 2020 767 2058 :
807 2001 1047 2079 Roqavi
1063 2020 1182 2079 pro
1211 2009 1294 2069 tc,
1331 2010 1443 2058 etc.
1479 2000 1683 2081 Itaque
1712 2012 1880 2060 vetus
1911 2012 2114 2059 auctor
2145 2001 2353 2081 Θειωδ-

203 2099 443 2155 tionum
484 2117 557 2154 eat
602 2098 678 2154 N.
739 2095 832 2169 T.,
879 2094 1069 2153 allatis
1107 2094 1324 2161 Christi
1351 2094 1584 2169 verbiS,
1608 2095 1687 2153 ita
1708 2096 2084 2177 prosequitur
2119 2118 2133 2155 ε
2187 2095 2358 2176 Quid

204 2190 599 2273 amhiyicnr?
636 2192 763 2250 Pro
798 2195 975 2250 Petro
1016 2192 1297 2271 roqahat,
1335 2202 1393 2251 ct
1415 2212 1535 2271 pro
1580 2193 1805 2252 Jacoho
1847 2203 1903 2251 ct
1939 2193 2181 2252 Joanne
2225 2211 2349 2250 non

205 2290 493 2368 royahat,
538 2298 611 2346 ut
645 2298 857 2346 ceteros
895 2286 1172 2347 taccam?
1226 2288 1623 2366 Manifestum
1658 2299 1778 2362 esc,
1827 2293 1898 2346 in
1924 2289 2102 2347 Petro
2149 2308 2352 2347 omncs

205 2389 511 2444 contineri
532 2409 552 2452 ;
575 2405 797 2464 rogans
833 2386 998 2443 enim
1018 2405 1139 2464 pro
1164 2385 1377 2459 Petr0,
1397 2405 1517 2464 pro
1540 2387 1827 2445 omnihus
1856 2407 2092 2465 roqassc
2119 2386 2352 2465 dignos·

206 2485 388 2540 citur.
436 2483 686 2560 Semper
715 2484 882 2540 enim
926 2486 997 2540 in
1032 2485 1362 2560 praeposito
1389 2483 1661 2560 populus
1706 2493 1820 2540 aut
1857 2485 2202 2560 corripitur
2241 2491 2354 2540 aut

208 2578 507 2635 landatur
541 2575 661 2658 (l);
693 2577 755 2635 id
791 2589 903 2644 est,
946 2577 1092 2636 dum
1128 2598 1236 2659 pro
1272 2576 1448 2636 solius
1475 2578 1632 2637 Petri
1666 2576 1783 2637 fide
1812 2577 2154 2638 immediate
2185 2598 2350 2658 roga-

207 2744 302 2777 esse
329 2729 387 2778 de
418 2731 613 2795 propriis
638 2729 925 2778 novitatibus
948 2746 1007 2778 ex
1032 2727 1231 2777 damna-

209 2815 334 2862 tione
376 2832 401 2862 a
447 2832 562 2862 rom.
614 2813 924 2863 Pontificibus
968 2814 1092 2863 edita
1119 2851 1133 2873 ,
1181 2824 1233 2862 ut

209 2912 367 2945 earum
413 2899 505 2945 vim
535 2897 747 2956 elidant,
794 2897 921 2946 illico
954 2900 1229 2963 excipiunt,

208 2994 330 3025 rom.
362 2977 609 3028 Pontifices
658 2978 786 3030 haud
830 2979 1101 3028 infallibiles
1136 2997 1234 3028 esse

208 3060 261 3106 in
290 3061 384 3107 suis
414 3061 632 3127 decretis,
652 3065 783 3127 juxta
810 3062 1089 3127 gallicanam
1118 3062 1231 3110 doc-

210 3143 414 3200 trinam,
444 3146 531 3191 nisi
570 3145 761 3193 accedat
786 3144 1002 3192 Ecclesiae
1030 3162 1231 3194 consen-

210 3242 287 3272 sus
323 3241 337 3286 ;
370 3235 414 3273 et
439 3227 621 3274 interim
651 3228 709 3276 de
733 3211 942 3295 abysso
929 3245 980 3275 ln
1006 3228 1230 3295 abyssum

209 3318 469 3371 proruunt,
494 3308 808 3359 obtendentes
826 3310 915 3358 hac
939 3312 1114 3359 ratione
1143 3313 1231 3359 im-

211 3393 507 3438 munitatem.
525 3388 778 3455 Nunquam
799 3394 964 3440 sinceri
994 3391 1227 3451 catholici,

213 3483 258 3523 et
277 3475 358 3539 qui
370 3472 491 3520 bona
504 3471 596 3520 fide
613 3488 662 3520 se
679 3485 860 3536 gerunt,
878 3475 1230 3523 definitionibus

210 3555 463 3604 Pontificiis
489 3554 749 3617 obsistunt3
787 3559 919 3621 cujus
951 3559 1017 3605 rei
1047 3558 1230 3621 praecla-

214 3654 318 3685 rum
341 3636 603 3702 exemplum
632 3636 830 3702 praebuit
860 3640 1088 3688 universis
1114 3637 1228 3688 Gal-

211 3720 284 3768 liis
304 3722 477 3787 totique
500 3719 605 3770 orbi
633 3721 863 3771 catholico
887 3720 1228 3772 illustrissimus

1315 2728 1660 2777 Cameracensis
1693 2728 2003 2794 archipraesul
2034 2729 2347 2790 Fenelonius,

1316 2826 1563 2873 nunquam
1596 2813 1704 2860 satis
1746 2812 2182 2873 commendandus,
2234 2812 2348 2860 dum

1315 2894 1557 2942 humiliter
1588 2895 1705 2943 adeo
1748 2912 1795 2943 se
1829 2896 2027 2962 subjecit
2054 2893 2347 2944 damnationi

1316 2976 1415 3026 latae
1437 2996 1461 3026 a
1482 2977 1534 3027 S.
1552 2974 1670 3027 Sede
1688 2979 1840 3043 operis
1862 2981 1935 3027 sui
1955 2979 2166 3042 inscripti
2180 2972 2350 3024 Maxi-

1313 3076 1413 3108 mcs
1443 3059 1528 3107 des
1561 3057 1758 3111 saints.

1381 3146 1448 3210 (1)
1487 3145 1545 3194 In
1575 3147 1796 3211 Append.
1821 3145 1881 3193 ad
1898 3153 2017 3208 part.
2050 3160 2065 3191 ι
2086 3180 2099 3203 ,
2126 3154 2239 3190 tom.
2261 3159 2315 3191 m
2333 3180 2347 3203 ,
2423 3207 2428 3211 „

1315 3246 1426 3294 opp.
1468 3227 1519 3277 S.
1566 3229 1846 3294 Augustini,
1890 3226 1984 3274 col.
2023 3227 2085 3292 73
2127 3235 2172 3274 et
2212 3242 2346 3292 seqq,

1314 3311 1427 3360 Jure
1476 3311 1670 3377 proinde
1724 3310 1969 3358 Bossuetus
1996 3346 2009 3370 ,
2065 3309 2120 3357 in
2170 3305 2342 3357 Medic.

1314 3396 1395 3443 cit.
1439 3410 1528 3441 mxx
1562 3394 1687 3457 jour
1708 3430 1723 3454 ‚
1756 3408 1990 3456 exponens
2018 3390 2194 3440 Christi
2235 3405 2342 3440 ver-

1313 3476 1374 3525 ba
1407 3493 1421 3524 =
1452 3474 1560 3540 qu
1594 3482 1756 3522 autem
1789 3477 1957 3539 roqavi
1986 3492 2079 3541 pro
2114 3484 2158 3523 te
2175 3510 2194 3536 ,
2233 3491 2342 3539 pro-

1311 3561 1516 3625 sequitur
1549 3575 1564 3606 :
1595 3557 1797 3617 Pierre,
1819 3557 1922 3622 j’ai
1942 3559 2051 3624 prie
2076 3574 2208 3623 pour
2239 3556 2309 3606 toi
2330 3593 2343 3616 ,

1303 3657 1435 3707 pour
1460 3642 1527 3688 toi
1551 3656 1613 3687 en
1630 3639 1928 3706 particulier
1944 3678 1959 3701 ,
1986 3657 2116 3706 pour
2137 3640 2207 3688 toi
2228 3653 2342 3687 avec

1310 3722 1595 3772 distinction
1623 3741 1641 3773 .·
1669 3738 1766 3772 non
1800 3721 1922 3788 qu'il
1955 3724 2028 3771 ait
2061 3720 2249 3788 anliqe
2279 3719 2345 3768 les
