2514 4218
468 255 625 291 um.
669 254 710 291 1.
757 252 876 292 cxi».
922 254 987 289 11.
1026 253 1095 291 na
1137 250 1350 292 efflusi-1
1394 251 1542 291 1³ch.
1588 251 1835 291 cons-nr.
2130 233 2207 291 29

113 408 178 455 ut
202 396 275 455 ad
293 393 559 453 intimam
581 403 754 473 atque
783 392 1147 452 essentialem
1177 389 1433 471 ejusdem
1450 390 1710 451 Ecclesiae
1732 391 2207 453 constitutionem

112 512 220 552 nec
256 510 377 547 non
410 486 485 546 ad
514 487 691 568 ipsius
729 486 978 545 formam
1005 488 1128 565 (l),
1169 497 1233 544 ut
1276 497 1522 561 vocant,
1561 485 1905 545 exteriorem
1942 499 2207 547 accurato

114 584 376 645 examine
399 581 847 662 expendendam
884 579 1240 640 accedamus,
1283 581 1500 640 Passim
1537 580 1845 639 Ecclesiam
1873 583 2208 643 societatem

111 677 573 759 nuncupavimus
602 698 632 735 a
666 675 1261 735 Christoinstitutam.
1295 677 1430 734 Haec
1453 697 1628 756 porro
1645 675 1928 734 societatis
1953 675 2115 735 notio
2146 678 2207 735 in

110 774 278 834 nobis
306 775 516 833 excitat
542 772 732 837 ideam
763 770 1014 852 corporis
1046 770 1310 843 moralis,
1350 792 1450 838 seu
1483 771 1715 831 moralis
1741 793 2037 853 personae,
2074 795 2200 854 quae

112 870 186 929 ad
208 871 392 928 instar
416 869 670 928 hominis
698 889 798 927 seu
830 863 1114 924 individui
1151 864 1394 922 humani
1423 866 1674 924 viventis
1698 878 1828 946 agat
1859 879 2034 949 atque
2060 889 2204 950 ope·-

110 977 292 1025 retur.
346 964 405 1021 Si
441 963 514 1022 de
564 961 819 1044 qualibet
861 958 1115 1017 bumana
1162 960 1431 1019 societate
1479 959 1793 1021 haberetur
1829 983 2054 1038 sei-mu,
2111 964 2205 1023 hic

110 1058 432 1119 sistendum
461 1058 657 1130 foret.
683 1075 814 1115 cum
836 1054 961 1113 liaec
981 1054 1111 1113 idea
1139 1055 1276 1113 satis
1299 1054 1582 1114 'foecunda
1608 1056 1713 1129 sit,
1747 1078 1969 1138 nosque
2001 1069 2205 1140 suapte

109 1165 314 1213 natura
341 1152 522 1212 ducah
532 1151 605 1213 ad
627 1147 1050 1228 agnoscendam
1073 1150 1329 1207 animam
1359 1170 1460 1208 seu
1484 1150 1838 1231 principium
1860 1151 2036 1212 vitale
2059 1158 2206 1232 ejus-

110 1247 256 1317 dem,
276 1247 553 1308 societatis
579 1254 680 1302 aut
704 1243 939 1303 moralis
971 1265 1236 1326 personae
1253 1289 1270 1321 ‚
1307 1266 1415 1326 per
1452 1244 1607 1326 quod
1634 1266 1763 1304 suas
1789 1258 1986 1305 exerat
2015 1248 2165 1308 vires
2184 1294 2201 1325 ‚

109 1364 174 1401 ac
219 1351 448 1404 moveat
488 1338 733 1414 molem,
794 1343 952 1417 cujus
992 1338 1170 1399 vitale
1215 1339 1567 1420 principium
1613 1350 1723 1399 est.
1773 1342 1889 1399 Nos
1923 1351 2206 1423 praeterea

109 1438 286 1496 trahit
316 1436 436 1494 haec
471 1434 595 1514 ipsa
626 1433 752 1493 idea
779 1434 865 1493 'ad
899 1433 1324 1494 admittendam
1373 1435 1625 1493 formam
1672 1436 2052 1509 exteriorem,
2101 1458 2205 1496 seu

108 1551 310 1612 corpus
337 1574 354 1602 ‚
398 1528 556 1610 quod
589 1530 778 1611 capite
820 1550 894 1592 ,ac
953 1528 1231 1588 membris
1266 1540 1429 1610 -apte
1484 1530 1641 1587 inter
1694 1550 1754 1588 se
1800 1529 2090 1613 dispositis
2143 1542 2204 1592 et

105 1635 258 1684 arcto
291 1645 445 1684 nexu
475 1625 808 1683 consociatis
854 1636 1080 1683 constat
1103 1670 1119 1697 ‚
1158 1646 1407 1706 quorum
1445 1623 1674 1686 diversa
1717 1626 1920 1684 munia
1972 1627 2091 1685 sint
2139 1647 2205 1686 ac

105 1720 316 1793 officia3
357 1732 485 1780 tum
512 1721 765 1802 denique
799 1742 904 1779 nos
941 1719 1164 1779 inducit
1203 1720 1277 1779 ad
1299 1720 1569 1779 intimam
1603 1742 1668 1779 ac
1709 1732 1973 1780 mutuam
1995 1721 2205 1782 animae

103 1827 162 1876 et
212 1817 464 1897 corporis
533 1814 1044 1875 internoscendam
1090 1816 1677 1894 communicationem
1739 1817 1861 1877 sive
1914 1838 2207 1878 commer-

104 1911 275 1970 cium.
319 1912 508 1992 Atque
546 1910 667 1970 haec
705 1911 946 1993 quidem
979 1912 1175 1970 omnia
1208 1913 1271 1970 in
1307 1911 1576 1971 societate
1608 1933 1641 1970 a
1673 1910 1902 1971 Christo
1939 1912 2205 1973 instituta

102 2007 423 2066 necessario
459 2005 691 2067 admitti
730 2005 978 2081 debent,
1027 2028 1159 2066 cum
1196 2007 1322 2066 sine
1363 2007 1430 2065 iis
1453 2051 1469 2080 Ἴ
1513 2005 2004 2088 quemadmodum
2044 2008 2204 2067 nulla

106 2101 307 2164 vivens
345 2123 594 2183 persona
623 2101 927 2162 individua
949 2146 965 2176 ‚
995 2102 1075 2160 sic
1103 2123 1211 2161 nec
1233 2101 1352 2160 ulla
1380 2123 1627 2184 persona
1656 2100 1890 2160 moralis
1937 2123 2037 2162 seu
2066 2124 2205 2184 pro-

108 2197 231 2276 prie
258 2196 406 2256 dicta
427 2196 663 2256 societas
696 2198 770 2256 sit
793 2208 894 2256 aut
915 2197 1161 2276 intelligi
1190 2197 1390 2279 possit.
1931 2278 1934 2280 Ι

191 2288 288 2349 44.
338 2291 415 2347 Ac
451 2312 556 2349 nos
600 2291 835 2372 quidem
867 2291 962 2351 hic
989 2293 1189 2351 sistere
1222 2312 1528 2373 possumus
1549 2336 1565 2366 ,
1601 2313 1735 2351 cum
1772 2292 1968 2351 omnia
1997 2291 2208 2352 exinde

112 2381 461 2458 habeamuS‚
501 2405 627 2465 quae
669 2387 986 2444 necessaria
1024 2397 1161 2444 sunt
1206 2407 1271 2444 ac
1313 2387 1607 2445 sufficiunt
1645 2386 1722 2445 ad
1754 2408 1954 2452 veram
1997 2387 2208 2446 Christi

110 2478 418 2538 Ecclesiam
459 2479 942 2539 constituendam.
988 2482 1119 2538 Non
1165 2480 1479 2539 defuerunt
1524 2491 1724 2538 tamen
1753 2525 1769 2552 ,
1801 2481 1919 2561 qui
1967 2479 2207 2539 ulterius

111 2573 427 2653 progressi,
462 2572 580 2632 'sibi
619 2574 680 2631 in
715 2574 960 2634 Ecclesia
1011 2574 1328 2654 quamdam
1379 2574 1561 2634 veluti
1587 2560 2026 2633 incarnationis
2067 2597 2209 2634 con-

111 2664 495 2726 tinuationem
549 2667 745 2728 videre
792 2668 898 2727 visi
946 2678 1102 2726 sunt.
1157 2669 1333 2726 Juxta
1377 2667 1482 2726 hos
1530 2668 1790 2727 Christus
1843 2669 2208 2728 Deus-homo

119 2760 296 2820 voluit
326 2762 388 2819 in
418 2783 482 2821 ea
518 2762 835 2844 perfectam
871 2763 956 2820 sui
988 2762 1163 2843 ipsius
1199 2762 1512 2841 imaginem
1545 2784 1609 2821 ac
1645 2763 2085 2823 similitudinem
2124 2786 2211 2823 re-

112 2855 415 2938 linquere,
471 2859 533 2916 in
571 2878 687 2939 qua
730 2868 789 2916 et
825 2878 931 2939 per
983 2878 1160 2939 quam
1209 2857 1460 2938 ipsemet
1525 2858 1722 2920 vivere
1771 2857 2204 2940 quodammodo

113 3044 333 3110 quilihre.
362 3045 427 3094 Ex
445 3045 620 3111 judicio
648 3045 841 3109 proinde
855 3045 995 3110 hujus
1013 3062 1120 3094 auc·
1201 3046 1441 3095 sentialem
1460 3047 1665 3113 ejusdem
1683 3047 2055 3100 constitutionem
2080 3089 2092 3111 ‚
2119 3055 2206 3100 mi-

114 3132 246 3190 toris,
275 3132 355 3195 qui
385 3131 633 3178 acerrimus
660 3139 726 3176 est
743 3129 1026 3177 adversarius
1043 3146 1120 3178 ca·
1201 3129 1326 3176 nime
1348 3129 1635 3177 intendimus
1650 3128 1841 3178 alteram
1869 3132 1927 3180 ab
1953 3133 2091 3181 altera
2116 3134 2208 3183 dis-

40 3254 42 3257 .
117 3209 382 3270 tholicismi,
419 3220 464 3258 et
497 3213 602 3260 satis
625 3220 823 3260 versatus
852 3212 903 3258 in
935 3212 1118 3275 scriptis
1199 3226 1383 3274 pescere
1401 3227 1417 3273 3
1436 3227 1543 3258 cum
1557 3214 1692 3276 juxta
1707 3222 1980 3276 praesentem
1997 3214 2210 3264 Ecclesiae

118 3292 516 3351 rationalistarum,
534 3310 586 3341 ex
605 3291 771 3359 quibus
787 3291 917 3357 plura
934 3302 1118 3340 mutua·
1200 3301 1387 3350 statum,
1411 3292 1469 3340 de
1486 3309 1578 3357 quo
1590 3293 1870 3355 disserimus,
1890 3295 2211 3360 inseparabiles

124 3385 192 3421 tus
216 3385 280 3423 est
300 3393 351 3424 ac
375 3395 455 3425 sua
475 3378 580 3425 fecit
597 3413 610 3437 ,
633 3386 782 3442 patet,
805 3377 1117 3440 protestantis·
1200 3375 1312 3421 sint.
1332 3373 1509 3423 Verum
1523 3375 1778 3439 significare
1801 3386 1979 3424 tantum
1999 3378 2210 3426 volumus

122 3472 251 3502 mum
279 3455 382 3505 ferri
402 3460 450 3506 in
475 3459 828 3508 destructionem
857 3457 1116 3505 christianae
1202 3456 1543 3504 distinctionem
1570 3491 1585 3511 ,
1633 3474 1732 3522 quae
1792 3458 2033 3507 intercedit
2091 3460 2210 3507 inter

118 3536 366 3600 religionis.
1201 3536 1412 3600 ejusdem
1444 3537 1653 3586 Ecclesiae
1695 3542 1899 3588 animam
1935 3550 1980 3589 et
2003 3557 2202 3604 corpus,

191 3616 264 3680 (l)
304 3616 426 3665 Dum
466 3619 562 3682 hic*
589 3637 999 3688 commemoramus
1043 3637 1118 3668 ex·
1201 3628 1333 3684 prout
1368 3619 1535 3668 clarius
1568 3637 1624 3670 ex
1654 3630 1748 3671 tota
1776 3622 2067 3687 expositionis
2094 3623 2209 3672 serie

119 3702 327 3748 teriorem
352 3697 559 3750 Ecclesiae
592 3703 786 3751 formam
808 3739 821 3763 ‚
853 3703 1119 3751 distinctam
1203 3701 1397 3767 patebit.

119 3782 176 3831 ab
206 3800 256 3832 ea
280 3800 418 3849 quam
439 3786 697 3834 vocavimus
725 3787 935 3835 intimam
949 3823 963 3847 ‚
984 3803 1033 3835 ac
1054 3802 1121 3835 es-
