2514 4218
233 166 352 227 424
819 184 1013 226 TRAGT.
1058 186 1128 222 mi
1174 185 1326 223 coms
1370 185 1750 229 THEOLOOECIS..

234 334 432 391 unitas
481 329 748 392 Ecclesiae
791 327 1158 413 particularis
1186 326 1261 387 ab
1303 328 1569 410 Episcopi
1613 330 1840 391 unitate
1880 331 2135 414 pendet,
2182 334 2259 394 sic
2307 336 2381 396 ab

238 428 506 511 Episcopi
548 427 809 509 supremi
858 437 918 485 et
956 422 1305 485 universalis
1348 426 1578 486 unitate
1618 426 1842 509 pendet
1887 429 2082 489 unitas
2119 430 2380 492 Ecclesiae

235 524 416 607 ipsius
448 523 733 584 universae
757 545 779 602 3
816 519 1295 602 quandoquidem
1318 565 1334 596 .,
1361 532 1426 580 ut
1450 522 1711 604 loquitur
1731 522 1787 582 S,
1806 523 2194 607 Hieronymus
2218 550 2230 588 :
2253 528 2383 588 Ec—

235 623 417 681 clesia
447 642 571 680 *non
595 631 707 689 est,
728 640 864 698 quoe
901 639 1023 677 ozon
1056 619 1235 678 habet
1258 620 1581 678 sacerdotes
1601 619 1691 700 (l)
1712 665 1727 695 a
1770 621 2054 681 nimirum
2075 625 2383 707 Episcopos
2461 700 2463 703 v

237 718 340 800 qui
385 739 516 777 eam
553 727 759 798 regant
787 761 803 790 ,
856 714 1124 797 adeoque
1159 716 1510 798 Episcopum
1543 737 1888 798 supremum
1910 762 1925 791 ,
1957 718 2058 799 qui
2098 720 2386 782 universae

237 814 440 897 praesit
489 812 772 874 Ecclesiae.
829 811 1101 894 Alioquin
1134 811 1498 872 haberentur
1546 811 1788 894 quidem
1828 812 2096 874 Ecclesiae
2131 817 2389 897 particu-

236 909 389 969 lares
420 955 436 984 ,
505 930 817 991 nunquam
868 919 1069 968 autem
1131 906 1452 968 haberetur
1509 908 1760 968 Ecclesia
1816 909 2202 985 universali8‚
2252 934 2386 994 quae

240 1027 357 1064 una
396 1005 507 1080 sit,
556 1025 691 1064 cum
741 1004 866 1064 sine
912 1004 1232 1065 universali
1277 1005 1561 1087 Episcopo
1610 1005 1958 1065 universalis
2004 1028 2126 1066 non
2162 1006 2238 1066 sit
2282 1009 2391 1067 Ec-

238 1099 409 1160 clesia
432 1100 542 1182 (2).

325 1197 463 1257 607.
516 1196 651 1259 Sive
688 1196 867 1277 igitur
904 1197 1233 1280 Scripturas
1282 1197 1610 1280 expendaS,
1653 1198 1773 1261 sive
1800 1208 2171 1259 constantem
2193 1199 2393 1261 Eccle-

241 1293 340 1353 siae
363 1291 746 1354 traditionem
768 1338 787 1373 ‚
832 1294 956 1353 sive
995 1305 1347 1376 perpetuam
1389 1316 1456 1355 ac
1490 1298 1693 1375 jugem
1730 1295 2080 1355 Pontificum
2111 1318 2394 1356 romano-

241 1411 377 1449 rum
423 1391 656 1471 praxim
680 1436 698 1466 .,
733 1390 856 1451 sive
899 1389 1157 1472 denique
1191 1389 1454 1450 Ecclesiae
1483 1401 1759 1450 naturam
1795 1402 1854 1450 et
1880 1392 2395 1469 constitutionem,

243 1498 513 1559 constat,
540 1485 699 1569 quod
724 1486 798 1547 ab
818 1487 989 1546 initio
1020 1486 1432 1569 proposuimus
1451 1532 1466 1562 .,
1502 1487 1790 1569 primatus
1825 1486 2042 1547 scilicet
2080 1488 2398 1548 auctorita-

244 1594 401 1658 tem,
438 1605 619 1665 quam
653 1582 857 1645 divino
877 1588 1011 1663 jure
1051 1581 1233 1642 habet
1278 1605 1430 1642 rom.
1477 1581 1782 1659 Pontifex,
1833 1583 2247 1644 auctoritatem
2275 1604 2400 1645 esse

245 1678 672 1762 episcopalem,
718 1701 850 1762 quae
890 1700 1096 1740 omnes
1126 1678 1345 1738 Christi
1385 1677 1621 1756 fideleS,
1649 1678 1830 1738 etiam
1876 1679 2188 1762 Episcopos
2226 1701 2397 1740 com-

245 1774 522 1857 plectitur
549 1773 658 1856 (3).

1087 1913 1584 1957 DIFFICULTA'I'ES.

335 2068 475 2129 608.
524 2067 654 2148 Obj.
695 2069 904 2151 prima.
942 2069 1005 2128 10
1054 2068 1115 2128 Si
1155 2069 1445 2152 primatus
1490 2067 1752 2147 ejusdem
1804 2079 1956 2128 esset
2001 2068 2225 2149 generis
2271 2089 2405 2128 cum

252 2164 570 2248 episcopali
617 2166 999 2241 auctoritate,
1061 2187 1261 2226 secum
1311 2165 1437 2247 ipse
1474 2176 1798 2248 pugn-arete,
1854 2165 1991 2247 quia
2034 2165 2210 2225 simul
2252 2178 2404 2227 esset

252 2258 540 2320 limitibus
595 2261 1067 2345 circumscriptus
1113 2272 1172 2321 et
1208 2260 1575 2322 indefinitus,
1629 2261 1698 2319 20
1756 2261 2055 2342 Pugnaret
2097 2283 2231 2322 cum
2278 2261 2403 2322 aliis

254 2483 440 2531 ibimus
453 2483 487 2530 Ρ
513 2481 732 2531 Verbum
754 2485 867 2532 vitae
892 2491 1087 2533 oeternoe
1112 2483 1287 2544 'habesj

255 2577 300 2615 et
337 2583 424 2615 nos
454 2567 697 2615 credimus
725 2576 770 2615 et
790 2570 1102 2632 coqnovimus
1119 2606 1133 2623 ‚
1174 2585 1293 2633 quo-

258 2653 400 2699 niam
428 2657 482 2699 tu
504 2667 552 2698 es
583 2650 755 2699 Filius
778 2651 881 2701 Dei
911 2654 1016 2700 vivi
1033 2690 1046 2712 ‚
1090 2651 1285 2701 subdit:

259 2733 505 2799 Loquitur
559 2733 660 2784 illic
706 2730 883 2782 Petrus
902 2772 915 2795 ‚
964 2751 1109 2800 super
1151 2750 1291 2799 quem

260 2817 547 2882 certificanda
575 2817 743 2883 suerat
766 2814 989 2866 Ecclesia
1010 2855 1024 2871 .
1056 2814 1291 2867 Ecclesia.²

260 2902 457 2949 nomine
472 2901 646 2962 docens
671 2910 715 2949 et
741 2901 1005 2963 ostendens,
1036 2903 1173 2966 quia,
1203 2905 1296 2950 etsi

262 2990 523 3032 contumax
543 3000 601 3032 ac
627 2984 838 3050 superba
862 2983 1096 3032 obaudire
1126 2985 1296 3033 molen·

264 3065 388 3112 tium
407 3064 665 3115 ntultitado
690 3066 936 3127 discedat,
970 3065 1191 3117 Ecclesia
1223 3076 1297 3116 ta-

269 3162 381 3194 men
397 3163 429 3193 a
448 3145 641 3197 Christo
657 3166 758 3198 mon
778 3149 986 3210 recedit,
1019 3158 1063 3197 et
1083 3148 1162 3199 illi
1182 3159 1299 3198 sunt

269 3225 492 3279 Ecclesia
518 3230 653 3296 plebs
684 3230 939 3295 Sacerdoti
971 3232 1223 3290 advenam,
1254 3241 1299 3281 et

262 3313 455 3379 pastori
481 3329 567 3360 suo
594 3331 710 3378 yrex
736 3314 1007 3364 adhaerens.

339 3395 401 3459 (1)
446 3394 579 3444 Dial.
609 3396 721 3446 adv.
755 3398 973 3461 Lucifer.
1002 3416 1053 3448 n.
1081 3413 1164 3446 21.

341 3479 405 3543 (2)
445 3478 551 3526 Huc
567 3481 731 3543 pariter
750 3481 1039 3543 referuntur,
1058 3495 1161 3546 quae
1187 3482 1301 3528 scri-

271 3561 344 3609 bit
360 3560 411 3610 S.
428 3561 625 3626 Optatus
639 3596 654 3621 ,
682 3558 755 3608 De
789 3562 1038 3612 schismat.
1055 3560 1301 3611 Donatist.

276 3643 362 3693 lib.
388 3660 421 3691 11
450 3661 463 3692 ε
493 3647 635 3694 Certa
666 3644 876 3693 membra
909 3662 1000 3693 sua
1028 3645 1167 3697 habet
1198 3645 1302 3694 Ec-

274 3725 417 3776 clesia
435 3765 448 3790 ,
482 3726 777 3794 Episcopos‚
810 3727 1144 3793 Presbytero-s,
1178 3725 1305 3778 Dia-

1372 2498 1516 2532 conos
1533 2520 1545 2543 ‚
1583 2483 1835 2531 ministros
1859 2491 1903 2530 et
1931 2480 2125 2529 turbam
2146 2479 2364 2545 fidelium
2380 2514 2397 2541 ,

1374 2567 1490 2615 edit.
1511 2566 1749 2631 Albaspin.
1780 2583 1886 2631 pag.
1915 2561 1997 2614 53.
2032 2563 2132 2612 Nisi
2162 2573 2402 2629 propterea

1372 2666 1537 2698 omnes
1572 2651 1646 2697 isti
1682 2648 1933 2714 Episcopi,
1970 2647 2257 2714 Presbyteri,
2290 2644 2403 2694 Dia-

1370 2736 1509 2791 coni,
1545 2732 1744 2778 ministri
1782 2748 1837 2779 ac
1876 2730 2087 2779 fidelium
2125 2729 2264 2779 turba
2298 2730 2405 2777 uni-

1373 2814 1536 2864 versali
1577 2814 1918 2881 subjicerentur
1945 2814 2172 2879 Episcopo
2205 2851 2217 2874 ‚
2259 2829 2405 2861 unam

1373 2897 1627 2946 Ecclesiam
1659 2914 1756 2945 non
1783 2899 2140 2946 constituerent.
2255 2895 2258 2902 ¹

1445 2980 1512 3046 (3)
1549 2981 1644 3031 cfr.
1671 2981 1728 3030 de
1758 2981 1849 3029 hoc
1884 2990 2153 3046 argumento
2173 2977 2364 3043 Bolgeni
2388 3018 2405 3039 ,

1375 3067 1426 3114 in
1440 3082 1519 3130 op.
1542 3066 1622 3113 cit.
1642 3061 1966 3130 l’Episcopato
1980 3066 2008 3124 ,’
2023 3073 2137 3112 tom.
2157 3079 2197 3122 1,
2218 3079 2321 3127 cap.
2345 3059 2405 3125 4,

1378 3159 1461 3198 art.
1488 3165 1506 3197 1
1528 3164 1542 3212 3
1577 3151 1689 3197 item
1711 3148 2016 3207 Zaccaria‚in
2030 3146 2404 3211 Antisebronio‚

1378 3242 1496 3282 tom.
1533 3248 1602 3292 ιι,
1640 3232 1749 3280 diss.
1786 3245 1847 3292 2,
1880 3247 1986 3295 cap.
2027 3246 2054 3278 2
2096 3239 2140 3278 et
2178 3229 2241 3292 33
2272 3239 2316 3277 et
2358 3230 2408 3276 in

1381 3313 1728 3379 Antifebronio
1744 3311 2009 3373 vindicato,
2028 3321 2142 3360 tom.
2155 3327 2207 3370 ιι,
2234 3307 2407 3373 ᾶίεε.4,

1385 3415 1489 3463 cap.
1511 3395 1575 3460 43
1605 3414 1694 3445 nec
1722 3413 1819 3443 non
1851 3394 1991 3444 Card.
2024 3394 2160 3452 Orsi,
2187 3390 2260 3442 De
2286 3409 2409 3442 rom.

1383 3475 1643 3543 Pontificis
1670 3480 1726 3526 in
1740 3473 1958 3542 Synodos
1985 3477 2305 3527 oecumenicas
2322 3491 2411 3541 po-

1385 3569 1546 3609 testate
1564 3599 1576 3618 ,
1612 3560 1767 3610 Romae
1795 3557 1920 3626 1740
1938 3597 1950 3621 ‚
1984 3569 2102 3625 part.
2132 3568 2192 3620 n,
2215 3556 2300 3607 lib.
2316 3568 2376 3606 vxi
2393 3593 2409 3619 ‚

1387 3661 1491 3710 cap.
1526 3642 1574 3692 5.
