2514 4218
312 140 430 199 466

926 155 1127 195 TRAGT.
1178 154 1246 190 DE
1291 152 1440 190 LOCIS
1485 152 1864 193 THEOLOGICIS.

398 302 537 361 681.
589 302 721 359 Haec
773 300 967 358 omnia
1016 288 1375 380 permiscens
1438 294 1670 354 Palmer
1717 298 2006 378 professor
2065 301 2445 379 OxoniensiS,

313 395 618 460 contendit
637 443 651 462 ‚
691 394 1172 453 infallibilitatem
1197 389 1438 450 Concilii
1461 392 1808 452 oecumenici
1836 393 2091 474 legitime
2128 396 2443 473 celebrati,

313 506 372 555 et
406 491 740 553 confirmati
777 511 808 548 a
844 489 967 547 solo
1001 509 1151 547 rom.
1202 487 1484 546 Pontifice
1514 532 1530 562 7
1580 507 1709 547 rem
1757 509 1882 553 esse
1926 512 2103 550 merce
2142 497 2448 571 opinionis

309 593 370 650 in
403 589 661 650 Ecclesiis
695 587 952 646 romanis
979 584 1103 665 (l);
1145 605 1338 666 neque
1371 581 1588 643 habere
1622 585 1906 662 ejusmodi
1944 587 2270 648 Concilium
2306 611 2446 649 auc-

309 688 610 746 toritatem
647 682 1122 762 irrefraqibilem
1157 678 1378 762 absque
1420 679 1689 740 Ecclesiae
1733 681 2081 742 universalis
2126 704 2445 763 consensu3

313 785 437 843 haec
477 802 615 839 vero
652 776 1004 837 universalis
1046 775 1293 835 Ecclesia
1314 821 1329 850 7
1362 780 1532 853 juxta
1561 768 1739 857 ipsius
1769 788 2052 857 systema,
2087 779 2350 840 coalescit
2375 804 2447 841 ex

311 875 585 938 omnibus
610 871 1122 933 communionibus
1141 917 1158 947 .,
1196 893 1326 952 quae
1345 870 1554 930 saltem
1578 872 1837 931 retinent
1860 873 2304 934 ecclesiasticam
2327 875 2448 935 hie—

308 974 629 1046 rarchiam,
665 970 865 1054 quales
894 970 1128 1053 praecise
1150 980 1288 1027 sunt
1330 967 1575 1028 Ecclesia
1617 989 1796 1049 graeca
1818 1015 1834 1044 ‚
1867 971 2083 1030 russica
2118 982 2296 1054 atque
2338 994 2447 1032 an-

309 1072 532 1152 glicana
571 1069 682 1148 (2).

307 1267 601 1317 ubbidienza
619 1302 635 1327 ‚
671 1282 752 1313 ma
771 1279 873 1312 una
887 1262 1207 1329 persuasione
1222 1259 1338 1308 illn-

307 1356 499 1402 minata
515 1390 527 1411 ‚
548 1350 607 1399 ed
624 1367 693 1398 nn
711 1347 1011 1415 raqionevole
1028 1363 1217 1395 assenso
1238 1343 1337 1392 alla

299 1434 473 1502 parola
499 1434 556 1482 di
586 1431 690 1481 Dio
707 1451 726 1493 ‚·
763 1442 809 1480 et
845 1429 873 1497 ᾗ
913 1447 936 1476 1.
966 1448 978 1477 ε
1014 1428 1126 1478 Non
1156 1427 1338 1476 avendo

315 1518 382 1566 G.
418 1517 477 1566 C.
515 1516 665 1580 leqato
696 1513 734 1562 il
760 1511 1019 1580 privileqio
1055 1510 1177 1559 della
1205 1512 1335 1558 iner-

308 1617 466 1648 ranza
486 1616 522 1647 -α
550 1611 633 1645 nn·
650 1605 775 1645 certo
799 1611 1001 1642 numero
1023 1593 1338 1640 determinato

309 1683 361 1730 di
405 1680 566 1747 queqli
586 1718 598 1740 ‚
648 1679 733 1727 che
774 1694 886 1726 sono
931 1674 1021 1723 nel'
1056 1691 1168 1722 seno
1215 1672 1338 1721 della

306 1764 491 1819 chiesa,
516 1780 597 1810 ma
614 1779 645 1810 a
663 1769 782 1808 tutto
801 1758 843 1807 il
856 1775 997 1824 corpo
1015 1757 1139 1806 della
1153 1757 1333 1817 chiesa,

304 1846 400 1912 eqli
420 1863 514 1912 per
537 1859 871 1909 consequenza
891 1858 990 1890 non
1013 1841 1078 1888 ha
1092 1856 1337 1908 promesso

306 1929 390 1977 che
421 1928 548 1977 nella
577 1928 817 1993 divisione
855 1923 927 1972 ἅθ’
950 1924 1230 1972 sentimenti
1259 1924 1337 1970 sia

306 2030 492 2078 sempre
523 2010 564 2058 il
579 2009 676 2076 pi&
696 2007 907 2075 picciolo
924 2046 937 2068 ,
975 2026 1001 2055 o
1026 2007 1066 2055 il
1087 2007 1189 2072 piis
1210 2022 1336 2072 qran

305 2112 507 2143 numero
533 2094 618 2142 che
649 2093 796 2141 abbia
820 2091 1039 2156 reqione.
1072 2090 1257 2140 Videsis
1278 2089 1336 2138 ad

307 2176 483 2226 calcem
504 2176 755 2224 voluminis
786 2173 954 2221 horum
992 2172 1201 2221 locorum
1229 2189 1334 2221 ver-

309 2262 488 2309 sionem
506 2259 718 2307 latinam.
738 2256 915 2305 Eadem
933 2255 1138 2304 inculcat
1153 2254 1181 2322 §
1197 2271 1307 2303 txut
1319 2292 1332 2314 ‚

307 2355 351 2393 et
391 2344 504 2393 alibi
542 2345 734 2409 passim.
775 2341 884 2389 Haec
920 2351 1082 2389 autem
1127 2340 1337 2388 doctrina

306 2427 476 2492 pendet
503 2444 555 2475 ex
585 2425 813 2491 principio
830 2459 847 2485 ,
875 2423 1002 2488 quod
1028 2439 1137 2487 cum
1170 2422 1337 2471 Ricbe-

305 2512 446 2558 rianis
478 2509 753 2573 profitentur
779 2506 1050 2554 Jansenistae
1071 2542 1084 2565 ,
1131 2505 1189 2553 de
1218 2522 1334 2553 con-

307 2595 545 2642 stitutione
575 2592 792 2640 Ecclesiae
818 2590 1138 2638 democratica.
1165 2588 1335 2649 Quoad

307 2679 569 2726 doctrinam
613 2674 832 2723 Fehronii
876 2673 963 2721 cfr.
999 2672 1245 2731 Zaccaria‚
1285 2674 1335 2719 in

307 2759 678 2825 Antisebronio,
697 2768 811 2805 tom.
829 2772 864 2803 n
878 2794 890 2814 ‚
908 2755 1020 2804 diss.
1047 2773 1082 2802 11
1096 2792 1110 2815 ‚
1130 2772 1234 2819 cap.
1258 2770 1334 2815 12,

309 2842 334 2908 ξ
369 2860 427 2905 2,
461 2861 564 2907 pag.
598 2843 678 2889 cit.
710 2838 826 2888 edit.
857 2836 975 2887 318.

381 2927 444 2990 (1)
481 2924 571 2990 Op.
591 2926 671 2972 cit.
692 2932 811 2988 part.
832 2938 907 2983 w,
928 2938 1030 2986 cap.
1066 2938 1092 2987 7
1116 2958 1129 2980 ,
1163 2930 1273 2968 sect.
1296 2938 1331 2969 1.

311 3007 457 3056 Valde
491 3009 568 3056 hic
597 3006 961 3073 improbandum
997 3005 1115 3053 illud
1147 3007 1205 3053 in
1235 3003 1336 3054 Ec-

310 3089 468 3137 clesiis
490 3092 707 3138 romanis
722 3111 741 3148 ,·
760 3108 871 3138 nam
899 3092 937 3137 si
962 3091 1024 3137 ita
1050 3089 1335 3137 disseruisset

313 3174 372 3222 de
409 3173 598 3221 coetibus
634 3172 998 3238 protestantibus
1029 3182 1108 3220 aut
1132 3172 1335 3237 anglica-

311 3259 385 3305 nis
400 3294 414 3318 ,
443 3253 529 3303 hac
542 3255 775 3304 locutione
793 3257 913 3305 bene
929 3273 1041 3304 usus
1059 3265 1200 3314 esset,
1222 3257 1333 3321 quia

310 3342 458 3405 reipsa
476 3338 629 3404 plures
650 3349 784 3398 sunt,
804 3349 913 3387 sunt
936 3340 1064 3388 enim
1093 3338 1330 3404 acephali3

308 3434 355 3474 at
386 3422 505 3471 male
533 3422 699 3478 nimis»,
730 3422 844 3469 dum
865 3422 924 3471 de
952 3439 1143 3471 romana
1175 3422 1332 3487 agitur

310 3507 541 3565 Ecclesia,
577 3520 680 3571 quae
706 3521 806 3552 una
831 3523 1013 3570 prorsus
1041 3515 1123 3555 est.

379 3590 444 3655 (2)
483 3588 584 3637 Hac
613 3587 671 3635 de
697 3603 853 3647 causa,
883 3587 1090 3651 ibidem,
1118 3605 1221 3654 cap.
1260 3603 1288 3652 7
1310 3625 1324 3648 ,

300 3675 405 3721 flou
444 3672 649 3737 agnoscit
683 3671 772 3718 nisi
812 3685 893 3717 sex
933 3672 1085 3734 priora
1120 3671 1324 3720 Concilia

1420 1262 1490 1308 uti
1516 1262 1804 1309 oecumenica
1825 1275 1839 1323 3
1858 1262 2039 1328 reliqua
2070 1272 2226 1311 autem
2247 1261 2307 1311 ab
2324 1279 2450 1312 mcu-

1421 1346 1709 1392 menicorum
1733 1361 1874 1392 censu
1894 1383 1907 1406 ‚
1942 1349 2193 1410 praesertim
2211 1363 2320 1394 vero
2340 1345 2449 1395 Flo-

1419 1427 1658 1475 rentinum
1693 1437 1737 1475 et
1766 1427 2098 1476 Tridentinum
2119 1463 2135 1485 .
2178 1447 2231 1478 ex
2265 1429 2450 1478 defectu

1419 1511 1734 1558 consensionis
1752 1516 2011 1559 ceterarum
2027 1514 2413 1560 communionum
2430 1549 2444 1572 ‚

1418 1594 1589 1658 rejicit.
1617 1592 1687 1642 De
1707 1592 1919 1643 Concilio
1955 1594 2231 1644 Tridentino
2267 1597 2445 1660 specia-

1418 1676 1504 1722 tim
1531 1674 1731 1723 affirmat
1759 1675 1970 1736 Palmer.,
2002 1677 2089 1725 loc.
2122 1680 2201 1727 cit.
2230 1695 2335 1743 cap.
2360 1693 2446 1739 12,

1419 1757 1537 1805 illud
1570 1760 1714 1806 varias
1744 1758 1978 1807 doctrinas
1999 1762 2066 1808 uti
2096 1760 2311 1808 articulos
2338 1760 2448 1809 fidei

1419 1839 1717 1901 definivisse,
1749 1858 1854 1907 quae
1877 1840 2118 1907 Anglicani
2146 1843 2339 1908 probare
2353 1860 2449 1890 non

1418 1935 1610 1990 possunt·
1633 1940 1649 1988 3
1683 1912 1816 1990 plura
1850 1927 1977 1975 illius
2003 1926 2184 1975 decreta
2213 1944 2310 1975 esse
2337 1925 2447 1974 lau-

1418 2007 1606 2056 dabilia
1624 2042 1643 2071 ‚
1685 2008 1773 2056 alia
1800 2026 1909 2057 vero
1941 2008 2184 2057 admittere
2208 2024 2340 2074 posse
2365 2013 2448 2056 in-

1417 2092 1804 2157 terpretationem
1862 2090 2169 2140 catholicam.
2227 2091 2451 2140 Ceterum

1416 2174 1535 2223 illud
1568 2173 1779 2222 absolute
1810 2171 1987 2240 rejicit,
2027 2182 2072 2222 1⁰
2106 2175 2214 2240 quia
2235 2172 2337 2240 ejus
2361 2173 2444 2222 de-

1418 2266 1542 2307 creta
1593 2275 1691 2306 non
1729 2257 1857 2306 fuere
1888 2255 2065 2323 judicia
2104 2257 2319 2307 Ecclesiae
2369 2273 2444 2306 ca-

1418 2341 1638 2402 tholicae3
1677 2350 1732 2389 2⁰
1771 2344 1879 2408 quia
1921 2359 2018 2390 non
2050 2341 2236 2391 fuerunt
2265 2342 2441 2408 judicia

1417 2441 1633 2474 romanoe
1649 2424 1946 2474 obedientiae.
1972 2425 2182 2474 Primum
2208 2427 2442 2490 potissime

1419 2510 1631 2557 evincere
1674 2510 1875 2565 nititur,
1920 2510 2030 2573 quia
2066 2527 2092 2557 a
2135 2506 2440 2556 schismaticis

1418 2590 1673 2656 anglicanis
1692 2627 1705 2650 ‚
1740 2608 1767 2638 a
1790 2590 2093 2638 schismaticis
2110 2593 2266 2656 graecis
2288 2600 2332 2638 et
2347 2590 2440 2637 hae-

1417 2674 1570 2721 reticis
1598 2672 1856 2721 lutheranis
1900 2683 1945 2721 et
1982 2673 2236 2721 calvinistis
2272 2674 2439 2739 rejecta

1418 2755 1621 2827 fuerunt.
1650 2753 1829 2802 Verum
1863 2755 2054 2820 quidem
2089 2765 2183 2815 est,
2222 2755 2439 2803 adversa-

1417 2839 1539 2885 rium
1567 2837 1765 2885 inficiari
1802 2847 1944 2886 coetus
1979 2837 2247 2903 anglicanos
2273 2874 2286 2897 ‚
2323 2853 2436 2901 grae-

1417 2938 1494 2969 cos
1530 2957 1544 2982 ,
1604 2923 1799 2968 russicos
1860 2930 1942 2969 aut
1996 2930 2292 2985 protestantes
2342 2937 2439 2968 esse

1416 3006 1771 3054 communiones
1812 3004 2123 3053 schismaticas
2153 3012 2233 3051 aut
2267 3002 2452 3051 haereti-

1416 3105 1511 3137 cas.
1542 3086 1624 3136 Ast
1655 3105 1796 3153 quam
1830 3104 1994 3152 parum
2029 3085 2117 3133 sibi
2150 3087 2198 3133 in
2233 3085 2323 3133 hoc
2349 3087 2450 3149 ipso

1415 3172 1671 3231 cohaereat,
1710 3181 1755 3218 et
1785 3187 1928 3236 quam
1959 3168 2130 3221 falsum
2165 3167 2450 3216 absurdum·

1415 3272 1507 3321 que
1523 3257 1580 3302 sit
1597 3253 1826 3319 ejusmodi
1843 3262 2045 3320 systema
2071 3289 2084 3310 ‚
2118 3254 2169 3299 in
2198 3252 2338 3317 priori
2359 3250 2448 3298 hu-

1412 3335 1488 3403 jus
1518 3346 1738 3386 tractatus
1768 3338 1969 3384 sectione
1992 3335 2298 3385 ostendimus.
2315 3333 2440 3383 Alte-

1411 3438 1518 3469 rum
1536 3437 1644 3470 vero
1665 3421 1828 3468 nititur
1846 3419 2090 3468 ostendere
2114 3436 2169 3468 ex
2199 3435 2252 3467 eo
2280 3416 2433 3483 quod,

1411 3520 1521 3551 cum
1546 3501 1832 3551 celebratum
1863 3513 1930 3550 est
1955 3500 2218 3550 Concilium
2239 3498 2436 3547 Triden-

1407 3588 1564 3635 tinum
1578 3622 1591 3646 ‚
1609 3585 1896 3635 invaluerint
1910 3588 1960 3634 in
1969 3584 2021 3633 E
2021 3583 2206 3634 eclesiis
2217 3583 2433 3631 romanis

1411 3671 1652 3735 opiniones
1695 3668 1989 3734 theologicae,
2025 3683 2128 3735 quae
2161 3683 2321 3716 omnes
2349 3664 2432 3712 ad-
