2514 4218
834 220 1027 263 TRAGT.
1073 220 1142 256 DE
1187 215 1339 257 tocts
1382 219 1761 261 THEOLOGICIS.

262 210 380 271 198

261 368 432 446 Quod
452 388 594 432 vero
616 366 692 426 ad
712 386 936 427 errores
962 361 1176 422 attinet
1202 357 1466 419 Ecclesiae
1499 361 1752 438 russicae.‚
1779 361 1917 422 satis
1946 373 2032 422 est
2061 381 2181 444 prae
2205 362 2384 424 oculis

259 466 508 534 habere,
538 484 665 546 quae
689 461 917 543 scripsit
945 460 1009 516 P.
1041 455 1386 516 Possevinus
1420 455 1542 535 (l)3
1568 464 1636 513 ut
1669 456 1956 533 omittam,
1986 458 2343 540 principium
2365 504 2382 533 a

257 573 327 622 ut
362 562 441 620 ita
463 553 1039 631 dicam‚'dissolvens
1068 549 1534 634 protestantismi
1573 548 1742 632 plura
1770 554 1896 628 jam
1922 553 2076 613 illius
2106 555 2185 613 sic
2219 553 2387 630 dictae

259 657 526 718 Ecclesiae
556 650 822 713 membra
858 647 1125 708 infecisse
1158 647 1397 728 (2).1ta
1437 667 1585 728 pura
1621 658 1963 707 conservata
1998 660 2087 709 est
2119 650 2183 709 in
2229 661 2386 709 utra-

261 774 375 836 que
412 747 658 811 Ecclesia
690 744 853 804 fides.
1646 735 1650 737 ³

341 846 482 905 308.
532 841 622 901 Ad
659 840 774 915 5¹1¹,
817 842 979 900 Dist.
1021 839 1091 899 In
1128 860 1304 898 sensu
1340 837 1696 912 adversarii,
1738 857 1898 896 conc.
1910 860 1930 904 ;
1965 837 2026 895 in
2063 858 2238 898 sensu
2279 841 2387 900 Ec-

260 941 445 1002 clesiae
480 935 779 997 catholicae
800 981 817 1010 ‚
858 957 990 1018 quae
1018 935 1216 1017 ipsum
1250 944 1315 992 ut
1347 932 1484 993 fidei
1510 933 1720 1014 dogma
1756 932 2057 1005 definivit,
2096 955 2223 1015 neq.
2252 936 2387 994 Jam

259 1056 399 1097 vero
426 1055 549 1093 non
572 1033 805 1115 privato
843 1031 1297 1111 uniuscujusque
1334 1029 1624 1090 individui
1648 1029 1842 1088 sensui
1877 1029 1942 1087 in
1982 1028 2073 1088 his
2113 1028 2393 1090 standum

260 1143 385 1205 est,
437 1129 540 1189 sed
589 1127 923 1187 auctoritati
970 1125 1235 1185 Ecclesiae
1286 1124 1579 1184 infallibili
1623 1126 2153 1187 controversiarum
2191 1124 2393 1205 judici.

239 1225 433 1300 'Quod
459 1235 658 1284 autem
685 1223 955 1301 adjicitur
970 1221 1043 1281 de
1070 1220 1407 1295 interva110‚
1436 1220 1594 1303 quod
1622 1221 1844 1280 effluxit
1867 1222 2024 1281 inter
2037 1221 2313 1281 Photium
2335 1233 2394 1282 et

262 1320 609 1383 Michaelem
653 1318 1017 1378 Cerularium
1042 1363 1059 1391 a
1103 1339 1219 1399 quo
1264 1327 1534 1398 tempore
1573 1319 1821 1375 tolerata
1854 1317 2066 1375 dicitur
2106 1317 2393 1375 contraria

257 1418 556 1478 sententia
577 1460 593 1490 ,
627 1436 749 1473 non
773 1413 935 1472 aliud
973 1413 1292 1492 significat,
1321 1412 1432 1470 nisi
1475 1412 1634 1494 quod
1668 1411 1898 1470 sublato
1932 1412 2241 1471 schismate
2285 1413 2394 1471 Ec—

264 1513 433 1573 clesia
457 1532 638 1591 graeca
661 1508 885 1568 nullam
900 1508 1085 1568 hacin
1105 1519 1273 1591 parte
1289 1506 1552 1566 Ecclesiae
1574 1506 1774 1567 latinae
1796 1507 2128 1567 molestiam
2144 1507 2390 1582 crearit3

266 1630 451 1690 quum
478 1628 618 1667 vero
646 1617 847 1688 postea
873 1605 1058 1664 Graeci
1089 1603 1318 1663 crimini
1347 1602 1545 1662 latinae
1573 1602 1836 1663 Ecclesiae
1866 1603 2212 1680 vertissent,
2238 1601 2396 1684 quod

264 1704 645 1786 profiteretur
677 1701 858 1760 fidem
900 1700 974 1760 de
1017 1700 1385 1782 processione
1420 1699 1671 1782 Spiritus
1712 1700 1910 1759 Sancti
1950 1700 2129 1760 etiam
2155 1723 2185 1759 a
2212 1700 2353 1759 Filio
2375 1746 2391 1775 ‚

264 1796 831 1857 tunccontroversia
854 1817 1091 1855 excussa
1113 1806 1202 1855 est
1235 1807 1294 1855 et
1328 1795 1568 1854 definita
1590 1841 1606 1871 ‚
1645 1796 1733 1854 uti
1769 1806 2106 1856 constanter
2137 1817 2197 1855 se
2219 1797 2395 1876 gessit

261 1892 507 1954 Ecclesia
542 1892 654 1975 (3).
689 1890 921 1953 Falsum
948 1914 1126 1976 porro
1157 1903 1246 1953 est
1265 1937 1280 1968 ,
1317 1891 1532 1952 latinos
1561 1892 1861 1973 theologos
1886 1893 2071 1957 veluti
2098 1895 2394 1952 verbalem

326 2155 391 2219 (1)
429 2156 484 2204 ln
505 2174 643 2222 opere
665 2159 742 2206 cui
769 2157 931 2206 titulus
954 2175 968 2206 ε
990 2159 1245 2208 Moscovia
1259 2192 1276 2219 ,

255 2240 377 2304 typis
409 2238 740 2288 Birckmanicis
774 2237 898 2306 1587
920 2277 933 2299 ,
968 2243 1018 2288 in
1058 2242 1236 2305 scripto
1264 2257 1279 2289 :

257 2319 436 2385 Capita
459 2357 472 2381 ‚
503 2321 679 2384 quibus
722 2318 887 2370 Gracci
924 2329 972 2369 et
998 2320 1215 2369 Rutheni
1251 2338 1282 2368 a

252 2400 454 2449 Latinis
493 2403 550 2449 in
602 2402 745 2449 rebus
784 2402 906 2466 fidei
930 2402 1279 2467 dissenserunt.

252 2481 370 2532 Item
405 2500 419 2532 ε
450 2481 653 2532 Errores
684 2483 778 2532 alii
803 2483 1136 2533 Ruthenorum
1152 2521 1168 2543 ,
1196 2487 1286 2550 qui

251 2564 486 2614 orientale
519 2564 731 2613 schisma
772 2568 965 2630 sequuti
988 2575 1127 2625 sunt,
1151 2575 1283 2632 post-

252 2664 399 2713 quam
434 2645 606 2695 Graeci
632 2647 694 2694 ab
723 2646 948 2697 Ecclesia
974 2665 1072 2696 sese
1101 2650 1282 2714 praeci-

249 2728 452 2791 derunt,
478 2745 588 2794 pag.
621 2727 798 2792 38-46.

323 2813 388 2878 (2)
419 2811 521 2862 Cfr.
542 2812 595 2861 P.
618 2812 834 2861 Rozaven
855 2847 870 2875 ‚
888 2814 938 2860 in
967 2829 1126 2876 opere,
1150 2814 1277 2880 quod

254 2897 468 2961 opposuit
509 2894 772 2944 Alexandro
815 2893 1071 2955 Stourdza‚
1112 2906 1157 2944 et
1202 2898 1277 2944 in-

250 2979 429 3042 scripsit
475 2995 490 3027 :
533 2975 731 3043 l'quise
761 2976 1028 3042 camelique
1057 2979 1275 3044 justifiee

247 3066 408 3105 contre
446 3058 512 3107 les
536 3066 750 3125 altaquec
786 3058 903 3107 d'tm
938 3061 1158 3107 ecrivain
1186 3063 1275 3125 qui

249 3155 299 3187 se
314 3139 384 3186 dic
396 3140 675 3205 orthodoxe,
698 3142 828 3209 Lyon
852 3140 999 3191 1822.
1018 3141 1116 3190 Cfr.
1133 3146 1270 3191 etiam

250 3221 466 3288 Gregoire
486 3260 500 3285 ‚
529 3223 753 3274 Histoire
783 3224 1018 3274 dessectes
1048 3224 1271 3289 reliqieu-

252 3321 362 3366 ses,
396 3303 525 3352 Paris
558 3304 703 3373 1829,
739 3319 857 3358 tom.
892 3322 970 3368 lv,
1008 3307 1145 3372 chap.
1179 3309 1267 3369 13,

249 3386 594 3447 Raskolnicks,
630 3399 674 3437 et
702 3390 839 3455 chap.
881 3387 973 3454 14,
1006 3386 1167 3438 Sectes
1182 3390 1264 3438 de·

251 3469 403 3517 rivees
427 3467 494 3515 du
526 3468 876 3534 Raskolnisme,
909 3482 999 3521 etc.

309 3549 379 3615 (3)
407 3549 660 3618 Nunquam
686 3556 810 3602 enim
831 3592 844 3616 ‚
875 3566 927 3604 ut
965 3555 1127 3620 saepius
1150 3553 1262 3601 alias

242 3635 650 3686 animadvertimus
662 3675 680 3697 ,
706 3635 907 3686 Ecclesia
921 3639 1157 3688 consuevit
1172 3636 1253 3686 de-

240 3716 375 3767 finire
418 3719 510 3767 nisi
551 3718 768 3768 articulos
809 3721 858 3767 in
893 3721 1248 3770 controversiam

1371 2158 1627 2220 adductos,
1666 2169 1743 2206 aut
1788 2161 2081 2223 impugnatos
2107 2176 2133 2208 a
2165 2161 2398 2208 novatori-

1368 2238 1475 2289 bus.
1509 2239 1639 2289 Licet
1670 2257 1776 2288 vero
1819 2239 2040 2300 Phofius,
2075 2241 2271 2289 aliorum
2303 2241 2396 2289 hae-

1368 2324 1616 2370 retieorum
1645 2339 1893 2387 graecorum
1936 2323 2181 2388 exemplo,
2215 2333 2262 2372 et
2299 2326 2397 2388 ipse

1367 2405 1566 2468 attigerit
1582 2408 1891 2468 quaestionem
1909 2406 1968 2454 de
1989 2409 2279 2471 processione
2293 2404 2395 2470 Spi-

1366 2489 1489 2550 ritus,
1514 2487 1702 2549 Sancti,
1736 2507 1846 2537 cum
1860 2499 2017 2538 tamen
2048 2489 2251 2538 Ecclesia
2278 2494 2395 2535 tunc

1366 2573 1584 2635 temporis
1613 2572 1842 2635 praecipue
1867 2570 2156 2619 adlaboraret
2184 2572 2234 2618 in
2259 2570 2394 2618 flam-

1365 2652 1456 2696 mis
1483 2653 1768 2716 erumpentis
1808 2651 2066 2700 schismatis
2114 2655 2391 2716 extinguen-

1364 2730 1435 2778 dis
1455 2766 1470 2790 ‚
1499 2734 1575 2779 vix
1608 2731 1665 2780 de
1691 2732 1769 2780 illa
1797 2743 1954 2781 actum
1992 2740 2095 2795 est3
2135 2751 2243 2782 cum
2282 2751 2387 2782 vero

1363 2812 1564 2861 schisma
1591 2816 1681 2862 cito
1718 2814 1955 2863 sublatum
1988 2816 2163 2877 fuerit,
2206 2833 2387 2882 paxque

1362 2898 1594 2962 quiesque
1623 2901 1674 2945 in
1704 2908 1904 2963 utraque
1924 2896 2128 2948 Ecclesia
2158 2902 2382 2959 restituta,

1360 2978 1509 3027 altum
1534 2979 1619 3027 fuit
1637 2979 1694 3028 de
1717 2998 1769 3028 ea
1797 2983 2103 3029 controversia
2125 2981 2380 3040 silentium,

1360 3062 1510 3110 donec
1538 3079 1677 3128 opera
1709 3063 1875 3110 nefarii
1902 3062 2138 3110 Michaelis
2160 3059 2383 3111 Cerularii

1356 3146 1595 3194 recruduit
1625 3144 1823 3192 schisma
1840 3180 1855 3205 ,
1882 3143 2009 3209 quod
2033 3154 2086 3192 ut
2111 3144 2188 3193 ille
2214 3162 2382 3194 conso-

1356 3227 1521 3276 lidaret
1538 3264 1552 3288 ‚
1602 3229 1722 3275 inter
1771 3236 1919 3275 cetera
1939 3262 1952 3285 ,
1995 3242 2097 3292 quae
2137 3227 2383 3291 objiciebat

1355 3308 1565 3359 Ecclesiae
1583 3325 1782 3357 romanae
1804 3345 1817 3368 ,
1844 3318 1887 3356 et
1903 3308 2031 3356 hunc
2057 3310 2307 3358 articulum
2330 3312 2378 3357 in

1353 3390 1565 3439 medium
1596 3388 1827 3450 adduxit3
1869 3402 2144 3456 quapropter
2175 3390 2377 3439 Ecclesia

1351 3473 1565 3523 Concilio
1599 3473 1790 3521 Bai-ensi
1821 3472 1957 3521 illum
1991 3459 2210 3524 discussit
2235 3480 2281 3523 et
2299 3492 2370 3522 as-

1353 3554 1530 3618 seruit3
1553 3555 1680 3621 quod
1695 3557 1863 3604 iterum
1882 3556 2056 3606 facturn
2074 3567 2142 3606 est
2157 3559 2206 3604 in
2227 3555 2372 3605 Conc.

1336 3635 1637 3703 Lugdunensi
1654 3648 1698 3686 et
1719 3637 2008 3696 Florentino,
2032 3638 2189 3704 graecis
2207 3637 2373 3686 itidem

1337 3730 1381 3770 et
1407 3717 1569 3768 latinis
1601 3720 1878 3786 praesulibus
1908 3719 2281 3772 assentientibus.
