2514 4218
303 153 420 216 384

895 174 1095 211 TRACT.
1144 174 1212 210 ΒΕ
1256 173 1407 212 LOCIS
1452 176 1831 218 THEOLOGICIS.

301 329 581 401 praeterea
612 361 627 391 .,
657 317 896 376 Petrum
926 314 1327 375 obedientiam
1354 328 1414 376 et
1437 316 1861 397 subjectionem
1903 325 2251 406 Imperatori
2279 332 2438 405 ejus-

303 435 416 497 que
456 411 700 472 ducibus
734 413 810 471 ad
835 411 1177 493 exemplum
1216 412 1381 471 Pauli
1414 414 1507 494 (l)
1535 418 2013 497 commendasse,
2042 421 2201 504 quod
2225 422 2440 484 iterum

302 510 375 570 de
421 510 658 591 Imperii
709 507 944 566 subdito
997 530 1255 590 pronum
1303 520 1390 568 est
1430 510 1794 592 intelligere3
1838 514 1900 572 in
1944 538 2010 576 ea
2049 529 2330 600 praeterea
2375 520 2442 579 fit

301 606 524 666 mentio
562 604 635 664 de
665 605 900 664 Silvano
925 625 1026 663 seu
1052 604 1169 663 Sila
1188 651 1204 679 ,
1239 606 1400 688 prius
1430 606 1594 667 Pauli
1619 607 1833 669 deinde
1870 613 2027 672 Petri
2055 616 2269 674 comite
2306 614 2402 695 (2)
2422 661 2439 691 ,

303 701 606 763 notissimo
656 700 717 758 in
750 699 863 758 illis
902 699 1275 779 regionibuS,
1321 701 1394 760 ad
1440 725 1583 783 quas
1627 725 1733 785 per
1782 704 2045 766 Silanum
2083 711 2288 769 Petrus
2325 711 2446 793 epi-

302 799 515 860 stolam
553 819 718 856 suam
755 796 938 855 mittit
980 796 1107 876 (3),
1139 819 1248 857 nec
1281 821 1404 857 non
1441 799 1514 859 de
1555 800 1780 873 MarcO,
1812 823 2020 884 quem,
2061 815 2128 862 ut
2153 804 2439 881 vidimus,

303 906 528 956 veteres
564 892 640 951 ad
677 914 867 951 unum
909 914 1115 952 omnes
1150 893 1417 954 referunt
1449 898 1644 954 Rornae
1694 897 1990 977 scripsisse
2026 889 2441 980 Evangelium,

301 990 591 1073 probante
632 991 801 1049 Petro
825 1034 841 1064 ,
875 1011 1173 1071 quemque
1207 989 1380 1067 hujus
1405 992 1585 1073 ipsius
1621 992 1910 1075 epistolae,
1942 994 2206 1054 dictante
2235 998 2442 1074 Petr0,

302 1087 622 1148 sententias
664 1107 931 1164 exarasse
976 1085 1182 1168 plures
1225 1086 1527 1148 affirmant
1563 1088 1671 1169 (4)
1714 1090 1863 1149 Cum
1908 1090 1999 1150 his
2041 1113 2218 1173 porro
2249 1093 2446 1152 omni-

301 1183 411 1244 bus
440 1183 798 1264 argumentis
832 1183 1173 1243 extrinsecis
1209 1194 1269 1243 et
1295 1185 1626 1244 intrinsecis
1654 1186 1700 1244 si
1729 1185 1890 1246 leves
1925 1192 2286 1265 conjecturas
2310 1209 2446 1247 con-

301 1282 481 1357 feraS,
514 1279 725 1362 quibus
742 1280 1131 1355 recentioreS,
1159 1292 1367 1339 cuncta
1386 1281 1714 1342 innovandi
1736 1281 2001 1342 lubidine
2026 1282 2221 1358 ducti,
2255 1305 2323 1343 eo
2341 1283 2448 1344 de-

302 1389 600 1441 venerunt
618 1422 634 1452 ,
666 1388 730 1436 ut
756 1376 852 1438 vel
874 1376 1159 1437 Chaldaeae
1185 1377 1586 1460 metropolim,
1616 1378 1711 1438 vel
1742 1381 1980 1461 Aegypti
1998 1380 2168 1458 hujus
2191 1380 2447 1439 nominis

304 1475 551 1549 urbem,
599 1485 700 1533 aut
736 1474 924 1556 ipsam
976 1473 1445 1557 Hierosolymam
1496 1475 1886 1554 significatam
1943 1497 2067 1535 esse
2125 1475 2447 1536 contende-

305 1583 467 1646 rent,
520 1571 842 1653 comperies
863 1616 879 1646 ,
906 1591 1001 1629 eas
1033 1568 1210 1652 plane
1236 1591 1589 1631 evanescere
1617 1572 1741 1652 (5);
1785 1572 2109 1653 praesertim
2157 1593 2291 1631 cum
2326 1594 2449 1632 non

381 1796 451 1864 (l)
487 1794 587 1844 cfr.
617 1790 834 1840 Michael.
867 1799 979 1838 sect.
1007 1806 1058 1839 11.

381 1879 454 1941 (⁶2)
491 1878 559 1926 Ex
575 1876 689 1925 urbe
721 1874 967 1929 Corinthi,
994 1872 1076 1921 ubi
1095 1882 1206 1920 teste
1224 1870 1338 1920 Dio-

311 1965 450 2033 nysio
472 1960 822 2010 Corinthiorum
847 1957 1002 2021 Episc.
1028 1954 1187 2003 Petrus
1218 1971 1337 2019 prae-

314 2047 485 2096 dicavit
501 2082 514 2105 ,
533 2044 747 2093 comitem
763 2039 852 2088 sibi
878 2039 1070 2087 adscivit
1085 2036 1232 2085 Silam
1242 2039 1338 2085 sive

314 2131 556 2182 Silvanum
578 2162 595 2188 ‚
625 2127 683 2175 de
718 2141 812 2190 quo
849 2125 900 2171 sit
925 2139 1075 2171 sermo
1106 2120 1210 2169 Act.
1235 2138 1297 2169 xv
1320 2157 1334 2181 ‚

314 2232 378 2282 27
402 2251 415 2274 ,
449 2213 535 2273 32,
570 2206 654 2273 4ο.
684 2207 785 2257 Cfr.
809 2205 990 2255 Calmet
1016 2214 1062 2254 et
1094 2203 1338 2253 Cornelius

311 2316 340 2348 a
367 2295 541 2361 Lapide
562 2330 575 2353 ,
605 2295 656 2349 in
687 2309 703 2338 1
730 2289 854 2338 Petr.
880 2307 909 2337 v
931 2323 946 2350 ‚
984 2304 1064 2336 12.

385 2379 452 2444 (3)
490 2377 510 2425 Ι
539 2376 639 2425 Pet.
666 2393 728 2433 v,
774 2389 856 2421 12.

386 2462 451 2527 (4)
477 2460 579 2509 Cfr.
608 2467 838 2518 auctores,
858 2471 975 2521 quos
988 2452 1126 2518 paulo
1145 2461 1250 2500 ante
1271 2450 1341 2499 al-

315 2544 675 2612 legavimus,qui
686 2558 783 2590 uno
796 2541 951 2588 animo
965 2546 1205 2595 testantur,
1220 2533 1345 2582 Mar-

317 2647 426 2680 cum
437 2628 655 2678 comitem
673 2634 719 2673 et
731 2626 1034 2686 interpretem
1046 2620 1187 2667 fuisse
1206 2616 1345 2668 Sme-

319 2715 396 2773 tri,
415 2713 497 2779 qui
510 2718 747 2776 propterea
765 2707 1054 2764 existimant,
1073 2701 1343 2749 S.Marcum

320 2797 458 2844 fuisse
483 2806 821 2843 amanuensem
853 2788 1010 2846 Petri,
1045 2794 1279 2850 quatenus
1304 2783 1346 2830 ei

320 2879 548 2927 calamum
567 2892 620 2924 ac
645 2871 821 2941 stylum
854 2867 1272 2919 accommodaverit
1297 2866 1348 2911 in

322 2960 585 3010 scribendo.
626 2957 745 3006 Sane
775 2953 924 3021 stylus
954 2949 1121 3019 prioris
1148 2949 1346 3014 epistolae

322 3061 348 3092 a
376 3043 496 3108 stylo
525 3041 789 3107 posterioris
825 3034 1046 3085 nonnihil
1076 3031 1344 3097 discrepat,

324 3137 484 3193 utpote
516 3126 575 3174 ab
601 3125 690 3173 alio
721 3131 940 3172 exaratae.

393 3208 456 3272 (5)
493 3206 679 3255 Horum
729 3206 946 3252 omnium
979 3199 1348 3263 discrepantium

325 3291 662 3342 sententiarum
701 3298 908 3336 auctores
952 3294 998 3333 et
1035 3290 1312 3347 argumenta
1332 3316 1346 3339 ,

326 3374 499 3443 quibus
532 3389 662 3420 suam
679 3371 1005 3436 unusquisque
1025 3365 1262 3415 adstruere
1278 3366 1351 3411 ni-

307 3461 440 3507 'titur
457 3492 474 3518 ,
497 3453 636 3504 refert
665 3451 767 3499 Pott
787 3489 801 3510 ‚
823 3468 900 3516 op.
923 3461 967 3500 et
997 3448 1092 3498 loc.
1125 3449 1207 3495 cit.
1229 3446 1349 3517 prol.

327 3561 434 3609 pag.
463 3555 521 3588 12
548 3548 592 3588 et
621 3551 752 3601 seqq.
791 3537 871 3600 qui
900 3543 1122 3599 praeterea
1144 3539 1195 3579 et
1214 3531 1351 3578 aliam

328 3625 498 3691 adjecit
530 3624 580 3669 in
622 3616 1000 3667 adnotationibus
1036 3615 1094 3664 ad
1134 3630 1236 3678 cap.
1283 3609 1315 3660 5
1337 3649 1350 3671 ‚

331 3707 360 3755 3
384 3743 398 3767 ,
435 3703 512 3769 14.
556 3700 625 3752 Ex
662 3716 719 3749 eo
743 3713 915 3763 nempe
944 3697 1071 3763 quod
1089 3699 1140 3744 in
1170 3694 1354 3759 vulgato

1413 1801 1539 1839 textu
1558 1790 1675 1838 desit
1697 1808 1788 1839 vox
1811 1791 2094 1855 Ἐκκλησία,
2136 1794 2450 1859 collegerunt,

1415 1873 1616 1922 Wolfius
1633 1884 1677 1921 et
1692 1874 1874 1922 Millius
1891 1881 2339 1932 voce21120nxmr3v
2356 1893 2452 1926 esse

1417 1975 1592 2006 nomen
1609 1950 1809 2006 foeminae
1840 1960 2084 2024 cujusdam
2101 1997 2114 2018 ,
2147 1974 2191 2008 et
2216 1963 2453 2025 speciatim

1416 2046 1576 2093 uxoris
1587 2043 1726 2104 Petri,
1736 2062 1876 2110 quam
1889 2048 1986 2109 ipse
1996 2045 2446 2111 secumBabylonem

1417 2129 1630 2178 duxerat.
1664 2126 1801 2177 Hanc
1817 2132 2097 2178 sententiam
2116 2129 2361 2194 amplexus
2378 2138 2446 2178 est

1419 2211 1546 2272 Pott,
1567 2213 1648 2279 qui
1663 2211 1858 2277 proinde
1874 2211 2061 2279 adjecit,
2078 2211 2290 2261 Marcum
2306 2213 2446 2261 fuisse

1417 2295 1572 2343 filium
1592 2293 1854 2343 naturalem
1885 2294 2008 2343 Petri
2029 2314 2042 2358 ;
2065 2312 2270 2361 eumque
2297 2296 2445 2360 poeni·

1419 2380 1527 2439 tuit,
1550 2379 1678 2444 quod
1695 2378 1795 2427 haec
1803 2380 2008 2428 omiserit
2022 2381 2073 2427 in
2088 2379 2443 2445 prolegomenis,

1420 2478 1527 2529 quae
1556 2450 1656 2511 turm
1695 2462 1839 2527 praelo
1870 2479 2034 2511 excusa
2065 2472 2197 2512 erant
2215 2500 2229 2523 ,
2258 2462 2446 2528 quando

1420 2545 1522 2593 haec
1553 2545 1830 2594 observavit.
1864 2545 1936 2593 Ita
1973 2555 2159 2594 strenue
2194 2554 2445 2609 nugantur,

1423 2631 1505 2694 qui
1537 2646 1632 2677 non
1681 2630 1975 2695 antiquitatis
2014 2629 2328 2688 documenta,
2364 2628 2445 2676 sed

1423 2713 1632 2776 proprias
1656 2722 1891 2760 sectantur
1908 2715 2197 2777 conjecturas
2222 2713 2272 2758 in
2293 2708 2448 2776 Scrip-

1424 2804 1635 2842 turarum
1674 2795 2001 2859 intelligentia.
2032 2794 2124 2844 Sed
2157 2794 2247 2843 cfr.
2279 2793 2445 2860 Foggi-

1426 2877 1556 2933 nius,
1583 2876 1673 2924 loc.
1699 2878 1780 2925 cit.
1817 2880 1898 2941 qui
1928 2877 2027 2925 haec
2066 2879 2118 2925 in
2162 2885 2446 2924 antecessum

1428 2957 1562 3007 docte
1605 2959 1879 3025 eruditeque
1920 2959 2172 3008 rel'ellerat.
2210 2957 2449 3023 Quoniam

1429 3060 1535 3091 vero
1563 3042 1621 3090 de
1651 3042 1951 3107 opinionibus
1994 3041 2314 3107 singularibus
2347 3058 2452 3105 pro-

1429 3128 1698 3177 testantium
1731 3127 1910 3189 agimus
1927 3162 1941 3183 ,
1972 3141 2069 3172 non
2087 3125 2169 3171 abs
2192 3141 2239 3172 re
2266 3125 2350 3173 erit
2369 3124 2453 3172 ad-

1426 3213 1568 3278 jicere
1582 3217 1800 3257 eventum
1821 3206 2140 3264 memorabile,
2166 3206 2292 3271 quod
2307 3204 2448 3270 ephe-

1432 3293 1607 3342 meride
1624 3293 1851 3340 litterariae
1875 3289 2137 3355 Lipsienses
2164 3289 2179 3353 (
2201 3288 2458 3354 Leipziqer

1433 3372 1950 3436 Litteratur·Zeitunq
1971 3410 1983 3431 ‚
2027 3369 2149 3420 1831
2176 3409 2189 3431 ‚
2225 3389 2328 3436 pag.
2364 3367 2457 3434 ¹95

1432 3468 1475 3507 et
1501 3475 1634 3523 seqq.
1652 3457 1669 3520 )
1687 3456 1896 3504 referunt
1919 3492 1932 3512 ,
1954 3453 2168 3503 sciliceta
2184 3455 2458 3502 centurione

1432 3541 1637 3607 quodam
1657 3575 1672 3597 ‚
1702 3540 1939 3587 occasione
1966 3536 2270 3602 expeditionis
2303 3533 2458 3599 Napo-

1433 3624 1624 3672 leonicae
1645 3622 1696 3668 in
1729 3620 1984 3687 AEgyptum
2025 3627 2242 3684 susceptas
2265 3654 2279 3677 ,
2316 3632 2457 3681 prope

1431 3705 1618 3771 Joppen
1656 3702 1795 3770 Syriae
1839 3704 1964 3753 hanc
1993 3702 2164 3768 lapidis
2193 3698 2457 3766 sepulcralis
