2514 4218
570 239 722 280 PAR‘r.
768 242 809 279 1.
855 240 975 281 cAr.
1030 243 1114 280 111.
1164 242 1232 281 ΒΕ
1278 242 1553 281 ncczsssm
1598 243 1777 279 noris·
2087 221 2202 281 135

250 415 455 485 Unicus
468 454 490 482 ,
527 418 840 482 sanctz'taS,
868 414 1233 473 catholicicas
1274 425 1328 472 ec
1362 415 1751 494 apostolicitas
1782 399 2060 474 Ecclesz'ae

980 509 1293 568 Romanoe.

166 748 304 808 235.
354 752 429 808 Ac
470 752 658 831 primo
696 749 930 831 quidem
963 748 1248 805 unitatem
1280 750 1553 809 Romanae
1588 751 1845 811 Ecclesiae
1870 762 2204 832 competere

89 845 375 904 evincitur
397 867 467 903 ex
496 845 768 921 notione,
793 863 969 925 quam
1002 840 1174 918 hujus
1199 854 1354 900 notae
1390 843 1760 905 exhibuimus
1781 891 1795 920 .,
1825 867 2070 927 quaeque
2099 847 2201 904 ni-

88 939 303 998 mirum
341 940 567 1018 exurgit
600 960 669 998 ex
706 939 930 996 unitate
963 935 1100 994 fidei
1137 949 1195 994 et
1225 938 1652 997 communionis
1682 962 1797 998 una
1837 961 1970 999 cum
2008 940 2200 999 medio

86 1032 162 1090 ad
211 1043 520 1114 utramque
577 1029 1014 1115 producendam
1083 1041 1142 1089 et
1217 1032 1682 1091 conservandam
1729 1034 1940 1094 idoneo
1965 1081 1982 1110 .,
2042 1034 2201 1117 quod

84 1127 244 1186 aliud
288 1149 478 1208 neque
523 1137 612 1188 est
650 1145 847 1205 neque
892 1145 1016 1184 esse
1051 1136 1246 1206 potest
1283 1127 1394 1185 nisi
1427 1129 1780 1209 principium
1815 1131 2195 1189 auctoritatis,

87 1223 266 1279 Porro
299 1221 555 1281 Ecclesiae
583 1222 856 1278 Romanae
883 1221 1220 1278 constitutio
1256 1222 1544 1302 principio
1569 1225 1951 1298 auctoritatis,
1978 1236 2037 1283 et
2065 1225 2201 1306 qui-

85 1316 218 1374 dem
258 1315 574 1378 infallibilis
602 1315 663 1372 in
690 1313 953 1386 docendo
972 1360 988 1388 7
1023 1325 1084 1373 et
1116 1335 1403 1395 supremae
1435 1318 1498 1372 in
1535 1316 1790 1396 regendo
1816 1318 2005 1399 (quas
2033 1318 2199 1378 dotes

82 1410 258 1490 paulo
292 1421 426 1493 post
456 1409 506 1469 ei
545 1407 1056 1486 vindicabimus),
1089 1409 1380 1468 innititur.
1421 1413 1547 1484 Quo
1586 1412 1652 1468 fit
1683 1422 1750 1470 ut
1773 1413 1969 1472 omnia
1992 1424 2052 1472 et
2076 1413 2202 1471 sin-

82 1504 212 1584 gula
245 1502 504 1563 membra
529 1504 796 1581 'ejusdem
831 1502 1092 1563 Ecclesiae
1117 1514 1430 1564 teneantur
1464 1510 1586 1583 ejus
1614 1504 1971 1564 solemnibus
1999 1507 2201 1566 defini-

84 1597 335 1662 tionibus
357 1620 491 1656 ·non
532 1597 723 1656 solum
758 1597 930 1657 corde
951 1643 966 1674 ‚
1001 1598 1103 1658 sed
1142 1609 1201 1657 et
1245 1611 1441 1658 mente
1474 1621 1535 1659 se
1566 1599 1850 1677 subJ'icere
1871 1646 1887 1667 „
1927 1602 1974 1658 si
2011 1600 2200 1660 velint

78 1694 141 1751 in
169 1692 372 1753 eadem
407 1714 797 1773 permanere3
834 1694 900 1751 fit
936 1704 1002 1750 ut
1044 1693 1309 1752 membra
1344 1698 1466 1771 ejus
1493 1693 1717 1772 singula
1756 1694 1836 1752 ita
1864 1693 2121 1753 debeant
2144 1706 2203 1754 et

78 1809 207 1847 cum
233 1788 419 1869 ca'pite
445 1791 566 1865 ejus
590 1786 830 1862 visibili,
854 1789 1117 1855 Romano
1138 1788 1440 1862 pontifice,
1470 1799 1529 1847 et
1551 1809 1747 1847 secum
1772 1789 2025 1848 invicem
2049 1810 2203 1847 com-

46 1890 49 1893 ’
78 1882 375 1942 municare
394 1928 412 1958 ,
455 1904 519 1941 ac
545 1881 875 1963 pastoribus
903 1884 1020 1941 suis
1048 1882 1157 1941 sub
1183 1885 1445 1941 Romano
1480 1884 1758 1942 Pontifice
1789 1882 2195 1965 obtemperare

77 1990 136 2038 et
161 1977 397 2057 subjici,
425 1989 492 2037 ut
524 1990 804 2059 tanquam
833 1978 1054 2037 ethnici
1082 1990 1141 2037 et
1162 1976 1461 2059 publicani
1488 1976 1821 2036 habeantur
1848 1979 2201 2060 quicumque

75 2071 183 2132 sub
220 2074 425 2154 quovis
451 2085 737 2154 praetextu
759 2073 1152 2155 superioribus
1174 2073 1291 2131 suis
1325 2072 1662 2154 respectivis
1684 2118 1699 2146 7
1750 2074 2015 2131 Romano
2047 2094 2207 2154 prae-

77 2167 278 2226 sertim
324 2169 586 2227 Pontifici
632 2168 917 2246 ejusmodi
963 2167 1385 2247 subjectionem
1434 2168 1784 2227 detrectant.
1845 2166 2202 2227 Omnimoda

80 2261 327 2342 proinde
361 2283 432 2320 ex
466 2262 587 2343 ipsa
625 2263 887 2322 Ecclesiae
920 2265 1198 2323 Romanae
1221 2263 1638 2322 constitutione
1686 2261 1928 2343 profluit
1969 2262 2162 2321 unitas
2182 2307 2197 2336 a

81 2376 182 2414 seu
213 2378 397 2414 unum
430 2356 618 2432 ovile,
653 2378 806 2415 unus
839 2378 975 2436 grex
998 2403 1014 2431 a
1053 2380 1238 2415 unum
1276 2378 1522 2435 regnum
1544 2402 1561 2433 ‚
1602 2379 1719 2414 una
1762 2356 1972 2414 domus
1993 2401 2009 2430 ,
2049 2378 2200 2415 unus

78 2451 347 2532 spiritus,
396 2472 579 2509 unum
617 2472 861 2534 corpuS‚
906 2474 1021 2509 una
1061 2452 1239 2527 fides,
1284 2473 1437 2509 unus
1476 2462 1713 2532 pastor,
1752 2472 1938 2508 unum
1982 2461 2196 2530 caput,

78 2568 263 2604 unum
300 2546 751 2605 fundamentum
782 2592 798 2620 ‚
836 2546 1160 2625 cujusmodi
1189 2568 1405 2628 nempe
1428 2547 1684 2607 vidimus
1715 2567 1747 2604 a
1775 2545 2003 2604 Christo
2035 2566 2200 2604 suam
2263 2574 2281 2594 ι

77 2641 250 2700 fuisse
275 2640 585 2700 Ecclesiam
620 2641 970 2699 institutam.
1005 2641 1067 2699 vi
1101 2652 1414 2722 propterea
1437 2640 1609 2718 hujus
1633 2639 2069 2699 constitutionis
2095 2641 2201 2698 Ec-

77 2735 243 2795 clesia
273 2738 531 2795 Romana
554 2738 811 2797 servavit
833 2736 984 2795 hanc
1008 2736 1410 2795 omnimodam
1443 2737 1732 2795 unitatem
1757 2737 1879 2795 sive
1902 2734 2037 2793 fidei
2059 2779 2075 2810 ‚
2105 2756 2202 2794 ex·

76 2830 348 2913 pellendo
374 2832 580 2913 quovis
609 2843 877 2913 tempore
906 2843 1217 2892 novatores
1242 2832 1304 2890 in
1327 2852 1502 2890 sensu
1539 2853 1643 2890 suo
1677 2831 2005 2912 pervicaces
2026 2874 2043 2903 ,
2075 2830 2198 2888 sive

77 2928 526 3002 communioniS‚
551 2926 864 3004 rejiciendo
888 2926 1073 2987 veluti
1095 2926 1488 2985 schismaticos
1519 2946 1947 3008 quoscumque,
1980 2924 2079 3006 qui
2106 2923 2205 2983 de-

76 3019 259 3081 bitam
298 3023 352 3081 ei
387 3022 807 3100 subjectionem
855 3017 1170 3102 denegant.
1204 3023 1348 3081 Tota
1382 3022 1625 3081 historia
1673 3020 2054 3080 ecclesiastica
2085 3019 2200 3078 hu·-

75 3117 229 3190 jusce
258 3117 515 3177 Ecclesiae
545 3119 818 3177 Romanae
846 3118 1055 3197 agendi
1082 3118 1323 3176 rationis
1351 3117 1516 3176 testis
1539 3128 1626 3176 est
1647 3115 2124 3198 locupletissima.

163 3209 300 3269 236.
349 3214 541 3285 Quum
567 3234 704 3273 vero
733 3235 804 3273 ex
835 3213 1002 3271 dictis
1030 3214 1094 3271 in
1131 3223 1269 3272 nota
1297 3213 1537 3271 unitatis
1564 3223 1766 3271 ceterae
1790 3208 2198 3283 includantur,

95 3312 193 3359 aut
218 3323 289 3363 ex
309 3327 375 3365 ea
408 3321 610 3390 suapte
633 3320 842 3368 natura
869 3307 1175 3367 dimanent
1195 3354 1211 3383 ,
1251 3330 1506 3390 pronum
1532 3319 1619 3366 est
1653 3307 1888 3384 inferre,
1925 3328 2042 3365 una
2068 3327 2202 3364 cum

95 3393 191 3452 illa
223 3400 561 3477 posteriores
594 3415 761 3462 notas
800 3402 1058 3462 Ecclesiae
1083 3406 1361 3464 Romanae
1397 3403 1616 3485 pariter
1655 3414 2007 3483 competere.
2054 3403 2202 3459 Sane

99 3510 229 3548 cum
257 3503 394 3552 nota
417 3499 751 3575 sanctitatiS‚
778 3511 953 3581 prout
977 3499 1229 3558 exterior
1250 3510 1308 3558 et
1331 3496 1573 3558 visibilis
1599 3509 1711 3571 est,
1744 3498 1830 3555 uti
1846 3501 1967 3575 ejus
1996 3505 2206 3554 natura

96 3585 386 3665 postulat,
428 3593 660 3669 patefiat
688 3616 811 3653 non
850 3595 1026 3653 modo
1066 3595 1339 3653 exercitio
1381 3593 1647 3652 omnium
1693 3595 1976 3655 virtutum
2024 3590 2204 3649 etiam

97 3679 158 3737 in
197 3702 424 3739 summo
467 3684 678 3761 gradu,
716 3689 1003 3769 quatenus
1058 3690 1462 3771 complectitur
1504 3689 1678 3748 etiam
1728 3686 1965 3747 consilia
2017 3705 2201 3746 evan-
