2514 4218
405 226 559 266 PARr.
606 227 647 261 1.
696 223 846 261 sacr.
895 223 959 261 ιι.
1008 221 1129 262 cAr.
1178 222 1238 260 11.
1284 222 1351 257 nn
1395 219 1621 258 rmum.
1672 219 1891 257 rnnru'r.
2087 197 2206 259 389

89 388 276 428 manae
304 368 463 427 urbis
487 369 851 449 Episcopum.
891 366 1122 425 Etenim
1156 367 1218 424 10
1243 364 1303 422 id
1333 386 1453 422 non
1482 363 1786 422 confici-tur
1814 383 1885 421 ex
1916 384 2017 438 eo,
2043 363 2201 444 quod

90 463 262 522 Sedes
300 484 537 521 romana
578 462 789 543 passim
840 463 1141 520 Cathedroe
1179 462 1356 519 Petri
1391 459 1631 517 nomine
1671 457 1946 536 insignita
1989 458 2196 532 fuerit3

89 577 221 614 cum
248 556 614 638 exploratum
649 556 891 616 eruditis
926 555 1032 628 sit,
1062 552 1418 613 dealiarum
1447 554 1621 612 etiam
1657 550 2035 610 Ecclesiarum
2072 553 2200 633 Epi-

86 651 270 731 scopis
303 651 416 710 dici
450 673 544 711 eos
575 652 924 709 Cathedram
966 649 1120 708 Petri
1154 647 1468 706 obtinuisse
1489 691 1505 720 .‚
1542 647 1662 704 imo
1686 657 1746 705 et
1776 646 1951 704 Petri
1972 668 2199 707 succes·—

83 767 238 805 sores
282 748 453 806 fuisse
508 759 761 808 vocatos
811 748 880 804 20
928 747 1099 804 Certe
1153 764 1332 802 nemo
1374 742 1781 824 Apostolorum
1842 741 2194 824 peculiarem

84 842 258 919 gessit
307 843 728 923 Episcopatum.
773 841 838 899 30
888 841 1093 898 Secum
1139 838 1295 896 enim
1327 838 1578 896 invicem
1624 847 1889 918 pugnant
1939 834 2197 918 Apostoli

82 946 142 992 et
178 935 440 1017 Episcopi
469 958 748 995 munera:
786 932 1039 1016 Apostoli
1078 931 1364 1013 siquidem
1387 952 1603 989 munus
1637 933 1812 1010 exigit
1848 930 1995 989 nulli
2023 953 2195 1014 pecu·

80 1028 211 1087 liari
234 1028 356 1088 loco
395 1030 691 1090 addictum
737 1049 893 1102 esse,
925 1028 1192 1108 Episcopi
1226 1038 1421 1085 autem
1457 1035 1675 1085 certam
1697 1025 1896 1086 sedem
1931 1038 1994 1086 et
2017 1047 2196 1108 pecu-

81 1123 283 1182 liarem
324 1146 555 1205 gregem
598 1123 854 1205 exposcit
892 1123 1002 1201 (1).
1051 1123 1214 1201 Ergo,

163 1218 299 1279 568.
344 1221 514 1301 Resp.
553 1219 704 1299 Neq.
753 1228 879 1277 ant.
917 1215 1005 1275 Ad
1044 1218 1123 1274 lm
1176 1215 1342 1296 proh.
1383 1221 1535 1299 Dzst.
1567 1215 1798 1295 Legitur
1836 1214 1908 1275 de
1949 1215 2193 1277 aliarum

80 1313 459 1373 Ecclesiarum
479 1313 767 1396 Episcopis
796 1333 893 1371 eos
921 1309 1242 1371 obtinuisse
1270 1312 1425 1369 Petri
1452 1310 1844 1385 Cathedram
1877 1323 1936 1371 et
1959 1324 2192 1372 vocatos

79 1410 238 1467 Petri
288 1429 632 1467 successores
685 1406 923 1467 abusive
978 1417 1036 1465 et
1087 1406 1439 1487 improprie,
1493 1426 1651 1464 conc.
1672 1407 2014 1488 3prop1ie
2060 1429 2192 1487 neq.

77 1505 301 1584 Nempe
330 1501 680 1584 quandoque
737 1503 913 1561 etiam
964 1501 1087 1560 aliae
1131 1500 1294 1561 sedes
1324 1511 1539 1581 praeter
1570 1521 1875 1559 romanam
1913 1500 2189 1560 dicuntur

77 1600 364 1660 Cathedra
400 1601 552 1659 Petri
575 1645 590 1672 ,
622 1600 958 1681 vearumque
997 1597 1269 1681 praesules
1305 1598 1461 1656 Petri
1496 1616 1845 1655 successores
1876 1596 2071 1677 plures
2111 1597 2185 1656 ob
2282 1675 2285 1678 ι

74 1715 266 1753 causas
317 1715 331 1752 ε
386 1695 449 1753 10
498 1695 631 1776 quia
684 1715 754 1753 ex
810 1694 966 1753 Petri
1006 1691 1292 1752 Cathedra
1345 1713 1447 1749 suo
1503 1690 1683 1750 veluti
1738 1712 1811 1750 ex
1852 1691 2013 1750 fonte
2042 1693 2187 1772 epi·
2274 1727 2280 1734 -

74 1788 315 1869 scopulis
354 1788 680 1867 jurisdictio
735 1799 1085 1869 promanat3
1130 1787 1198 1845 20
1243 1788 1374 1866 quia
1425 1785 1711 1844 unitatem
1755 1785 1934 1866 ipsius
1969 1787 2187 1844 consti-

74 1895 250 1941 tuunt
293 1905 423 1942 cum
465 1884 620 1943 Petri
657 1883 963 1955 cathedra,
1007 1903 1137 1963 quae
1187 1882 1363 1940 totius
1422 1879 1678 1939 Ecclesiae
1736 1891 2004 1939 centrum
2058 1882 2202 1953 estg'

77 1977 143 2035 30
163 1980 293 2060 quia
317 1978 633 2060 peculiares
663 1978 776 2038 illae
808 1977 1068 2037 Ecclesiae
1091 1977 1182 2036 vel
1209 1998 1238 2034 a
1270 1979 1439 2035 Petro
1472 1974 1563 2033 vel
1593 1974 1667 2032 ab
1689 1974 1881 2055 aliquo
1909 1979 2029 2051 ejus
2054 1995 2186 2033 suc-

77 2092 298 2132 cessore
349 2074 626 2138 institutae
686 2074 941 2133 suerunt.
999 2072 1101 2130 His
1146 2081 1450 2152 propterea
1500 2068 1740 2150 aliisque
1784 2068 2066 2146 ejusmodi
2109 2068 2183 2129 de

78 2169 258 2226 causis
296 2169 511 2226 factum
569 2179 694 2241 est7
744 2179 809 2225 ut
850 2169 1158 2226 interdum
1199 2166 1313 2225 lata
1364 2164 1618 2247 quadam
1660 2164 2073 2242 significatione
2117 2165 2185 2222 iis

74 2261 408 2320 nominibus
437 2261 600 2322 sedes
642 2261 754 2321 illae
781 2262 996 2321 fuerint
1030 2261 1351 2340 insignitae,
1387 2270 1446 2318 et
1475 2262 1680 2317 earum'
1717 2259 1984 2339 Episcopi
2010 2259 2188 2316 Petri

71 2377 420 2415 successores
469 2357 805 2437 nuncupati.
867 2358 1138 2415 Ceterum
1185 2375 1488 2435 nunquam
1544 2354 1606 2411 in
1652 2356 1895 2411 istorum
1949 2353 2182 2432 Episco-

70 2473 282 2532 porum
324 2450 590 2530 catalogis
629 2452 820 2532 primo
847 2449 972 2509 loco
1010 2450 1251 2532 ponitur
1282 2451 1485 2507 Petrus
1505 2492 1521 2520 7
1552 2447 1637 2505 uti
1663 2456 1998 2504 constanter
2032 2447 2099 2503 fit
2117 2447 2181 2504 in

70 2545 336 2626 catalogis
351 2544 607 2605 Ecclesiae
630 2567 920 2618 romanae3
948 2565 1250 2626 nunquam
1275 2542 1483 2601 dicitur
1498 2586 1516 2615 ‚
1539 2543 1777 2600 Petrum
1791 2541 1852 2598 in
1879 2540 1976 2598 illa
1997 2540 2183 2614 Eccle-

70 2641 150 2698 sia
203 2640 460 2714 sedisse
492 2661 736 2722 eamque
786 2640 859 2698 ad
902 2651 1150 2699 mortem
1191 2658 1372 2718 usque
1411 2637 1663 2710 rexisse,
1715 2635 1802 2694 uti
1845 2655 2074 2716 semper
2107 2633 2180 2694 de

65 2756 306 2793 romana
355 2736 601 2794 occurrit
649 2734 914 2794 Ecclesia.

150 2832 287 2892 569.
338 2833 421 2891 Ad
442 2834 569 2902 2¹¹1,
608 2833 758 2913 Ney.
793 2832 1073 2894 Universa
1098 2831 1383 2913 siquidem
1424 2788 1736 2912 antiquitas
1765 2830 1968 2902 (locet.
2002 2829 2058 2888 S.
2075 2830 2180 2887 Ja-

69 2924 274 2987 cobum
339 2927 510 2987 fuisse
575 2928 918 3009 Episcopum
960 2927 1217 2987 Ecclesiae
1269 2925 1788 3006 hierosolymitanae
1846 2924 1957 3004 (2).
2011 2922 2178 2997 Quod

71 3159 73 3161 .
140 3118 202 3180 (1)
238 3117 306 3168 Ita
346 3117 471 3170 Sam.
519 3119 774 3186 Basnagius
806 3154 820 3176 ,
877 3116 1065 3166 Annal.
1146 3115 1298 3166 Hom.
1326 3133 1503 3164 xxxviii
1526 3151 1541 3172 ,
1569 3116 1742 3163 iniud
1772 3114 1884 3163 Cor.
1904 3133 1954 3163 n.
1979 3113 2045 3178 43
2080 3114 2176 3180 Gy-

60 3196 440 3263 politico-eccles.
477 3203 536 3250 ad
567 3218 744 3249 annum
773 3199 831 3248 51
862 3237 874 3258 ,
909 3197 937 3266 ᾗ
965 3199 1020 3247 3ι
1051 3215 1066 3261 3
1148 3199 1277 3247 rillus
1321 3197 1545 3246 Hierosol.
1588 3195 1779 3244 Catech.
1810 3213 1886 3243 xiv
1911 3233 1924 3256 ‚
1966 3213 2019 3244 n.
2067 3210 2123 3244 21
2160 3230 2176 3258 ‚

68 3278 127 3327 ad
155 3297 232 3327 an.
271 3279 331 3342 40
350 3318 364 3341 ,
395 3274 532 3347 §2o;
561 3284 620 3332 ad
647 3301 724 3332 an.
755 3280 819 3347 42
840 3319 853 3343 ,
888 3279 915 3347 §
947 3280 999 3331 8.
1151 3290 1194 3329 et
1234 3280 1344 3328 alibi
1372 3283 1540 3344 passim
1564 3313 1580 3338 ‚
1621 3277 1895 3344 Hieronym.
1935 3275 2016 3324 De
2053 3278 2174 3324 viria

137 3361 200 3423 (2)
238 3360 316 3408 Uti
357 3361 642 3430 Hegesippus
674 3402 687 3424 ‚
729 3364 851 3429 apud
897 3362 1066 3412 Euseb.
1154 3361 1329 3411 illustr.
1349 3379 1449 3425 cap.
1468 3375 1518 3421 2,
1537 3361 1647 3408 edit.
1667 3359 1863 3408 Vallars.
1884 3370 1927 3408 et
1947 3362 1997 3407 iu
2018 3358 2160 3407 Com-

66 3441 152 3490 lib.
186 3458 251 3501 n,
297 3459 400 3507 cap.
448 3446 535 3510 ²33
587 3445 734 3495 Clem.
778 3446 907 3493 Alex.
949 3444 1067 3492 ibid.
1155 3452 1299 3491 mem.
1322 3443 1380 3489 in
1417 3459 1492 3507 ep.
1524 3440 1589 3488 ad
1619 3439 1731 3488 Gal.
1764 3441 1847 3491 lib.
1873 3458 1916 3500 1,
1953 3440 2059 3488 edit.
2082 3440 2161 3486 cita

66 3539 166 3588 cap.
207 3539 224 3571 1
249 3539 264 3584 ;
295 3523 522 3573 Eusebius
553 3529 648 3592 ipse
668 3565 681 3588 ,
718 3528 790 3575 ib.
828 3544 932 3592 cap.
965 3523 1025 3588 14
1048 3541 1062 3587 ;
1153 3535 1269 3574 tom.
1295 3539 1393 3585 vn,
1415 3540 1515 3587 pag.
1537 3520 1665 3588 3963
1685 3524 1992 3586 Augustinus,
2019 3518 2161 3571 Com.

66 3607 175 3653 item
202 3603 285 3652 lib.
318 3621 399 3662 ιιι,
423 3623 524 3671 cap.
551 3605 582 3655 5
603 3619 693 3665 ‚et
722 3625 825 3673 cap,
854 3625 881 3674 7
907 3624 923 3670 3
958 3610 1069 3656 item
1156 3604 1376 3654 Creu-on.
1420 3604 1504 3652 lib.
1553 3620 1620 3664 u,
1658 3621 1759 3668 cap.
1793 3602 1853 3666 37
1876 3639 1889 3659 ‚
1938 3611 1981 3650 et
2016 3597 2165 3650 Cont-

64 3684 148 3733 lib.
188 3702 285 3745 vn,
327 3702 424 3751 cap.
474 3703 559 3753 ¹93
595 3689 824 3753 Epiphan.
867 3689 1066 3736 Hoeres.
1151 3686 1276 3735 liter.
1311 3684 1456 3734 Petit.
1489 3685 1574 3733 lib.
1608 3699 1672 3747 11,
1697 3701 1799 3749 cap.
1833 3680 1916 3730 51.

66 3782 263 3830 invni,
305 3768 416 3817 edit.
446 3767 601 3818 Petav.
637 3787 688 3817 n.
726 3786 786 3834 73
831 3768 1066 3834 Chrysost.
