2514 4218
2066 189 2186 248 293

480 210 639 248 PART.
683 212 723 246 1.
774 209 900 246 CAP.
949 209 1030 249 lv·
1075 204 1155 246 DE*
1186 210 1459 248 ECCLESIAE
1503 210 1757 247 DOTlBUS.

69 352 472 434 supervenisse
495 344 671 409 statui
694 354 817 427 jam
842 351 1159 410 constituto
1177 393 1194 423 .,
1219 348 1294 409 ab
1319 372 1503 431 eoque
1534 349 1614 408 ita
1641 361 1937 431 receptam
1958 396 1973 426 a
2004 362 2071 411 ut
2097 351 2186 411 illi

71 447 360 507 dominari
384 446 599 526 possit.)
635 446 923 526 siquidem
952 466 1089 504 vera
1124 444 1324 524 religio
1363 446 1620 504 anterior
1665 455 1754 504 est
1803 446 1965 503 omni
2017 468 2188 529 repu-

69 540 216 599 blica
237 585 253 615 ‚
285 561 386 598 seu
408 550 564 598 statu
595 562 660 599 ac
684 541 990 612 societater,
1025 536 1287 620 adeoque
1309 540 1436 621 ipsa
1461 549 1680 598 statum
1700 540 1765 598 in
1787 540 1984 598 sinum
2008 562 2182 602 suum

69 635 321 713 recepit.
381 656 499 693 non
540 646 740 695 autem
792 645 974 693 status
1019 631 1361 711 religionem
1404 656 1508 694 seu
1551 635 1879 694 Ecclesiam.
1937 634 2184 695 Ecclesia

71 729 289 788 Christi
314 730 531 810 recepit
556 730 617 787 in
642 750 702 789 se
727 726 1150 809 rempublicam
1172 771 1188 800 ,
1227 739 1518 807 quatenus
1553 728 1879 810 respublica
1903 750 2187 790 conversa

70 836 158 883 est
197 846 268 883 ex
307 823 815 904 superstitionibus
848 823 965 881 suis
993 821 1069 897 ad
1103 832 1303 882 veram
1337 821 1550 897 fidem,
1593 845 1658 882 ac
1691 835 2000 906 propterea
2038 826 2190 888 cives

70 920 311 998 ingressi
341 931 479 977 sunt
501 921 562 977 in
588 918 849 978 Ecclesiae
872 915 1179 996 gremium.
1221 916 1469 976 Ecclesia
1502 929 1561 977 et
1588 918 1914 999 respublica
1946 921 2188 979 minime

71 1016 317 1097 spectari
347 1015 567 1078 debent
600 1027 667 1073 ut
705 1014 828 1072 duo·
856 1022 1040 1071 status
1061 1057 1077 1085 ,
1118 1012 1223 1071 sed
1256 1024 1323 1070 ut
1355 1013 1550 1073 anima
1594 1024 1653 1074 et
1690 1035 1898 1096 corpus
1927 1017 2192 1093 ejusdem

72 1121 256 1168 status
293 1122 352 1169 et
395 1110 682 1170 societatis
718 1109 849 1186 (l-);
891 1107 1391 1187 quemadmodum
1429 1130 1571 1173 vero
1606 1130 1812 1191 corpus
1849 1132 1973 1168 non
2016 1110 2192 1171 debet

72 1203 360 1263 dominari
391 1205 458 1263 in
495 1204 782 1278 animam,
833 1200 935 1260 sed
970 1201 1164 1282 potius
1211 1202 1403 1263 eidem
1434 1202 1673 1265 >subesse
1709 1205 1771 1262 in
1808 1205 1907 1280 iis,
1948 1226 2079 1286 quae
2116 1205 2192 1265 ad

72 1300 330 1358 animam
378 1300 712 1381 pertinent,
755 1297 835 1356 sic
881 1316 990 1355 nec
1035 1306 1227 1377 potest
1268 1317 1377 1355 nec
1420 1296 1597 1356 debet
1633 1298 1817 1360 civilis
1857 1299 2184 1381 respublica

74 1393 360 1453 dominari
387 1395 448 1452 in
483 1392 813 1451 Ecclesiam.
856 1392 1009 1450 Finis
1039 1390 1415 1450 immediatus
1449 1391 1708 1451 Ecclesiae
1734 1405 1823 1452 est
1847 1395 2094 1453 interior
2128 1407 2192 1456 et

74 1489 387 1571 spiritualis
427 1487 701 1565 felicitas,
739 1487 869 1545 finis
898 1486 1272 1545 immediatus
1316 1485 1644 1567 reipublicae
1680 1498 1769 1546 est
1800 1487 2042 1547 felicitas
2083 1510 2189 1548 ex-

75 1585 254 1644 terior
284 1596 344 1643 et
381 1582 720 1665 temporalis
743 1628 758 1656 ,
797 1582 929 1640 finis
967 1581 1210 1639 ultimus
1249 1581 1552 1662 utriusque
1583 1593 1670 1641 est
1700 1581 1940 1642 felicitas
1977 1594 2192 1642 aeterna

71 1679 436 1738 subditorum
478 1678 589 1757 (2).
636 1677 1031 1749 Quamobrem
1078 1675 1354 1756 praeclare
1401 1676 1660 1743 Gelasius
1717 1699 1865 1735 rom.
1924 1675 2192 1737 Pontifex

70 1774 357 1834 scribebat
393 1774 470 1834 ad
503 1774 872 1834 Anastasium
906 1774 1328 1853 Imperatorem
1359 1793 1373 1827 z
1399 1774 1539 1830 Duo
1562 1782 1726 1844 sunt,
1757 1774 2193 1851 quihuspriw-

68 1873 348 1948 cipaliter
382 1871 649 1929 inundata
693 1870 791 1927 hic
826 1871 1095 1948 reyitur,
1142 1872 1473 1926 auctoritas
1507 1888 1685 1926 sacra
1732 1867 2106 1946 Pontificum
2141 1878 2196 1925 et

69 1968 285 2045 reqalis
302 1976 577 2045 potestas,
595 1966 676 2024 In
704 1966 924 2044 quibus
948 1973 1112 2020 tanto
1130 1966 1385 2040 ,qv-*avius
1404 1972 1487 2020 esc
1504 1963 1749 2040 pondus
1780 1963 2191 2033 Sacerdotum,

70 2072 292 2139 quanto
334 2065 514 2119 etiam
544 2082 662 2140 pro
700 2064 852 2139 ipsis
892 2059 1159 2138 Reyibus
1192 2059 1467 2131 ¹Domino
1515 2059 1585 2115 in
1623 2057 1832 2115 divino
1884 2057 2194 2136 reddituri

70 2167 216 2214 sunt
247 2163 523 2214 exam-ine
558 2161 849 2214 rationem
882 2154 993 2233 (3).

151 2250 293 2309 439.
345 2252 432 2310 Ad
464 2252 550 2307 2¹¹1
575 2297 590 2325 ,
627 2251 778 2330 Ney.
826 2252 959 2308 Haec
995 2250 1156 2308 enim
1197 2247 1436 2307 assertio
1468 2247 1830 2307 schismatica
1864 2257 1952 2306 est
1981 2257 2041 2307 et
2069 2244 2191 2307 hae·

70 2347 245 2405 retica
266 2392 282 2420 ,
310 2356 374 2404 ut
400 2346 811 2427 pronunciavit
843 2344 1223 2424 Congregatio
1251 2345 1309 2401 S.
1342 2342 1739 2424 Inquisitionis
1771 2341 1879 2400 sub
1910 2342 2193 2401 Innocen-

70 2442 150 2498 tio
187 2442 267 2514 X3
305 2452 363 2499 et
395 2453 549 2500 recte
588 2440 859 2522 quidem,
894 2441 1027 2521 quia
1074 2441 1241 2496 Rom.
1278 2437 1544 2496 Pontifex
1586 2438 1916 2518 primatum.
1950 2434 2190 2515 jurisdi-

70 2536 276 2594 ctionis
312 2547 475 2595 tenet
510 2537 570 2593 in
601 2537 937 2596 universam
974 2533 1284 2594 Ecclesiam
1307 2579 1323 2609 .,
1359 2543 1537 2615 prout
1573 2531 1843 2594 definivit
1867 2530 2191 2591 Concilium

77 2630 482 2690 Florentinum
516 2630 624 2713 (4).

144 2824 208 2887 (1)
244 2824 321 2872 Sic
354 2823 569 2889 praeclare
615 2823 770 2871 scribit
817 2820 868 2871 S.
897 2819 1095 2869 Isidorus
1179 2819 1410 2868 scribebat
1445 2836 1459 2868 ε
1489 2815 1633 2867 Sicut
1653 2833 1819 2866 sensus
1837 2815 2067 2866 animalis
2080 2818 2194 2867 sulz-

76 2905 302 2955 Pelusiota
322 2945 336 2966 ‚
366 2910 498 2972 epist.
527 2922 683 2954 ccxux
709 2943 722 2966 ,
751 2905 836 2954 lib.
872 2920 928 2952 m
947 2942 962 2965 ‚
989 2923 1097 2971 opp.

80 2990 188 3039 edit.
221 2991 362 3039 Paris.
413 2986 540 3037 1638
579 3005 593 3038 ι
632 2987 711 3036 Ea·
754 2986 1015 3036 sacerdotio
1057 2995 1101 3035 et

81 3085 222 3134 reqno
235 3089 393 3120 rerum
416 3071 774 3120 administratio
790 3069 994 3135 conflata
1010 3076 1097 3119 est.

89 3151 322 3216 Quamvis
331 3155 456 3202 enim
466 3169 734 3218 permaqna
748 3154 995 3216 utriusque
1007 3151 1097 3216 dif-

78 3233 284 3296 ferentia
311 3237 374 3282 sit
414 3234 571 3299 (illud
592 3236 722 3282 enim
745 3232 896 3281 veluti
927 3235 1096 3281 anima

84 3322 152 3360 est
173 3351 187 3373 ‚
222 3314 304 3362 Ῑιοο
330 3316 452 3364 velut
479 3317 677 3383 corpu-s)
697 3355 710 3377 ‚
747 3317 812 3363 ad
836 3332 993 3364 unum
1022 3323 1096 3362 ta-

85 3411 196 3442 men
229 3404 271 3442 ee
310 3397 522 3445 eumdem
548 3400 696 3463 finem
733 3394 969 3460 tendunt,
1008 3397 1094 3446 hoc

86 3484 178 3535 est,
209 3475 277 3524 ad
308 3475 552 3526 hominum
574 3479 790 3530 salutem.

156 3559 221 3622 (2)
257 3557 355 3606 Cfr.
390 3556 629 3620 Zaccaria,
674 3562 755 3613 cit.
802 3548 976 3611 dissert.
1032 3563 1094 3623 3,

88 3657 194 3704 pag.
231 3638 342 3689 180.
390 3638 518 3689 Hinc
558 3641 637 3690 Ivo
683 3642 1010 3708 Carnotensis,
1043 3648 1094 3692 in

89 3721 217 3786 epist.
255 3739 292 3770 ιι
309 3757 324 3778 ,
352 3723 411 3770 ad
436 3721 688 3770 Henricum
713 3721 890 3789 Angliae
917 3741 1089 3792 regem,

1181 2902 1312 2950 ditus
1344 2918 1440 2949 esse
1472 2900 1610 2949 debet·
1640 2900 1857 2959 rationi,
1883 2904 1956 2946 'ita
1987 2906 2193 2964 potestas

1182 2993 1370 3032 terrena
1394 2984 1586 3032 subdita
1603 3000 1699 3031 esse
1725 2983 1856 3031 debet
1882 2981 2194 3031 ecclesiastico

1185 3068 1414 3130 reqimini
1429 3083 1453 3127 ,⁰
1490 3075 1534 3115 et
1557 3074 1791 3131 quantum
1830 3064 1957 3113 valet
1981 3080 2154 3130 corpus
2176 3100 2191 3123 ,

1181 3150 1286 3196 nisi
1313 3157 1510 3213 reyatur
1551 3148 1611 3195 ab
1647 3149 1846 3208 anima,
1893 3154 2081 3195 tantum
2111 3162 2195 3195 va-

1179 3229 1240 3277 let
1271 3238 1460 3277 terrena
1490 3236 1698 3295 potestas
1719 3266 1734 3289 ‚
1768 3230 1869 3276 nisi
1909 3228 2197 3292 informetur

1177 3320 1223 3359 et
1250 3322 1447 3379 reqatur
1471 3312 1530 3360 ab
1561 3310 1876 3359 ecclesiastica
1903 3308 2188 3375 disciplina.

1176 3395 1302 3446 Edit.
1327 3397 1476 3444 Paris.
1509 3391 1635 3443 1585
1659 3431 1673 3454 ‚
1702 3393 1786 3442 fol.
1816 3391 1911 3452 52,
1944 3406 2095 3440 verso.

1246 3480 1315 3543 (3)
1350 3478 1518 3543 Epist.
1550 3495 1598 3525 iv
1620 3513 1634 3537 ,
1671 3476 1793 3542 apud
1815 3475 2044 3523 Harduin.
2065 3469 2194 3520 Acta

1181 3561 1332 3611 Cone.
1363 3573 1477 3609 tom.
1503 3576 1536 3607 n
1556 3598 1573 3620 ,
1602 3560 1693 3608 col.
1722 3556 1842 3624 893.

1246 3643 1311 3708 (la)
1334 3642 1430 3691 Cfr.
1448 3641 1656 3690 Zaccaria
1678 3679 1692 3702 ,
1719 3655 1878 3704 opusc.
1907 3638 1988 3685 cit.
2005 3652 2055 3700 p.
2080 3633 2193 3695 183,

1175 3743 1260 3776 nec
1315 3742 1411 3775 non
1474 3724 1826 3773 celeberrimum
1890 3735 2004 3785 opus
2058 3715 2194 3767 Joan.
