2514 4218
508 215 667 255 mar.
717 218 757 254 1.
805 215 953 253 secr.
997 216 1063 250 n.
1112 213 1233 250 cu.
1275 212 1356 249 iv.
1405 211 1473 248 ne
1517 209 1695 247 norm.
1746 209 1897 248 Pam.
2143 179 2258 248 533

153 361 476 423 Honorium
502 358 847 440 detegatque
870 356 1165 420 vafritiem
1189 352 1448 415 haeretici
1465 352 1675 433 Sergii,
1699 375 1877 436 quam
1900 355 2024 436 ipsa
2048 353 2261 436 agendi

151 458 302 517 ratio
320 454 394 515 ab
414 455 522 515 isto
538 474 670 534 erga
697 451 867 512 illum
894 449 1173 511 adhibita.
1191 450 1341 509 Cum
1368 448 1529 509 enim
1542 448 1878 530 desperaret
1903 450 2130 529 Sergius
2149 493 2168 525 ,
2195 469 2256 509 se

153 552 350 611 fucum
380 549 433 609 ei
469 549 755 607 facturum
774 592 790 622 .,
828 545 877 606 si
895 545 1228 606 haereticum
1246 589 1263 619 ,
1284 543 1444 626 quod
1467 543 1625 603 intus
1646 541 1896 619 latebat,
1928 543 2087 605 virus
2110 564 2260 605 evo—

155 645 425 719 muisset,
447 623 741 702 simulavit
768 640 1108 700 catholicam
1133 639 1335 715 fidem,
1358 658 1534 719 seque
1557 635 1678 698 zelo
1694 637 1990 697 catholicae
2006 637 2281 698 Ecclesiae:

157 749 516 820 permotum,
539 748 715 817 atque
735 736 873 795 hinc
888 732 1269 794 indicendum
1294 754 1418 793 esse
1433 731 1730 792 silentium
1747 731 2053 793 ostendere
2070 734 2265 791 Hono-

156 833 243 893 rio
268 833 427 892 nisus
462 842 568 891 est.
600 830 773 908 Quod
799 852 940 890 vero
987 827 1388 889 dissimulabat
1426 849 1560 887 cum
1588 828 1845 887 Honorio
1865 873 1882 903 ,
1921 828 2264 889 vaferrimus

156 935 448 985 veterator
469 923 848 1006 patefaciebat
867 910 1129 984 Heraclio
1154 931 1213 984 et
1237 922 1388 1005 Cyro
1414 921 1525 1003 (1).
1554 921 1706 996 Quid
1735 941 1911 1005 porro
1942 921 2064 983 haec
2088 923 2267 1003 Sergii

158 1020 368 1099 agendi
399 1019 548 1079 ratio
578 1040 712 1079 cum
732 1017 986 1078 Honorio
1003 1016 1230 1079 diversa
1255 1017 1329 1076 ab
1345 1038 1410 1077 ea
1430 1016 1833 1098 ‚quamidem
1856 1028 2106 1076 sectatus
2131 1038 2266 1076 cum

162 1116 370 1174 ceteris
423 1125 513 1174 est
540 1159 557 1189 ,
610 1114 891 1194 significat
916 1158 933 1187 ‚
992 1113 1102 1172 nisi
1147 1110 1307 1194 quod
1334 1110 1517 1193 probe
1565 1114 1738 1171 sciret
1755 1157 1770 1187 ,
1813 1111 1987 1171 aliam
2030 1134 2267 1195 prorsus

156 1210 415 1269 Honorio
443 1209 741 1270 inhaesisse
770 1218 1033 1268 mentem
1064 1207 1213 1267 circa
1251 1206 1599 1267 catholicum
1626 1205 1836 1286 dogma
1865 1229 1898 1266 a
1927 1229 2062 1283 sua,
2089 1221 2269 1289 quam

158 1317 471 1386 propterea·
504 1316 695 1385 tegere
727 1301 978 1384 sategit?
999 1301 1334 1362 Catholicus
1354 1303 1531 1381 igitur
1545 1303 1842 1361 Honorius
1855 1345 1878 1374 ,
1905 1313 1966 1362 et
1988 1301 2267 1370 catholica

151 1411 351 1460 mente
389 1401 566 1461 fidem
599 1399 918 1481 expressit3
968 1406 1170 1456 contra
1208 1417 1349 1457 vero
1394 1397 1625 1475 Sergius
1667 1396 1779 1456 fuit
1822 1397 2127 1459 haereticus
2147 1445 2164 1476 ‚
2210 1411 2302 1460 et,

162 1493 424 1555 baeretiea
462 1505 663 1554 mente
696 1492 976 1552 catholice
1010 1491 1235 1551 locutus
1273 1502 1384 1551 est.

241 1591 380 1650 791.
425 1587 562 1667 obj.
596 1587 870 1648 secunda.
899 1588 958 1646 Si
986 1587 1066 1645 ita
1092 1607 1153 1646 se
1182 1607 1274 1646 res
1305 1585 1484 1646 habet
1501 1633 1517 1663 ,
1544 1589 1759 1651 erravit
1785 1610 1920 1670 ergo
1950 1589 2272 1651 Concilium

159 1685 582 1746 oecumenicum
613 1685 723 1758 Vl,
762 1682 919 1766 quod
965 1683 1034 1742 1θ
1067 1683 1251 1742 sexies
1294 1680 1598 1744 damnavit
1635 1686 1997 1762 Honorium‚
2047 1686 2273 1747 actione

160 1802 377 1863 nempe
400 1781 568 1855 XIII,
606 1801 675 1839 eo
703 1779 860 1860 quod
887 1783 1008 1857 ejus
1037 1777 1277 1861 epistola
1314 1777 1388 1837 ad
1422 1779 1685 1858 Sergium
1719 1777 2099 1840 dissentanea
2131 1783 2206 1842 sit
2233 1804 2274 1842 ⁴··a
2304 1824 2310 1830 ν»

160 1875 428 1936 Patribus
465 1874 590 1956 (2);
620 1874 777 1956 quod
804 1873 984 1954 Sergii
1008 1884 1273 1933 mentem
1291 1873 1353 1932 in
1383 1875 1656 1935 omnibus
1681 1876 1757 1935 sit
1782 1887 2010 1936 secutus
2031 1898 2101 1936 ac
2123 1877 2269 1958 dog·
2297 1918 2299 1920 .

157 1983 316 2031 mata
354 1971 784 2032 confirmaverit
808 1970 936 2053 (3);
977 1969 1136 2052 quod
1166 1975 1287 2049 ejus
1318 1970 1564 2054 epistola
1593 1972 1657 2030 in
1683 1993 1864 2032 unam
1890 1973 2275 2055 eamdemque
2299 2005 2305 2012 «

151 2067 516 2148 impietatem
549 2088 684 2126 cum
722 2066 949 2148 scriptis
980 2065 1394 2126 haereticorum
1424 2079 1732 2137 concurrat
1751 2067 1871 2149 (4)3
1907 2069 2030 2128 Act.
2053 2070 2270 2144 XVIII,

154 2160 312 2242 quod
356 2183 462 2242 per
508 2184 645 2239 eum
681 2161 926 2244 perinde
968 2172 1143 2244 atque
1187 2183 1293 2244 per
1334 2162 1474 2222 alios
1518 2163 1753 2223 daemon
1801 2164 2274 2224 disseminaverit

152 2254 415 2316 baeresim
446 2258 619 2316 unius
655 2256 975 2318 voluntatis
1014 2269 1073 2317 et
1101 2258 1456 2338 operationis
1488 2257 1778 2339 (5);*ib·id:
1810 2259 1965 2339 quod
1984 2259 2272 2340 'praedica-

152 2351 303 2414 verit
328 2374 509 2411 unam
540 2350 909 2414 voluntatem
937 2363 997 2412 et
1024 2352 1564 2434 operati‘onem=(6);
1592 2364 1653 2412 et
1675 2374 1909 2412 rursum
1937 2351 2083 2413 ibid.
2114 2354 2275 2437 quod

224 2555 291 2621 (l)
328 2556 390 2606 Ut
420 2567 545 2623 patet
571 2576 624 2608 ex
657 2558 840 2608 Ecthesi
869 2559 1052 2624 vulgata
1077 2558 1164 2608 sub

154 2638 352 2688 Heraclii
387 2642 576 2689 nomine
614 2651 659 2689 et
698 2644 995 2701 auctoritate,
1033 2644 1166 2708 cujus

150 2731 308 2770 tamen
348 2739 482 2771 verus
529 2733 687 2772 auctor
726 2725 815 2772 fuit
851 2723 1056 2787 Sergius.
1100 2723 1165 2773 Ea

153 2804 241 2852 cfr.
270 2804 391 2868 apud
418 2804 669 2854 Baronium
690 2807 748 2854 ad
776 2824 849 2854 au.
869 2803 1003 2873 639,
1031 2825 1084 2854 n.
1102 2822 1162 2872 9,

153 2886 235 2950 qui
264 2887 486 2949 integram
515 2885 698 2934 exhibet
717 2923 731 2946 ‚
763 2904 949 2935 necnon
972 2904 1028 2935 ex
1046 2886 1164 2950 eius-

151 2965 260 3014 dem
281 2965 424 3031 Sergii
442 2969 577 3032 epist.
601 2967 655 3015 ad
675 2967 874 3033 Cyrum,
900 2968 1024 3033 apud
1039 2967 1163 3017 Har-

150 3046 285 3096 duin.
317 3047 409 3096 loc.
442 3049 525 3097 cit.
560 3048 650 3097 col.
694 3049 836 3097 1310.

219 3128 290 3191 (2)
313 3130 449 3194 Apud
467 3129 693 3178 Harduin.
709 3130 798 3179 loc.
814 3132 890 3179 cit.
909 3130 999 3180 col.
1021 3130 1111 3181 133
1124 3147 1164 3180 1.

220 3207 286 3272 (3)
316 3210 438 3260 lbid.
469 3211 559 3261 col.
600 3209 747 3274 1334.

222 3289 292 3352 (4)
325 3290 447 3340 Ibid.
478 3294 567 3342 col.
602 3291 753 3357 1354.

234 3372 298 3435 (5)
334 3372 458 3423 lbid.
496 3369 643 3442 13984

235 3450 305 3517 (6)
337 3452 440 3504 Col.
475 3453 618 3520 1414.
656 3457 805 3508 Locus
835 3459 912 3508 hic
941 3460 1174 3510 difficilior

166 3534 379 3597 videtur3
408 3539 577 3585 etenim
598 3575 612 3598 ,
634 3549 878 3606 postquam
897 3559 1179 3592 commemo-

164 3621 256 3667 rati
289 3628 398 3666 sunt
438 3638 464 3667 a
497 3618 706 3670 Concilio
741 3622 1040 3684 Theodorus,
1072 3623 1178 3673 Ser·

166 3699 270 3764 gius
290 3736 303 3758 ‚
355 3699 587 3750 Honorius
635 3703 806 3769 aliique
827 3741 842 3764 ‚
889 3708 1180 3773 prosequitur

1256 2559 1521 2608 Concilium
1552 2575 1566 2608 ε
1599 2559 1843 2609 Omnibus
1883 2560 2118 2611 haereticis
2150 2539 2278 2612 avia-

1253 2640 1444 2702 thema,
1482 2643 1571 2706 qui
1594 2642 1993 2708 praedicaverunt
2020 2654 2065 2693 et
2092 2646 2278 2711 proedi-

1251 2732 1365 2772 cant
1376 2759 1396 2785 ‚
1433 2733 1479 2771 et
1511 2723 1678 2772 docent
1699 2741 1756 2772 ac
1780 2726 1970 2774 docturi
1991 2737 2105 2775 sunt
2126 2745 2278 2789 unum

1251 2804 1548 2853 voluntatem
1585 2814 1630 2853 et
1667 2823 1820 2853 unam
1862 2811 2185 2872 operationem
2220 2811 2278 2858 in

1252 2887 1610 2951 dispensatione
1629 2885 1748 2936 Jesu
1775 2887 1961 2937 Christi
1973 2888 2069 2940 Dei
2090 2894 2274 2956 nostris,

1253 2967 1530 3017 anathema.
1558 2968 1626 3016 Ex
1642 2968 1815 3035 quibus
1833 2971 2013 3020 videtur
2034 2973 2213 3040 colligi,
2233 2986 2279 3024 et

1254 3048 1521 3097 Honorium
1568 3050 1780 3100 docuisse
1826 3070 1920 3101 una
1971 3071 2078 3102 cum
2119 3059 2279 3105 ceteris

1253 3151 1398 3182 unam
1433 3135 1483 3180 in
1511 3131 1692 3182 Christo
1726 3134 2012 3185 voluntatem
2042 3156 2278 3204 unamque

1255 3217 1584 3281 operationem.
1604 3214 1662 3262 At
1679 3215 1926 3266 difficultas
1956 3223 2217 3280 evanescit,
2238 3221 2276 3268 si

1256 3297 1523 3347 observetur
1535 3314 1644 3346 cum
1656 3297 1896 3361 Garum-io,
1913 3303 2122 3350 eamdem
2139 3304 2277 3353 unice
2297 3333 2301 3336 <

1260 3383 1370 3429 oriri
1409 3397 1469 3430 ex
1502 3383 1680 3430 ratione
1719 3384 2126 3448 interpunctionis,
2157 3385 2277 3434 Nam

1263 3463 1511 3511 anathema
1538 3462 1666 3529 prius
1694 3464 1867 3513 dicitur
1885 3466 2105 3514 omnibus
2119 3471 2277 3516 nomi-

1264 3547 1411 3593 natim
1435 3548 1703 3608 recensifis3
1740 3555 1855 3594 tunc
1889 3547 2068 3612 adjecto
2099 3560 2277 3613 puncto

1259 3625 1480 3674 subditur
1530 3644 1543 3675 ε
1592 3627 1830 3675 Omnibus
1869 3627 2108 3679 haereticis
2150 3647 2290 3679 ana--

1260 3706 1430 3756 thema.
1475 3707 1649 3759 Iterum
1692 3708 1865 3777 adjecto
1907 3710 2082 3775 puncto
2123 3729 2137 3761 :
2174 3713 2281 3776 Qui
