2514 4218
263 147 388 208 266
881 165 1083 204 macr..
1128 164 1199 201 nr.
1241 164 1394 204 roms
1437 167 1823 210 rnaotoelms.

266 306 605 386 retractari,
634 305 925 390 quidquid
952 304 1027 365 ad
1056 304 1237 367 fidem
1279 329 1389 369 nec
1416 307 1639 371 directe
1675 335 1785 375 nec
1822 314 2108 376 indirecte
2138 326 2364 398 spectat
2381 364 2398 394 .‚

264 427 429 468 conc.
446 425 468 474 ,·
507 402 796 487 quidquid
829 401 1047 462 directe
1085 402 1279 463 solum
1312 404 1389 464 ad
1426 426 1556 465 eam
1594 427 1720 465 non
1752 412 2044 490 pertinet,
2080 433 2212 493 neq.
2260 412 2403 486 Quae

264 514 333 562 ut
359 500 794 582 intelligantur,
820 497 1416 560 animadvertendum
1447 511 1565 577 est,
1604 503 1661 562 S.
1685 503 1941 566 Leonem
1977 509 2053 569 M.
2092 507 2157 567 in
2200 508 2403 588 Epist.

263 600 353 661 ad
381 603 728 660 Maximum
758 595 1188 655 antiochenum
1223 597 1602 678 Episcopum
1647 598 1879 677 testari,
1931 622 1994 662 se
2026 624 2151 663 non
2182 603 2412 664 misisse

262 694 484 776 legatos
521 713 652 753 suos
692 688 770 759 ad
804 690 1128 752 Concilium
1152 693 1779 756 Chalcedonensessnisi
1812 716 1948 756 cum
1977 696 2254 760 facultate
2284 709 2408 759 tra-

263 789 463 852 ctandi
514 786 587 846 de
628 784 806 846 rebus
855 786 1028 863 fidei3
1075 790 1362 875 quidquid
1402 801 1717 873 propterea
1752 791 1816 851 in
1863 792 2072 853 eodem
2115 793 2406 872 Concili0‚
2501 781 2505 787 ’

265 882 571 966 agentibus
606 880 746 943 licet
780 881 988 964 legatis
1019 886 1079 944 S.
1107 885 1270 948 Sedis
1299 935 1316 965 ‚
1363 900 1581 972 praeter
1621 888 1803 965 fidem
1840 899 2070 969 gestum
2109 900 2197 949 est
2219 933 2239 967 ‚
2287 912 2411 950 non

263 978 481 1040 habere
503 980 865 1040 firmitatem.
895 982 984 1040 En
1004 985 1126 1061 ejus
1154 983 1335 1045 verba
1365 1008 1380 1045 ε
1410 987 1484 1045 Si
1501 985 1658 1065 quid
1675 1007 1822 1045 sane
1851 986 1932 1045 ab
1961 986 2056 1045 his
2078 987 2419 1066 fratribus&

262 1097 410 1157 quos
439 1077 528 1136 ad
563 1086 840 1137 sanctam
877 1077 1188 1157 Synodum
1223 1084 1346 1141 vice
1383 1103 1518 1141 mea
1562 1085 1731 1151 misi,
1757 1092 1989 1161 proeter
2028 1083 2099 1141 id
2134 1083 2295 1162 quod
2331 1082 2421 1141 ad

263 1194 519 1233 causam
558 1173 712 1252 fidei
738 1175 1123 1254 pertinebat,
1152 1187 1388 1257 =qestum
1431 1199 1548 1237 esse
1581 1179 1974 1258 perhibetur,
2015 1180 2253 1238 nullius
2299 1182 2418 1238 erit

261 1272 512 1351 penitus
543 1271 898 1351 firm-itatis,·
942 1275 1094 1350 quia
1121 1274 1208 1332 ad
1237 1273 1342 1333 lwc
1366 1284 1606 1333 tantum
1646 1276 1727 1333 ah
1753 1276 2078 1354 apostolica
2100 1285 2247 1334 sunt
2270 1274 2417 1334 Sede

277 1368 519 1438 directi,
542 1377 613 1426 ut
631 1370 846 1426 emcisis
868 1367 1193 1447 haeresibus
1226 1370 1530 1431 catholica»
1568 1382 1757 1430 essent
1774 1372 1920 1450 fidei
1942 1372 2276 1451 defensores
2299 1369 2412 1450 (l).

275 1464 412 1524 Haec
431 1465 559 1546 ipsa
581 1485 759 1546 porro
789 1462 997 1524 eadem
1024 1464 1204 1526 verba
1228 1466 1529 1550 applicant
1550 1466 1812 1547 Pelagius
1837 1468 1888 1526 11
1915 1479 1976 1526 et
1997 1467 2306 1548 Gregorius
2330 1467 2412 1526 M.

274 1559 354 1621 ad
390 1551 671 1642 quintam*
698 1559 1001 1641 Synodum
1041 1561 1104 1620 in
1149 1583 1317 1622 causa
1356 1563 1536 1623 trium
1569 1562 1996 1646 capitulorum7
2042 1575 2109 1622 ut
2141 1563 2419 1623 evincant

269 1657 449 1717 etiam
473 1656 537 1715 in
581 1655 931 1738 hypothesi,
968 1658 1129 1740 quod
1160 1659 1434 1740 Synodus
1470 1658 1965 1719 Chalcedonensis
2000 1659 2111 1718 tria
2139 1658 2238 1718 illa
2264 1659 2420 1741 capi-

270 1751 395 1814 tula
434 1750 772 1835 probasset,
806 1752 991 1813 nihilo
1035 1755 1218 1815 secius
1251 1755 1462 1817 eadem
1495 1755 1834 1815 damnando
1881 1754 2185 1836 Synodum
2216 1756 2262 1814 V
2297 1776 2419 1812 non

268 1872 554 1935 pugnasse
581 1871 716 1910 cum
753 1852 1008 1912 Concilio
1047 1852 1546 1929 Chalcedonensi,
1577 1854 1712 1935 quia
1734 1899 1750 1928 ,
1785 1873 1915 1935 quae
1941 1853 2014 1913 de
2038 1851 2224 1912 tribus
2258 1851 2420 1934 capi-

269 1947 409 2015 tulis
440 1946 808 2008 Chalcedone
843 1959 1002 2028 gesta
1038 1961 1177 2009 sunt
1203 1995 1219 2025 .,
1262 1950 1658 2009 non·fuerant
1682 1971 1715 2009 a
1754 1951 1811 2009 S.
1849 1948 1996 2008 Sede
2032 1947 2303 2030 probata.
2333 1948 2421 2005 En

268 2044 485 2104 iterum
522 2042 741 2124 Pelagii
771 2043 952 2105 verba
985 2066 1058 2105 ex
1101 2045 1377 2126 Epistola
1407 2047 1496 2106 ad
1527 2046 1733 2106 Istrioe
1780 2046 2111 2125 Episcopos
2149 2065 2163 2101 ε
2204 2043 2423 2123 Aperte

271 2142 444 2200 nohis
474 2142 721 2199 licentia
748 2142 1089 2213 tribuitur,
1134 2153 1203 2201 ut
1242 2143 1554 2222 quidquid
1580 2143 1714 2201 illio
1756 2140 1858 2220 (in
1901 2138 2138 2221 Synodo
2181 2136 2423 2198 Chalce-

273 2234 561 2316 donensi)
602 2246 776 2296 extra
790 2237 944 2316 fidei
974 2260 1192 2297 causas
1215 2239 1286 2297 de
1308 2243 1587 2318 personis
1612 2248 1846 2319 yestum
1880 2248 1999 2308 est,
2043 2245 2419 2295 retractetur.

273 2333 565 2414 Specialis
599 2335 823 2413 quippe
845 2334 1231 2414 synodalium
1261 2334 1669 2394 Conciliorum
1703 2356 1890 2394 causa
1921 2344 2006 2392 est
2025 2333 2193 2412 fides.
2231 2331 2424 2411 Quid-

271 2430 430 2509 quid
459 2451 592 2510 erqo
607 2439 838 2510 praeter
855 2430 1035 2509 fidem
1070 2435 1283 2512 ayitur
1297 2475 1319 2505 ,
1353 2431 1541 2490 Leone
1567 2432 1837 2501 docente,
1876 2430 2246 2501 ostenditur,
2275 2429 2421 2507 quia

274 2527 439 2587 nihil
471 2528 697 2603 obstat,
734 2528 791 2586 si
823 2528 1252 2606 adjudicium
1288 2539 1594 2588 revocetur
1622 2526 1738 2609 (2).
1778 2526 1994 2586 Eadem
2028 2523 2291 2606 loquitur
2335 2544 2422 2581 ra·

275 2624 437 2684 tione
473 2623 531 2682 S.
560 2622 869 2702 Gregorius
897 2624 975 2682 M.
1004 2624 1106 2705 qui
1136 2624 1247 2682 fuit
1272 2646 1304 2683 a
1336 2624 1568 2683 secretis
1599 2622 1827 2701 Pelagio
1854 2622 1924 2679 11.

361 2719 502 2779 406.
552 2719 637 2779 Ad
673 2718 795 2795 3¹¹1,
833 2720 993 2778 Dist.
1037 2720 1171 2779 Non
1211 2729 1561 2802 separarunt
1599 2717 1827 2800 praefati
1863 2716 2174 2777 Pontifices
2197 2737 2228 2774 a
2260 2736 2423 2775 com*

278 2817 563 2876 munione
597 2836 693 2876 eos
714 2861 731 2891 7
761 2813 862 2898 qui
891 2812 1301 2874 detrectabant
1333 2814 1590 2897 recipere
1625 2811 2031 2873 definitionem
2071 2813 2114 2871 V
2159 2811 2381 2893 Synodi
2409 2855 2426 2884 ,

279 2933 345 2971 re
381 2912 651 2972 nondum
685 2909 1012 2973 luculenter
1046 2922 1355 2994 perspecta
1378 2955 1395 2985 ‚
1440 2931 1636 2979 conc.;
1682 2931 1746 2970 re
1787 2909 2074 2968 maturius
2126 2906 2380 2966 discussa
2403 2951 2419 2979 ,

282 3029 411 3089 ⁹269·
455 3012 663 3090 Magna
698 3009 859 3070 enim
887 3006 1253 3091 perturbatio
1291 3008 1356 3067 in
1395 3005 1658 3067 Ecclesiis
1694 3003 2151 3065 occidentalibus
2184 3014 2310 3061 orta
2336 3011 2426 3062 est

285 3124 357 3164 ex
401 3107 695 3166 occasione
741 3103 1135 3166 damnationis
1175 3105 1360 3163 trium
1394 3101 1821 3185 capitulorum3
1877 3098 2163 3160 rebantur
2208 3099 2426 3181 quippe

284 3199 577 3283 plerique,
611 3203 882 3284 quintam
912 3200 1212 3283 Synodum
1240 3198 1705 3260 Chalcedonensi
1730 3197 1903 3256 fuisse
1927 3196 2279 3255 contrariam
2313 3194 2422 3253 hac

286 3295 352 3354 in
386 3316 588 3369 causa3
633 3318 766 3356 cum
804 3309 1006 3358 tamen
1051 3295 1243 3378 reipsa
1295 3297 1357 3354 in
1409 3294 1666 3355 Concilio
1714 3290 2184 3352 Chalcedonensi
2232 3300 2429 3349 actum

287 3402 438 3452 esset
474 3390 548 3451 de
581 3392 713 3452 solis
745 3394 1042 3476 personi8.‚
1073 3393 1137 3451 in
1169 3391 1402 3474 Synodo
1444 3401 1642 3450 autem
1672 3389 1726 3449 V
1762 3388 1836 3447 de
1885 3387 2019 3446 solis
2055 3386 2306 3469 scriptis,
2357 3387 2422 3443 ln

287 3486 391 3547 tali
427 3484 628 3548 autem
664 3510 861 3549 rerum
886 3502 1042 3551 statu
1079 3489 1403 3573 prudenter
1426 3486 1730 3546 Pontifices
1775 3484 2224 3555 existimarunt,
2256 3480 2426 3539 dissi-

363 3681 428 3745 (l)
466 3681 576 3731 Loc.
615 3684 692 3730 cit.
1471 3676 1538 3742 (ἢ)
1578 3678 1688 3728 Loc.
1726 3684 1895 3744 pariter
1919 3681 1999 3727 cit.
