2514 4218
2029 245 2150 307 339

356 267 534 306 PART.
564 269 608 304 1·
655 265 807 305 SEC‘r.
854 266 914 306 11.
962 268 1085 306 CAP.
1129 269 1170 306 1.
1223 269 1290 305 DE
1332 267 1495 307 PETRI
1539 264 1809 307 PRIMA'TU.

31 436 198 497 prop.
246 409 607 471 ostendimus
636 455 650 484 ,
704 408 847 468 dum
881 411 1080 469 Patres
1114 431 1291 491 super
1320 407 1454 469 fidei
1500 408 1917 469 confessionem
1959 408 2149 470 aedifi-

31 508 217 569 catam
252 527 282 564 a
318 505 548 564 Christo
584 504 894 564 Ecclesiam
939 503 1187 576 docent,
1240 525 1359 562 non
1417 503 1834 563 confessionem
1878 505 2040 563 Petri
2081 506 2145 564 in

31 603 316 662 abstracto
335 600 696 677 significant,
722 599 856 659 sed
841 619 906 658 m
928 609 1240 668 concreto
1267 599 1347 656 ita
1380 609 1445 656 ut
1468 619 1670 658 sensus
1697 599 1812 672 sit,
1846 597 2147 659 Christum

29 695 337 756 aedificasse
374 643 696 753 Ecclesiam
722 715 886 752 suam
923 712 1094 772 supra
1141 692 1379 750 Petrum
1406 693 1787 752 confitentem
1826 714 1891 752 ac
1929 693 2146 773 praedi-

31 800 260 848 cantem
295 809 492 848 veram
532 787 727 847 fidem.
759 790 984 861 Quare,
1038 795 1105 842 ut
1145 787 1284 843 scite
1326 784 1598 846 observat
1640 786 1981 846 Ballerinius
2008 789 2098 870 (l)
2127 834 2144 863 ,

31 906 152 943 non
192 885 428 942 unicum
463 883 631 942 illum
666 883 804 942 fidei
842 878 1149 940 articulum
1186 878 1260 938 de
1296 880 1508 939 Christi
1544 881 1860 942 divinitate
1894 884 2155 966 comple-

33 989 303 1052 ctuntur
332 978 436 1037 sed
463 979 797 1037 universam
814 975 1014 1044 fidem
1036 995 1207 1055 quam
1235 976 1441 1033 Petrus
1457 975 1770 1057 praedicare
1785 976 2059 1055 debebat,
2087 1001 2153 1039 ac

32 1076 235 1132 Petrus
278 1085 587 1154 propterea
633 1093 753 1131 non
794 1068 983 1128 solum
1020 1067 1280 1128 Ecclesiae
1298 1080 1480 1149 petra
1514 1081 1574 1129 et
1596 1073 2073 1149 fundamentum
2111 1096 2145 1135 a

34 1168 301 1227 Patribus
327 1168 567 1244 dicitur,
605 1165 707 1226 sed
723 1175 896 1244 petra
915 1166 1060 1243 fidei
1077 1176 1136 1223 et
1155 1167 1300 1243 fidei
1317 1167 1814 1244 fundamentum.
1857 1169 2006 1229 Hinc
2021 1192 2150 1230 me-

34 1263 147 1322 rito
175 1265 476 1322 Cassianus
489 1264 567 1321 sic
584 1264 822 1321 Petrum
837 1258 1178 1341 loquentem
1201 1259 1457 1319 inducit:
1481 1261 1622 1321 Illic
1642 1263 2150 1343 habespersonam

34 1380 230 1416 meam
257 1403 273 1433 ,
305 1360 421 1417 uhi
449 1359 870 1435 confessionem
885 1376 1082 1413 meam
1113 1353 1222 1436 (2).
1253 1357 1432 1414 Porro
1458 1375 1591 1414 cum
1626 1359 1830 1417 Petrus
1851 1362 2151 1421 neminem

35 1452 265 1535 adigere
301 1462 499 1534 posset
534 1450 610 1510 ad
661 1450 951 1510 unitatem
978 1449 1114 1508 fidei
1165 1470 1196 1508 a
1246 1471 1307 1509 se
1355 1450 1626 1531 professae
1665 1462 1724 1511 et
1768 1453 2152 1535 praedicandae

34 1547 251 1630 absque
271 1567 540 1628 suprema
566 1546 908 1605 auctoritate
929 1591 945 1620 .,
973 1566 1086 1627 qua
1104 1544 1448 1604 dissidentes
1472 1567 1674 1625 cogere
1701 1547 1947 1624 valeret,
1976 1550 2153 1631 plane

36 1635 439 1724 consequitur,
468 1663 538 1700 ex
569 1644 811 1699 Patrum
845 1652 1043 1700 mente
1077 1640 1193 1698 illis
1216 1638 1408 1700 verbis
1437 1640 1609 1701 fuisse
1641 1644 1812 1701 Petro
1835 1644 2153 1724 primatum

25 1736 436 1815 jurisdictionis
460 1758 493 1794 a
522 1735 751 1794 Christo
781 1734 1057 1794 collatum
1100 1734 1214 1815 (3).

114 1830 250 1890 503.
296 1831 485 1890 Tertia
509 1829 705 1889 classis
734 1830 1107 1890 constituitur
1128 1851 1199 1889 ex
1225 1829 1338 1889 illis
1363 1832 1603 1890 Patrum
1633 1833 1979 1893 testimoniis
2000 1879 2016 1909 .‚
2046 1837 2148 1917 qui

31 1927 317 1987 rationem
346 1926 608 2002 tradunt,
634 1948 813 2009 quare
837 1918 1100 2011 Christus
1129 1927 1192 1985 in
1221 1927 1393 1985 Petro
1417 1926 1670 1986 instituit
1690 1928 2012 2009 primatum
2031 1976 2046 2004 ,
2073 1930 2151 1990 ad

31 2022 499 2081 constituendam
516 2022 782 2082 videlicet
800 2021 1375 2102 conservandamque
1394 2022 1720 2104 utriusque,
1747 2022 1882 2083 fidei
1907 2036 1966 2083 et
1989 2046 2148 2087 com-

34 2118 328 2175 munionis
359 2162 374 2190 ,
414 2118 477 2175 in
509 2117 756 2176 Ecclesia
798 2118 1107 2176 unitatem.
1157 2117 1322 2176 Tales
1363 2128 1502 2176 sunt
1535 2118 1576 2176 ii
1611 2140 1844 2196 omneS,
1875 2121 1972 2202 qui
1996 2120 2150 2181 hanc

34 2221 312 2273 tesseram
340 2210 650 2270 adstruunt
673 2211 748 2270 ad
761 2212 1143 2271 secernendos
1167 2233 1198 2271 a
1227 2211 1534 2271 Catholicis
1566 2212 1861 2273 haereticos
1888 2226 1947 2274 et
1975 2215 2151 2275 schis-

34 2306 309 2383 maticos,
360 2307 460 2388 qui
506 2328 720 2389 nempe
760 2329 881 2365 non
916 2293 1125 2367 tenent
1165 2307 1343 2366 fidem
1388 2319 1449 2367 et
1496 2309 1972 2368 communionem
2011 2332 2147 2371 cum

32 2399 307 2461 cathedra
332 2402 522 2476 Petri3
554 2403 642 2461 uti
668 2401 1051 2482 Irenaeus(4)
1077 2447 1093 2476 ,
1110 2402 1501 2462 Tertullianus
1522 2402 1614 2483 (5)
1632 2447 1650 2476 ,
1682 2403 2005 2485 Cyprianus
2029 2407 2147 2486 (6),

103 2605 172 2670 (1)
209 2603 348 2670 Oper.
374 2607 452 2653 cit.
485 2602 558 2654 De
587 2606 637 2652 vi
654 2621 711 2653 ac
740 2606 925 2653 ratione
935 2606 1049 2670 pri-

34 2696 222 2740 matus,
256 2704 357 2751 capi
394 2703 477 2749 12,
513 2685 540 2752 ἓ
573 2703 635 2746 2,
676 2706 727 2735 n.
758 2685 844 2753 47.

107 2769 173 2834 (2)
213 2769 318 2817 Lib.
360 2773 445 2832 iu,
476 2767 548 2817 De
577 2771 768 2818 incarn.
810 2786 913 2834 cap.
951 2785 1009 2816 12
1033 2808 1045 2827 ‚

36 2851 147 2900 edit.
202 2851 360 2899 Alardi
402 2851 557 2900 Gazaei
602 2850 748 2901 Paris.
806 2849 948 2915 1642.
994 2851 1049 2900 ln

37 2931 206 2981 Missali
233 2934 415 2999 gothico
449 2934 645 2998 legitur:
672 2931 770 2980 Per
788 2933 914 2981 lianc
931 2933 1052 2997 fidei

30 3023 214 3078 petram
228 3016 358 3063 basis
371 3014 603 3064 Ecclesiae
611 3016 743 3080 fixus
755 3023 823 3063 est
836 3013 1047 3080 (Petrus).

108 3097 171 3161 (3)
210 3098 308 3148 Cfr.
338 3098 627 3158 Ballerinus‚
659 3100 749 3148 loc.
781 3101 859 3148 cit.

111 3177 175 3240 (ln)
213 3178 320 3228 Lib.
349 3197 434 3240 111,
467 3179 605 3228 Cant.
640 3181 808 3228 haeres.
833 3197 935 3246 cap.
977 3181 1043 3230 3:

45 3254 277 3308 Maximae
301 3271 344 3309 et
372 3265 728 3327 antiquissimae
756 3272 798 3311 et
826 3263 1050 3310 omnibus

43 3340 283 3403 coquitaea
303 3343 661 3405 qlouiosissimis
691 3346 878 3394 duobus
918 3347 1049 3410 Apo-

45 3419 176 3467 stolis
207 3421 350 3470 Petro
381 3433 424 3471 et
455 3424 608 3475 Paulo
643 3429 804 3476 Romoe
825 3429 1050 3493 fundatae

43 3510 87 3548 et
141 3506 404 3550 constitutae
442 3505 669 3556 Ecclesiae
706 3527 810 3557 eam
836 3547 849 3569 ‚
905 3527 1049 3575 qaam

44 3581 180 3629 habet
238 3583 296 3630 ab
353 3584 596 3650 Apostolis
645 3591 951 3639 traditionem
1006 3600 1052 3639 et

45 3668 390 3713 annuntiatam
448 3668 720 3719 hominibus
766 3674 911 3736 fidem
962 3691 1053 3738 per

46 3749 386 3796 successionem
417 3749 758 3816 Episcoporum
788 3758 1051 3803 venientem

1134 2621 1281 2669 usqae
1294 2603 1360 2652 ad
1375 2621 1477 2666 nos,
1494 2604 1789 2666 indicantes,
1805 2605 2147 2671 confundimus

1134 2703 1296 2734 omnes
1311 2703 1386 2735 eos
1404 2723 1418 2746 ,
1446 2688 1532 2751 qai
1541 2687 1860 2752 quoquomodo
1876 2687 1950 2736 vel
1959 2706 2052 2755 per
2063 2692 2146 2740 sui

1127 2768 1419 2834 placentiam
1434 2768 1630 2827 malam,
1644 2768 1720 2816 vel
1730 2785 1905 2817 vanam
1917 2770 2142 2834 ylariani,

1134 2848 1304 2916 velper
1321 2852 1582 2899 coecitatem
1596 2859 1640 2898 et
1655 2850 1833 2900 malam
1858 2855 2143 2902 sententiam

1130 2942 1451 2999 praeterquam
1501 2941 1680 2999 oportet
1704 2971 1718 2997 ,
1764 2933 2011 2998 colligunt.
2060 2936 2146 2999 Ad

1134 3017 1261 3063 hanc
1293 3018 1423 3064 em'm
1456 3015 1728 3064 Ecclesiam
1758 3026 1957 3082 propter
1973 3026 2142 3083 poten-

1133 3099 1297 3145 tiorem
1317 3097 1730 3164 principalitatem
1749 3114 1932 3146 necesse
1959 3108 2026 3148 est
2047 3117 2145 3149 om-

1134 3197 1245 3227 nem
1296 3186 1549 3229 convenire
1583 3179 1884 3240 Ecclesiam,
1934 3181 2019 3230 hoc
2043 3191 2112 3230 est
2130 3221 2143 3243 ‚

1134 3279 1209 3310 eos
1222 3300 1235 3323 ‚
1263 3265 1349 3328 qui
1367 3271 1480 3310 sunt
1503 3260 1715 3326 undique
1737 3299 1748 3322 ,
1763 3261 1925 3325 fideles
1942 3301 1955 3325 ,
1979 3274 2068 3314 etc.
2087 3262 2146 3314 In

1136 3363 1241 3410 quae
1293 3346 1430 3394 verba
1470 3346 1557 3394 cfr.
1608 3360 1711 3410 quae
1757 3349 1931 3411 egregie
1982 3346 2142 3396 scribit

1138 3428 1196 3476 D.
1226 3428 1425 3476 Massuet
1445 3465 1457 3486 ‚
1491 3427 1598 3474 diss.
1626 3426 1655 3474 3
1679 3464 1691 3487 ,
1721 3435 1806 3475 art.
1838 3425 1890 3491 4.

1207 3510 1269 3575 (5)
1305 3509 1374 3559 De
1391 3509 1661 3575 praescript.
1685 3515 1768 3575 cap
1794 3527 1877 3559 21.
1895 3510 1992 3558 cfr.
2025 3507 2139 3558 Chr.

1137 3592 1310 3658 Lupus,
1330 3591 1486 3640 Schol.
1505 3594 1555 3639 in
1570 3610 1670 3657 cap.
1689 3590 1771 3654 36,
1790 3591 1861 3641 De
1873 3591 2144 3657 proescript.

1203 3675 1266 3739 (6)
1304 3674 1443 3739 Epist.
1477 3691 1529 3723 tv
1556 3692 1572 3726 z
1600 3675 1738 3723 Petri
1763 3673 1986 3722 cathedra
2004 3679 2144 3735 atque

1139 3755 1356 3808 Ecclesia
1375 3757 1670 3824 principalis
1690 3796 1703 3820 ,
1735 3758 1861 3805 unde
1889 3757 2054 3805 unitas
2069 3770 2147 3803 sa·-

1715 3838 1815 3895 22.
