2514 4218
2120 169 2243 230 267

531 189 689 229 PAR'r.
738 189 780 226 1.
830 187 956 227 cAP.
1001 189 1080 229 IV.
1124 189 1197 229 DE
1235 189 1512 231 Ecomslffi
1549 188 1800 229 normes.

127 332 478 394 mulandum
513 351 637 390 esse
681 350 816 389 cum
861 329 1280 391 reluctantibus
1298 377 1315 407 ‚
1369 329 1553 392 donec
1584 330 1868 413 temporis
1890 379 1898 383 ..
1914 340 2106 392 tractu
2148 353 2241 395 res

126 429 333 490 melius
374 426 437 485 in
471 435 676 507 aperto
719 436 1073 506 poneretur,
1103 426 1192 484 uti
1220 426 1436 486 factum
1478 437 1567 486 est
1596 425 1704 507 (l).
1746 423 2022 486 Tenebris
2045 428 2244 511 itaque

128 520 416 605 dissipatis
438 565 455 593 ,
482 520 539 579 S.
571 521 881 601 Gregorius
912 522 990 582 M.
1026 520 1328 580 neminem
1350 521 1425 581 ad
1447 520 1713 580 Ecclesiae
1733 540 1936 603 pacem
1966 520 2204 583 admisit
2222 568 2239 599 ,

126 619 267 700 quin
305 617 470 699 prius
506 626 862 675 contestatus
896 626 1079 688 esset,
1126 634 1187 673 se
1221 614 1268 672 V
1301 613 1465 673 illam
1504 614 1810 696 Synodum-
1837 614 2149 677 admittere
2183 628 2247 678 et

125 712 432 784 venerari,
458 710 907 793 damnassetque
930 709 1040 768 tria
1063 707 1338 790 capitula.
1368 711 1492 768 Imo
1514 721 1815 791 receptum
1839 721 1960 787 est,
1988 721 2079 786 ut,
2110 725 2246 771 cum

124 807 343 868 Praesul
377 805 585 888 aliquis
620 805 1064 886 inauguraretur
1082 846 1099 878 .,
1143 800 1410 862 debuerit
1445 805 1737 885 profiteri,
1775 827 1839 866 se
1871 804 2035 866 illam
2055 806 2245 888 Syno-

125 903 269 963 dum
308 903 565 985 recipere
588 900 696 982 (2).
835 972 838 974 ¹

206 999 347 1058 407.
398 998 487 1058 Ad
516 997 634 1074 4¹1¹,
670 997 825 1056 Disc.
870 991 1254 1053 Bellarminus
1290 1003 1351 1053 et
1388 994 1664 1053 Bar-‘onius
1699 994 1773 1055 de
1817 997 2070 1057 Honor-ii
2102 1018 2255 1080 per-1

127 1104 287 1172 sona,
304 1094 566 1176 adeoque
594 1091 669 1151 de
691 1090 838 1149 facto
870 1109 1031 1148 mere
1054 1087 1349 1170 personali
1375 1088 1552 1148 locuti
1573 1102 1714 1149 sunt
1735 1136 1752 1164 ‚
1775 1112 1976 1161 eonc.,·
1999 1092 2077 1153 de
2093 1093 2246 1154 facto

126 1188 490 1269 dogmatico,
546 1196 675 1266 neq.
726 1183 794 1243 Id
839 1183 1025 1266 liquet
1077 1184 1141 1242 10
1190 1204 1260 1243 ex
1311 1184 1615 1266 utriusque
1667 1187 1967 1268 scriptoris
2021 1187 2241 1249 verbis.

125 1285 359 1344 Etenim
391 1281 772 1344 Bellarminus
801 1278 1030 1339 disserit
1055 1277 1130 1339 de
1157 1299 1247 1353 eo,
1273 1278 1337 1337 in
1362 1300 1479 1359 quo
1509 1290 1706 1361 patres
1733 1283 1807 1341 VI
1823 1283 2041 1364 Synodi
2054 1283 2253 1366 decipi

122 1389 444 1464 potuerunt
463 1423 479 1453 ‚
513 1376 794 1436 nimirum
815 1398 886 1434 eat
902 1377 1085 1455 falsis
1120 1376 1506 1448 rumoribus,
1543 1385 1599 1434 et
1624 1397 1747 1434 non
1779 1380 2089 1439 intellectis
2114 1381 2250 1440 Ho-

124 1479 296 1535 norii
316 1474 607 1555 epistolis,
637 1493 854 1554 nempe
887 1471 1082 1553 quoad
1119 1470 1428 1530 consilium
1454 1471 1697 1531 Honorii
1720 1472 1783 1530 in
1809 1473 2088 1554 sopienda
2113 1495 2250 1534 con·

128 1570 407 1631 troversia
458 1589 565 1651 per
614 1567 937 1650 quamdam
988 1567 1397 1627 oeconomiam.
1452 1567 1588 1626 Jam
1633 1588 1773 1627 vero
1818 1568 2053 1627 nonnisi
2097 1568 2246 1630 facta

126 1663 492 1749 particularia
520 1673 698 1746 atque
726 1661 1052 1746 personalia
1077 1684 1110 1722 a
1134 1660 1290 1720 falsis
1314 1660 1647 1721 rumoribus
1671 1662 1937 1743 pendent
1956 1708 1973 1738 .,
2003 1663 2249 1746 perinde

125 1782 190 1820 ac
204 1781 238 1820 a
262 1769 461 1820 mente
483 1756 778 1842 personali
795 1759 1098 1841 scriptoris
1113 1755 1420 1818 consilium
1442 1757 1589 1816 circa
1607 1757 1816 1837 agendi
1834 1759 2122 1819 rationem
2137 1758 2244 1841 (3).

192 1981 260 2050 (1)
297 1982 357 2031 Et
390 1983 488 2031 haec
507 1983 790 2032 cohaerenter
830 1982 890 2030 ad
926 1981 1143 2047 praeclara
1226 1979 1303 2028 cili
1330 1977 1392 2040 V,
1424 1997 1478 2029 eo
1497 1979 1623 2047 quod
1654 1984 1935 2030 contrarium
1964 1984 2118 2047 ipsum
2138 1998 2247 2031 cen-

125 2062 215 2111 hac
253 2063 312 2113 de
357 2081 408 2113 re
443 2064 565 2113 edita
599 2081 625 2113 a
668 2063 720 2112 S.
751 2063 1007 2129 Augustino
1041 2081 1144 2112 mo·-

126 2146 220 2192 nita
240 2179 255 2207 ‚
285 2144 391 2210 qui,
418 2143 559 2195 Com.
590 2144 915 2195 Parmenion.
949 2146 1037 2195 lib.
1057 2160 1140 2206 ιιι,

125 2242 227 2289 cap.
256 2241 285 2272 2
306 2261 322 2284 ‚
353 2243 403 2273 n.
439 2227 496 2275 13
515 2261 530 2285 ‚
559 2229 716 2274 statuit
734 2263 747 2286 ‚
772 2237 886 2276 tunc
909 2245 1145 2293 quemque

128 2308 473 2372 percellendum
513 2309 837 2369 anathemate,
881 2309 970 2357 ubi
1005 2312 1144 2376 peri·

130 2388 293 2436 culum
341 2388 611 2438 schismatis
660 2388 852 2439 nullum
894 2400 962 2438 est
993 2428 1007 2447 ,
1067 2402 1146 2440 aut

125 2471 320 2535 quando
345 2473 416 2519 ita
436 2474 609 2537 auique
642 2474 829 2521 crimen
855 2482 1015 2523 actum
1042 2483 1111 2523 est
1128 2513 1141 2536 ,

126 2564 174 2601 et
196 2554 420 2603 omnihus
448 2555 712 2605 execrabile
739 2566 936 2625 apparet
956 2595 969 2618 ,
993 2566 1049 2606 ut
1074 2557 1148 2607 vel

126 2634 283 2683 nullos
308 2652 509 2702 prorsus
532 2675 544 2697 ‚
578 2636 652 2685 vel
677 2654 776 2685 non
822 2638 938 2687 tales
974 2638 1147 2688 habeat

128 2715 394 2782 defensores
415 2755 428 2778 ‚
464 2736 556 2784 per
595 2735 711 2784 quos
738 2722 898 2785 possit
936 2720 1144 2782 sehisma

129 2801 490 2866 contingere.Et
502 2804 688 2862 iterum,
703 2801 866 2869 Epist.
882 2821 989 2863 xxu,
1004 2823 1057 2855 n.
1072 2803 1105 2854 5
1124 2821 1140 2855 ε

128 2882 244 2931 Non
266 2900 430 2949 aspere
450 2920 464 2944 ,
502 2892 736 2949 quantum
760 2886 981 2934 existimo
998 2923 1012 2946 ‚
1045 2903 1145 2935 mm

131 2962 343 3026 dur-iter,
366 2981 464 3013 non
484 2966 622 3015 modo
650 2968 907 3033 imperioso
927 2969 1034 3016 ἐσίω
1055 2967 1143 3017 τοὶ-ι

132 3042 297 3094 lemur
312 3066 334 3106 ;
353 3050 509 3112 maqis
525 3048 733 3098 docendo
755 3050 1143 3115 quamjubendo,

136 3131 287 3192 maqis
322 3131 553 3181 neonendo
588 3150 734 3198 quam
775 3135 1030 3185 minando.
1060 3136 1145 3183 Sic

137 3209 266 3255 enim
294 3213 530 3275 aqendum
559 3223 630 3262 est
664 3232 773 3263 cum
802 3216 1143 3276 multitudine;

140 3291 360 3339 severitas
387 3303 544 3345 autem
573 3298 837 3348 exercenda
862 3307 931 3346 est
960 3301 1017 3346 in
1037 3317 1144 3364 pec·

66 3439 68 3442 ι
137 3376 244 3417 cata
267 3387 545 3435 paucorum.
579 3378 668 3429 Hic
697 3392 851 3430 autem
878 3381 1024 3430 obiter
1051 3385 1148 3431 ani-

138 3451 400 3513 madverte,
436 3456 556 3506 banc
578 3461 891 3513 difficultatem
908 3501 921 3522 .,
956 3482 1057 3530 quae
1084 3466 1143 3513 ab

139 3532 407 3584 adversariis
447 3549 631 3602 urgetur
672 3561 730 3592 ex
770 3541 933 3610 agendi
971 3550 1150 3598 ratione

141 3631 298 3664 eorum
316 3655 328 3676 ‚
358 3622 437 3683 qui
462 3623 721 3673 restiterunt
750 3628 1011 3678 definitioni
1030 3630 1152 3680 Con-

1223 2064 1397 2111 suerint
1425 2062 1783 2112 definitionibus
1800 2064 1933 2113 editis
1950 2068 2002 2113 in
2030 2064 2241 2115 Concilio

1221 2142 1587 2194 Chalcedonensi
1608 2182 1620 2206 ‚
1635 2163 1735 2194 rem
1751 2155 1957 2195 nostram
1971 2150 2122 2214 magis
2137 2165 2244 2213 pro-

1221 2225 1348 2274 bare.
1380 2226 1480 2275 Nisi
1509 2229 1634 2275 enim
1664 2245 1748 2293 pro
1786 2239 1908 2277 certo
1947 2228 2015 2278 illi
2053 2229 2246 2280 habuis-

1221 2318 1321 2358 sent
1354 2345 1370 2364 ,
1413 2310 1698 2356 oecumenica
1737 2307 1942 2358 Concilia
1980 2310 2246 2361 infallibilia

1222 2405 1318 2436 esse
1348 2390 1399 2436 in
1424 2389 1555 2437 factis
1588 2389 1859 2453 dogmaticis
1886 2428 1899 2451 ,
1939 2390 2069 2438 nulla
2107 2409 2244 2442 causa

1221 2469 1413 2531 fuisset,
1445 2488 1588 2536 quare
1627 2473 1875 2521 restiterint
1901 2472 2095 2522 decretis
2122 2472 2245 2524 Con-

1221 2550 1318 2599 cilii
1340 2551 1600 2617 posterioris
1623 2591 1636 2613 ‚
1659 2569 1740 2603 seu
1758 2552 1933 2620 Synodi
1963 2553 2025 2615 V,
2056 2556 2247 2621 perinde

1220 2650 1273 2682 ac
1303 2636 1340 2683 si
1365 2635 1468 2684 haec
1497 2636 1818 2686 adversaretur
1856 2638 2038 2687 decreto
2066 2639 2243 2688 infalli-

1218 2713 1301 2764 bili
1335 2716 1531 2766 Concilii
1567 2718 1986 2779 Chalcedonensis,
2023 2721 2149 2786 quod
2186 2719 2246 2771 ab

1219 2799 1438 2847 omnibus
1478 2809 1530 2849 ut
1578 2804 1917 2850 oecumenicum
1958 2801 2245 2863 habebatur3

1219 2879 1521 2929 dubitabatur
1545 2894 1696 2931 autem
1732 2882 1792 2931 ab
1818 2885 1937 2947 istis,
1956 2893 2111 2932 utrum
2141 2885 2245 2954 talis

1219 2965 1386 3027 pariter
1412 2964 1639 3013 censenda
1669 2974 1787 3013 esset
1818 2968 1983 3032 quinta
2007 2963 2240 3032 Synodus.

1290 3042 1359 3110 (2)
1411 3045 1510 3094 Cfr.
1566 3047 1687 3112 apud
1749 3046 1884 3097 Joan.
1960 3044 2243 3100 Garnerium

1219 3123 1271 3174 S.
1291 3125 1340 3176 J.
1369 3126 1521 3175 Liber
1533 3127 1741 3175 diurnus
1758 3127 2082 3177 Romanorum
2103 3129 2241 3178 Pon-

1219 3210 1405 3275 tifioum
1423 3248 1438 3273 ,
1464 3211 1606 3260 Paris.
1634 3208 1759 3259 1680
1782 3247 1797 3271 ‚
1827 3213 1877 3260 in
1903 3213 2107 3262 secunda
2131 3213 2241 3262 fidei

1226 3293 1506 3356 professione
1523 3331 1534 3353 ,
1558 3310 1660 3358 pag.
1681 3290 1769 3356 35,
1788 3303 1831 3342 et
1855 3311 1958 3360 pag.
1982 3292 2050 3344 38
2074 3305 2120 3344 et
2140 3311 2237 3360 seq.

1295 3388 1362 3452 (2)
1401 3388 1493 3437 Cfr.
1518 3388 1916 3445 erudita‘Relatio
1957 3388 2108 3439 θανά.
2142 3385 2238 3437 Ca·

1226 3468 1322 3517 roli
1356 3470 1543 3518 Alhern'
1594 3470 1884 3523 Caualchim'
1913 3471 2142 3538 ponentis
2184 3470 2239 3517 in

1237 3570 1384 3602 eausa
1426 3571 1536 3605 ven.
1594 3557 1722 3604 servi
1761 3553 1860 3605 Dei
1899 3553 2192 3603 Bellarmim‘
2221 3591 2236 3614 ,

1234 3635 1390 3684 Romae
1425 3635 1548 3702 1753
1566 3671 1582 3698 ,
1615 3655 1664 3685 n.
1689 3635 1783 3704 267
1804 3648 1848 3688 et
1871 3655 2000 3702 seqq.
2024 3653 2128 3703 pag.
2141 3634 2239 3684 208
