2514 4218
538 263 694 300 mur.
739 259 778 296 1.
827 259 947 297 cAr.
994 259 1079 294 111.
1124 259 1190 294 mi
1232 256 1382 295 nect.
1425 255 1602 294 nous,
2041 231 2117 289 91

43 409 102 467 id
136 419 220 469 est
238 452 254 484 ‚
285 417 352 465 ut
387 404 448 463 in
467 423 646 462 unam
675 399 978 461 Ecclesiam
1009 397 1362 457 coadunaret
1386 394 1549 472 illos,
1574 392 1671 476 qui
1693 392 1908 475 partim
1926 413 1998 453 ex
2021 394 2125 452 Ju-

43 503 178 563 daeis
215 499 427 584 partim
457 519 530 557 ex
567 494 834 575 gentibus
873 494 936 552 in
983 492 1176 573 ipsum
1226 501 1420 551 essent
1451 488 1759 563 credituri,
1794 486 1939 547 eam'
1966 488 2126 547 Patri

42 619 144 656 suo
180 595 429 655 maxime
468 589 934 664 commendavit,
963 585 1158 644 dicens
1179 630 1194 659 ,
1226 589 1395 645 Joan.
1428 585 1585 644 XVII
1621 606 1635 641 :
1671 584 1859 642 Pater
1885 591 2083 640 sancte
2103 625 2120 656 .‚

39 711 206 750 serva
245 711 338 749 eos
371 693 440 747 in
490 691 728 745 nomine
766 695 865 743 tuo
879 723 904 754 ,
956 699 1100 758 quos
1135 680 1350 737 dedisti
1387 681 1544 738 milii
1562 725 1580 748 ,
1627 688 1697 737 ut
1735 682 1861 737 sint
1890 696 2123 749 unum,

39 789 196 843 sieut
237 796 291 842 et
317 805 435 842 nos.
466 783 534 841 Et
567 779 738 863 paulo
771 787 903 860 post
933 784 1128 852 rogat,
1153 783 1219 830 ut
1253 772 1377 831 haec
1403 773 1662 832 Ecclesiae
1696 792 1811 830 suae
1843 771 2034 829 unitas
2061 769 2125 828 in

40 878 152 938 fide
177 890 234 937 et
262 879 536 937 charitate
563 884 845 956 perpetuo
876 868 1151 927 duratura
1176 866 1280 925 sit:
1302 866 1444 926 Non
1458 889 1576 949 pro
1596 870 1680 926 eis
1699 888 1834 947 royo
1859 875 2092 925 tantum
2109 906 2131 937 ,

41 974 143 1031 sed
165 983 220 1031 et
236 993 353 1052 pro
375 976 457 1030 eis
472 1014 495 1043 ,
522 973 633 1050 qui
652 966 946 1028 credituri
967 971 1112 1020 sunt
1145 981 1257 1045 per
1289 962 1535 1019 verbum
1568 982 1772 1019 eorum
1798 964 1865 1019 in
1900 981 2021 1035 me,
2060 969 2134 1018 ut

42 1088 237 1125 omnes
263 1087 459 1125 unum
487 1068 635 1133 sint,
663 1064 818 1121 sicut
845 1068 912 1116 tu
944 1060 1132 1117 Pater
1162 1062 1228 1116 in
1264 1077 1356 1114 me
1384 1066 1439 1113 et
1463 1076 1559 1135 eqo
1590 1059 1660 1113 in
1697 1066 1748 1113 te
1761 1098 1783 1127 ,
1820 1066 1892 1114 ut
1921 1066 1976 1114 et
2009 1059 2133 1135 ipsi

42 1166 110 1220 in
141 1163 310 1220 nohis
337 1181 523 1219 unum
552 1163 691 1216 sint.
729 1154 1056 1234 Utrumque
1087 1150 1421 1233 complexus
1448 1150 1664 1232 pariter
1698 1160 1787 1208 est
1824 1149 2131 1231 Apostolus

42 1255 293 1315 scribens
316 1255 390 1314 ad
412 1251 679 1334 Ephesios
712 1272 726 1307 :
762 1251 1017 1309 Solliciti
1035 1268 1268 1307 servare
1296 1249 1590 1305 unitatem
1617 1248 1872 1324 spiritus
1892 1248 1961 1303 in
1989 1248 2127 1303 vin·-

42 1352 170 1409 culo
182 1353 374 1430 pacis.
405 1347 606 1407 Unum
636 1366 852 1425 corpus
884 1355 941 1404 et
970 1365 1132 1403 unus
1163 1345 1489 1423 spiritua..
1527 1341 1708 1399 donee
1741 1359 2132 1398 occurramus

42 1466 237 1504 omnes
270 1449 339 1502 in
377 1444 667 1501 unitatem
690 1441 899 1519 fidei...
933 1443 1241 1499 veritatem
1273 1447 1475 1497 autem
1504 1439 1792 1516 facientes
1817 1438 1889 1494 in
1923 1434 2131 1494 ehari-

42 1550 183 1610 tate,
215 1557 542 1599 crescamus
572 1538 644 1594 in
679 1537 781 1594 illo
800 1556 917 1616 per
939 1538 1180 1606 omnia,
1216 1537 1330 1612 qui
1349 1541 1433 1591 est
1463 1540 1648 1611 caput
1691 1530 1985 1590 Chr-istae.
2025 1529 2132 1588 Ex

41 1656 155 1713 quo
175 1644 356 1691 totum
380 1651 597 1710 corpus
609 1673 634 1703 ,
663 1640 1034 1710 compactum
1056 1640 1112 1688 et
1129 1649 1460 1687 connexum
1476 1649 1591 1708 per
1601 1631 1975 1708 juncturam
1995 1624 2132 1683 suh-

40 1729 502 1787 ministrationis
524 1728 851 1785 secundum
879 1728 1276 1806 operationem
1311 1726 1380 1783 in
1418 1744 1706 1782 mensura
1733 1724 2133 1800 unimammas-

40 1845 149 1902 que
178 1824 438 1882 membri
443 1869 461 1892 ,
495 1832 880 1902 auqmentum
905 1824 1170 1901 eorporis
1190 1823 1350 1899 facit
1375 1823 1444 1878 in
1466 1820 1907 1899 aedificationem
1939 1820 2044 1875 sui
2063 1819 2133 1874 in

38 1918 323 1977 charitate
350 1917 473 1999 (l);
510 1927 570 1976 et
601 1915 737 1975 alibi
768 1917 999 1998 passim.

124 2012 260 2071 158.
289 2014 406 2072 Nec
432 2011 604 2070 aliam
630 2022 829 2080 notam
852 2011 1091 2070 unitatis
1115 2009 1409 2084 Ecclesiae,
1439 2019 1616 2090 prout
1643 2008 1893 2067 exterior
1916 2027 1982 2065 ac
2007 2005 2139 2067 visi-

40 2104 169 2164 bilis
211 2118 299 2166 est
317 2152 334 2182 ,
379 2118 739 2187 agnoverunt
768 2107 949 2165 sancti
982 2109 1177 2165 Patres
1207 2114 1420 2187 praeter
1451 2126 1579 2164 eam
1603 2149 1619 2179 .,
1648 2123 1774 2185 quae
1808 2101 2033 2180 exurgit
2061 2121 2132 2159 ex

50 2198 262 2280 duplici
285 2201 468 2282 capite
483 2245 499 2275 ‚
528 2223 740 2282 nempe
763 2222 834 2260 ex
857 2199 990 2276 fide,
1018 2221 1145 2281 quae
1161 2222 1275 2258 una
1302 2201 1365 2258 in
1384 2199 1653 2259 omnibus
1681 2210 1768 2258 est
1784 2242 1801 2272 ‚
1829 2209 1889 2257 et
1912 2218 1984 2256 ex
2004 2195 2137 2255 cha-

50 2293 220 2352 ritate
236 2314 334 2352 seu
356 2297 781 2360 communioneq
802 2300 958 2372 cujus
975 2294 1206 2354 vinculo
1221 2316 1421 2354 omnes
1435 2294 1800 2373 colligantur.
1817 2294 1875 2351 S.
1896 2290 2135 2351 Ambro-

51 2388 166 2446 sius
198 2388 504 2447 Ecclesiam
527 2388 729 2448 definit
770 2391 1307 2468 Conyreqationem,
1330 2411 1463 2467 quoe
1492 2392 1561 2446 in
1585 2410 1778 2446 uniam
1803 2406 2136 2446 conneoeum

49 2503 259 2561 corpus
290 2494 464 2565 atque
487 2493 857 2563 compactum
883 2486 1107 2542 unitate
1123 2483 1273 2560 fidei
1292 2494 1353 2541 eb
1379 2484 1695 2542 charitatis
1727 2485 1993 2562 assuryit
2024 2479 2134 2562 (2).

51 2751 145 2789 tam
195 2742 380 2789 unitatis
424 2757 639 2804 exurgere
702 2758 783 2789 seu
847 2741 1038 2795 conflari

52 2824 185 2870 etiam
219 2838 277 2870 ex
308 2823 483 2870 unitate
504 2821 754 2869 charitatis
778 2858 792 2882 ‚
833 2822 924 2870 hoc
953 2840 1039 2871 no-

49 2906 173 2952 mine
194 2903 274 2951 hic
296 2906 486 2952 minime
508 2904 752 2968 significari
778 2903 1041 2953 charitatem

49 2986 173 3034 illam
193 3022 207 3045 ,
235 3003 325 3051 qua
345 3003 428 3034 nos
447 2995 609 3034 mutuo
623 2983 807 3051 diligere
822 2985 1042 3035 debemus

49 3067 190 3115 veluti
210 3069 420 3117 virtutem
442 3068 723 3133 personalem
739 3077 783 3116 et
800 3070 1043 3132 privatam,

54 3165 144 3212 qua
164 3149 234 3198 vel
261 3167 367 3199 cum
394 3150 663 3198 infidelibus
690 3151 798 3215 ipsis
827 3151 1044 3214 conjungi

54 3227 268 3278 debemus
288 3268 303 3292 ,
338 3233 418 3297 qui
456 3241 578 3280 extra
619 3231 871 3288 Ecclesiam
903 3239 1045 3292 sunt3

55 3309 134 3357 sed
156 3312 462 3375 significamus
495 3314 762 3363 charitatem
799 3313 1046 3377 specialem

54 3393 194 3440 totius
220 3394 449 3446 christiani
475 3397 633 3462 populi
664 3399 895 3463 propriam
911 3432 925 3458 ‚
957 3414 1048 3462 qua

56 3490 214 3522 omues
269 3476 439 3544 absque
485 3480 707 3530 divisione
761 3483 1050 3532 adhaeremus

53 3556 306 3619 pastoribus
330 3568 375 3607 et
400 3562 617 3627 episcopis
650 3563 708 3612 ad
731 3563 855 3613 idem
883 3582 1048 3629 corpus

53 3638 420 3687 constituendum
443 3676 457 3701 ,
486 3644 747 3706 profitentes
767 3646 975 3697 eamdem
990 3646 1047 3695 fi-

0 3713 4 3717 ’
54 3718 157 3767 dem
194 3730 239 3769 et
269 3730 472 3770 tenentes
516 3727 722 3776 eamdem
766 3732 1047 3780 communio·

1125 2758 1251 2793 uem.
1285 2740 1385 2790 Hoc
1420 2759 1556 2791 sensu
1588 2741 1743 2792 Patres
1779 2751 1832 2790 ut
1863 2751 2020 2790 notam
2064 2758 2135 2791 es-

1127 2823 1363 2873 sentialem
1379 2823 1590 2872 Ecclesiae
1608 2827 1894 2873 constituunt
1905 2824 2136 2874 charitatis

1129 2908 1387 2969 unitatem3
1413 2906 1502 2955 hac
1534 2906 1593 2955 de
1634 2923 1767 2956 causa
1797 2906 2049 2972 adjecimus
2079 2907 2139 2956 il-

1130 2988 1226 3036 lam
1269 2987 1620 3051 explicationem
1646 3005 1730 3036 seu
1761 2989 2130 3038 communionis.

1131 3068 1351 3135 Alioquin
1394 3071 1594 3134 privatus
1633 3070 1773 3118 homo
1804 3087 1858 3119 ex
1878 3087 1964 3132 eo,
2007 3070 2134 3137 quod

1133 3151 1275 3201 alium
1317 3151 1422 3200 odio
1472 3161 1818 3217 prosequeretur
1847 3189 1862 3213 ,
1911 3154 2137 3202 scinderet

1134 3235 1359 3282 unitatem
1386 3233 1594 3282 Ecclesiae
1618 3270 1632 3293 ‚
1658 3243 1703 3282 et
1734 3244 1860 3284 extra
1886 3234 2135 3285 Ecclesiam

1136 3325 1289 3378 esset,
1322 3315 1451 3381 quod
1485 3324 1552 3364 est
1580 3314 1833 3368 absurdum
1853 3353 1867 3377 ‚
1906 3333 1960 3365 ae
1998 3333 2136 3365 nemo

1136 3414 1344 3463 uuquam
1395 3414 1456 3446 ne
1499 3399 1745 3448 somniavit
1795 3399 2001 3466 quidem.
2036 3396 2134 3448 cfr.

1135 3479 1388 3530 Maldonat.
1417 3484 1469 3532 in
1495 3479 1623 3529 hunc
1651 3481 1742 3531 loc.
2072 3474 2074 3478 ’

1199 3564 1269 3629 (1)
1307 3565 1418 3614 Loc.
1446 3567 1526 3614 cit.
1557 3583 1603 3614 v.
1645 3561 1762 3613 316.

1201 3647 1263 3711 (2)
1301 3646 1381 3695 De
1423 3646 1643 3712 Officiis,
1685 3645 1769 3695 lib.
1801 3661 1883 3704 ιιι,
1919 3659 2021 3708 cap.
2075 3642 2135 3705 3,

1135 3746 1187 3778 n.
1226 3744 1310 3794 19,
1337 3726 1452 3778 edit.
1479 3720 1634 3778 Maur.
