<?xml version="1.0" encoding="UTF-8"?>
<!DOCTYPE html PUBLIC "-//W3C//DTD XHTML 1.0 Transitional//EN"
    "http://www.w3.org/TR/xhtml1/DTD/xhtml1-transitional.dtd">
<html xmlns="http://www.w3.org/1999/xhtml" xml:lang="en" lang="en">
 <head>
  <title>
</title>
<meta http-equiv="Content-Type" content="text/html;charset=utf-8" />
  <meta name='ocr-system' content='tesseract 3.04.00' />
  <meta name='ocr-capabilities' content='ocr_page ocr_carea ocr_par ocr_line ocrx_word'/>
</head>
<body>
  <div class='ocr_page' id='page_1' title='image "a603693808perruoft_0429.png"; bbox 0 0 2514 4218; ppageno 0'>
   <div class='ocr_carea' id='block_1_1' title="bbox 2057 175 2174 236">
    <p class='ocr_par' dir='ltr' id='par_1_1' title="bbox 2057 175 2174 236">
     <span class='ocr_line' id='line_1_1' title="bbox 2057 175 2174 236; baseline 0.034 -4"><span class='ocrx_word' id='word_1_1' title='bbox 2057 175 2174 236; x_wconf 78' lang='lat'><strong>417</strong></span> 
     </span>
    </p>
   </div>
   <div class='ocr_carea' id='block_1_2' title="bbox 354 187 1837 255">
    <p class='ocr_par' dir='ltr' id='par_1_2' title="bbox 354 187 1837 255">
     <span class='ocr_line' id='line_1_2' title="bbox 354 187 1837 255; baseline 0.002 -26"><span class='ocrx_word' id='word_1_2' title='bbox 354 192 509 255; x_wconf 58' lang='grc' dir='ltr'><strong>ΡΔῙξΤ.</strong></span> <span class='ocrx_word' id='word_1_3' title='bbox 557 192 598 229; x_wconf 88' lang='lat'><strong>1.</strong></span> <span class='ocrx_word' id='word_1_4' title='bbox 645 190 795 230; x_wconf 80' lang='lat' dir='ltr'><strong>SECT.</strong></span> <span class='ocrx_word' id='word_1_5' title='bbox 848 192 910 230; x_wconf 88' lang='lat'><strong>11.</strong></span> <span class='ocrx_word' id='word_1_6' title='bbox 953 191 1076 230; x_wconf 76' lang='lat' dir='ltr'><strong>GAP.</strong></span> <span class='ocrx_word' id='word_1_7' title='bbox 1125 192 1185 230; x_wconf 88' lang='lat'><strong>11.</strong></span> <span class='ocrx_word' id='word_1_8' title='bbox 1231 191 1298 228; x_wconf 79' lang='lat' dir='ltr'><strong>DE</strong></span> <span class='ocrx_word' id='word_1_9' title='bbox 1343 187 1569 230; x_wconf 76' lang='lat' dir='ltr'><strong>PmMA&#39;r.</strong></span> <span class='ocrx_word' id='word_1_10' title='bbox 1620 191 1837 232; x_wconf 73' lang='lat' dir='ltr'><strong>PERPET.</strong></span> 
     </span>
    </p>
   </div>
   <div class='ocr_carea' id='block_1_3' title="bbox 44 332 2180 2223">
    <p class='ocr_par' dir='ltr' id='par_1_3' title="bbox 44 332 2180 1842">
     <span class='ocr_line' id='line_1_3' title="bbox 45 332 2172 418; baseline 0.002 -23"><span class='ocrx_word' id='word_1_11' title='bbox 45 334 436 418; x_wconf 68' lang='lat' dir='ltr'><strong>apphcemm,</strong></span> <span class='ocrx_word' id='word_1_12' title='bbox 481 354 553 393; x_wconf 84' lang='lat' dir='ltr'><strong>ex</strong></span> <span class='ocrx_word' id='word_1_13' title='bbox 594 332 799 394; x_wconf 88' lang='lat' dir='ltr'><strong>divina</strong></span> <span class='ocrx_word' id='word_1_14' title='bbox 844 332 1250 408; x_wconf 72' lang='lat' dir='ltr'><strong>institutione,</strong></span> <span class='ocrx_word' id='word_1_15' title='bbox 1292 334 1416 395; x_wconf 85' lang='lat' dir='ltr'><strong>sive</strong></span> <span class='ocrx_word' id='word_1_16' title='bbox 1458 332 1661 393; x_wconf 90' lang='lat' dir='ltr'><strong>divino</strong></span> <span class='ocrx_word' id='word_1_17' title='bbox 1692 339 1826 413; x_wconf 82' lang='lat' dir='ltr'><strong>jure</strong></span> <span class='ocrx_word' id='word_1_18' title='bbox 1868 337 2172 399; x_wconf 87' lang='lat' dir='ltr'><strong>institutus</strong></span> 
     </span>
     <span class='ocr_line' id='line_1_4' title="bbox 44 427 2172 510; baseline 0.003 -21"><span class='ocrx_word' id='word_1_19' title='bbox 44 442 133 490; x_wconf 86' lang='lat' dir='ltr'><strong>est</strong></span> <span class='ocrx_word' id='word_1_20' title='bbox 167 431 232 490; x_wconf 91' lang='lat' dir='ltr'><strong>in</strong></span> <span class='ocrx_word' id='word_1_21' title='bbox 270 427 512 488; x_wconf 82' lang='lat' dir='ltr'>Ecclesia</span> <span class='ocrx_word' id='word_1_22' title='bbox 541 429 826 510; x_wconf 84' lang='lat' dir='ltr'>primatus</span> <span class='ocrx_word' id='word_1_23' title='bbox 859 429 923 487; x_wconf 88' lang='lat' dir='ltr'><strong>in</strong></span> <span class='ocrx_word' id='word_1_24' title='bbox 956 450 1204 510; x_wconf 88' lang='lat' dir='ltr'><strong>persona</strong></span> <span class='ocrx_word' id='word_1_25' title='bbox 1232 429 1424 504; x_wconf 74' lang='lat' dir='ltr'><strong>Petri,</strong></span> <span class='ocrx_word' id='word_1_26' title='bbox 1473 430 1567 489; x_wconf 87' lang='lat' dir='ltr'><strong>cui</strong></span> <span class='ocrx_word' id='word_1_27' title='bbox 1608 429 1890 491; x_wconf 83' lang='lat' dir='ltr'><strong>divinitus</strong></span> <span class='ocrx_word' id='word_1_28' title='bbox 1927 433 2172 495; x_wconf 87' lang='lat' dir='ltr'><strong>collatus</strong></span> 
     </span>
     <span class='ocr_line' id='line_1_5' title="bbox 46 522 2178 606; baseline 0.003 -21"><span class='ocrx_word' id='word_1_29' title='bbox 46 536 134 586; x_wconf 88' lang='lat' dir='ltr'><strong>est</strong></span> <span class='ocrx_word' id='word_1_30' title='bbox 169 529 406 604; x_wconf 86' lang='lat' dir='ltr'><strong>ejusque</strong></span> <span class='ocrx_word' id='word_1_31' title='bbox 439 523 710 602; x_wconf 80' lang='lat' dir='ltr'><strong>legitimis</strong></span> <span class='ocrx_word' id='word_1_32' title='bbox 755 522 1175 583; x_wconf 88' lang='lat' dir='ltr'><strong>successoribus</strong></span> <span class='ocrx_word' id='word_1_33' title='bbox 1205 536 1490 606; x_wconf 90' lang='lat' dir='ltr'><strong>perpetuo</strong></span> <span class='ocrx_word' id='word_1_34' title='bbox 1531 523 1885 603; x_wconf 84' lang='lat' dir='ltr'><strong>duraturus;</strong></span> <span class='ocrx_word' id='word_1_35' title='bbox 1925 529 1986 586; x_wconf 89' lang='lat' dir='ltr'><strong>in</strong></span> <span class='ocrx_word' id='word_1_36' title='bbox 2018 531 2178 590; x_wconf 89' lang='lat' dir='ltr'><strong>Petri</strong></span> 
     </span>
     <span class='ocr_line' id='line_1_6' title="bbox 46 616 2178 706; baseline 0.002 -27"><span class='ocrx_word' id='word_1_37' title='bbox 46 618 284 679; x_wconf 86' lang='lat' dir='ltr'><strong>arbitrio</strong></span> <span class='ocrx_word' id='word_1_38' title='bbox 317 629 442 677; x_wconf 89' lang='lat' dir='ltr'><strong>erat</strong></span> <span class='ocrx_word' id='word_1_39' title='bbox 466 617 574 677; x_wconf 87' lang='lat' dir='ltr'><strong>sibi</strong></span> <span class='ocrx_word' id='word_1_40' title='bbox 610 617 821 697; x_wconf 83' lang='lat' dir='ltr'><strong>eligere</strong></span> <span class='ocrx_word' id='word_1_41' title='bbox 853 618 916 676; x_wconf 92' lang='lat' dir='ltr'><strong>in</strong></span> <span class='ocrx_word' id='word_1_42' title='bbox 944 616 1143 676; x_wconf 92' lang='lat' dir='ltr'><strong>sedem</strong></span> <span class='ocrx_word' id='word_1_43' title='bbox 1186 618 1585 699; x_wconf 56' lang='lat' dir='ltr'><strong>episcopium,</strong></span> <span class='ocrx_word' id='word_1_44' title='bbox 1620 640 1686 678; x_wconf 89' lang='lat' dir='ltr'><strong>ac</strong></span> <span class='ocrx_word' id='word_1_45' title='bbox 1713 633 2025 702; x_wconf 86' lang='lat' dir='ltr'><strong>propterea</strong></span> <span class='ocrx_word' id='word_1_46' title='bbox 2056 626 2178 706; x_wconf 87' lang='lat' dir='ltr'><strong>pri·</strong></span> 
     </span>
     <span class='ocr_line' id='line_1_7' title="bbox 45 711 2174 797; baseline 0.003 -25"><span class='ocrx_word' id='word_1_47' title='bbox 45 724 237 772; x_wconf 88' lang='lat' dir='ltr'><strong>matus</strong></span> <span class='ocrx_word' id='word_1_48' title='bbox 279 714 402 787; x_wconf 72' lang='lat' dir='ltr'><strong>sui,</strong></span> <span class='ocrx_word' id='word_1_49' title='bbox 461 713 583 772; x_wconf 87' lang='lat' dir='ltr'><strong>sive</strong></span> <span class='ocrx_word' id='word_1_50' title='bbox 626 714 910 786; x_wconf 76' lang='lat' dir='ltr'><strong>Romam,</strong></span> <span class='ocrx_word' id='word_1_51' title='bbox 957 712 1077 774; x_wconf 90' lang='lat' dir='ltr'><strong>sive</strong></span> <span class='ocrx_word' id='word_1_52' title='bbox 1127 711 1527 771; x_wconf 84' lang='lat' dir='ltr'><strong>Mediolanum</strong></span> <span class='ocrx_word' id='word_1_53' title='bbox 1576 714 1701 795; x_wconf 84' lang='lat'>(1);</span> <span class='ocrx_word' id='word_1_54' title='bbox 1747 716 1937 797; x_wconf 87' lang='lat' dir='ltr'><strong>posito</strong></span> <span class='ocrx_word' id='word_1_55' title='bbox 1974 729 2174 780; x_wconf 90' lang='lat' dir='ltr'><strong>autem</strong></span> 
     </span>
     <span class='ocr_line' id='line_1_8' title="bbox 45 797 2177 889; baseline 0.004 -24"><span class='ocrx_word' id='word_1_56' title='bbox 45 807 203 888; x_wconf 89' lang='lat' dir='ltr'><strong>quod</strong></span> <span class='ocrx_word' id='word_1_57' title='bbox 229 808 292 865; x_wconf 91' lang='lat' dir='ltr'><strong>in</strong></span> <span class='ocrx_word' id='word_1_58' title='bbox 316 807 514 867; x_wconf 90' lang='lat' dir='ltr'><strong>sedem</strong></span> <span class='ocrx_word' id='word_1_59' title='bbox 541 808 718 866; x_wconf 86' lang='lat' dir='ltr'><strong>fixam</strong></span> <span class='ocrx_word' id='word_1_60' title='bbox 750 807 840 866; x_wconf 90' lang='lat' dir='ltr'><strong>sui</strong></span> <span class='ocrx_word' id='word_1_61' title='bbox 879 805 1243 888; x_wconf 83' lang='lat' dir='ltr'><strong>episcopatus</strong></span> <span class='ocrx_word' id='word_1_62' title='bbox 1261 818 1458 888; x_wconf 89' lang='lat' dir='ltr'><strong>atque</strong></span> <span class='ocrx_word' id='word_1_63' title='bbox 1491 808 1786 889; x_wconf 83' lang='lat' dir='ltr'><strong>primatus</strong></span> <span class='ocrx_word' id='word_1_64' title='bbox 1807 797 2054 872; x_wconf 85' lang='lat' dir='ltr'><strong>Romam</strong></span> <span class='ocrx_word' id='word_1_65' title='bbox 2074 826 2177 874; x_wconf 87' lang='lat' dir='ltr'><strong>aut</strong></span> 
     </span>
     <span class='ocr_line' id='line_1_9' title="bbox 46 900 2176 987; baseline 0.004 -26"><span class='ocrx_word' id='word_1_66' title='bbox 46 902 441 961; x_wconf 89' lang='lat' dir='ltr'><strong>Mediolanum</strong></span> <span class='ocrx_word' id='word_1_67' title='bbox 480 901 757 982; x_wconf 88' lang='lat' dir='ltr'><strong>delegerit</strong></span> <span class='ocrx_word' id='word_1_68' title='bbox 780 945 799 975; x_wconf 86' lang='lat'>‚</span> <span class='ocrx_word' id='word_1_69' title='bbox 838 900 1167 981; x_wconf 80' lang='lat' dir='ltr'><strong>rexeritque</strong></span> <span class='ocrx_word' id='word_1_70' title='bbox 1208 923 1391 983; x_wconf 87' lang='lat' dir='ltr'><strong>usque</strong></span> <span class='ocrx_word' id='word_1_71' title='bbox 1428 902 1502 961; x_wconf 92' lang='lat' dir='ltr'><strong>ad</strong></span> <span class='ocrx_word' id='word_1_72' title='bbox 1540 902 1767 963; x_wconf 89' lang='lat' dir='ltr'><strong>obitum</strong></span> <span class='ocrx_word' id='word_1_73' title='bbox 1809 928 1979 966; x_wconf 90' lang='lat' dir='ltr'><strong>suum</strong></span> <span class='ocrx_word' id='word_1_74' title='bbox 1994 951 2017 980; x_wconf 84' lang='lat'><em>,</em></span> <span class='ocrx_word' id='word_1_75' title='bbox 2049 913 2176 987; x_wconf 88' lang='lat' dir='ltr'><strong>jam</strong></span> 
     </span>
     <span class='ocr_line' id='line_1_10' title="bbox 48 995 2177 1087; baseline 0.004 -31"><span class='ocrx_word' id='word_1_76' title='bbox 48 998 110 1056; x_wconf 92' lang='lat' dir='ltr'><strong>in</strong></span> <span class='ocrx_word' id='word_1_77' title='bbox 142 996 358 1062; x_wconf 87' lang='lat' dir='ltr'><strong>nullius</strong></span> <span class='ocrx_word' id='word_1_78' title='bbox 385 1009 470 1057; x_wconf 92' lang='lat' dir='ltr'><strong>est</strong></span> <span class='ocrx_word' id='word_1_79' title='bbox 497 1006 787 1079; x_wconf 85' lang='lat' dir='ltr'><strong>potestate</strong></span> <span class='ocrx_word' id='word_1_80' title='bbox 810 1017 845 1055; x_wconf 90' lang='lat' dir='ltr'><strong>a</strong></span> <span class='ocrx_word' id='word_1_81' title='bbox 871 995 1293 1055; x_wconf 89' lang='lat' dir='ltr'><strong>successoribus</strong></span> <span class='ocrx_word' id='word_1_82' title='bbox 1333 997 1396 1055; x_wconf 91' lang='lat' dir='ltr'><strong>in</strong></span> <span class='ocrx_word' id='word_1_83' title='bbox 1425 997 1578 1057; x_wconf 90' lang='lat' dir='ltr'><strong>hanc</strong></span> <span class='ocrx_word' id='word_1_84' title='bbox 1619 999 1821 1060; x_wconf 90' lang='lat' dir='ltr'><strong>sedem</strong></span> <span class='ocrx_word' id='word_1_85' title='bbox 1858 1003 2016 1062; x_wconf 89' lang='lat' dir='ltr'><strong>Petri</strong></span> <span class='ocrx_word' id='word_1_86' title='bbox 2057 1005 2177 1087; x_wconf 92' lang='lat' dir='ltr'><strong>epi-</strong></span> 
     </span>
     <span class='ocr_line' id='line_1_11' title="bbox 48 1088 2180 1174; baseline 0.004 -24"><span class='ocrx_word' id='word_1_87' title='bbox 48 1103 351 1174; x_wconf 90' lang='lat' dir='ltr'><strong>scopatum</strong></span> <span class='ocrx_word' id='word_1_88' title='bbox 372 1103 432 1153; x_wconf 91' lang='lat' dir='ltr'><strong>et</strong></span> <span class='ocrx_word' id='word_1_89' title='bbox 456 1094 773 1174; x_wconf 87' lang='lat' dir='ltr'><strong>primatum</strong></span> <span class='ocrx_word' id='word_1_90' title='bbox 803 1088 1128 1171; x_wconf 88' lang='lat' dir='ltr'><strong>dispescere</strong></span> <span class='ocrx_word' id='word_1_91' title='bbox 1165 1102 1342 1173; x_wconf 87' lang='lat' dir='ltr'><strong>atque</strong></span> <span class='ocrx_word' id='word_1_92' title='bbox 1372 1091 1679 1154; x_wconf 87' lang='lat' dir='ltr'><strong>divellere.</strong></span> <span class='ocrx_word' id='word_1_93' title='bbox 1707 1094 1743 1153; x_wconf 89' lang='lat' dir='ltr'>J</span> <span class='ocrx_word' id='word_1_94' title='bbox 1748 1118 1812 1154; x_wconf 93' lang='lat' dir='ltr'><strong>us</strong></span> <span class='ocrx_word' id='word_1_95' title='bbox 1844 1099 2003 1157; x_wconf 89' lang='lat' dir='ltr'><strong>enim</strong></span> <span class='ocrx_word' id='word_1_96' title='bbox 2030 1097 2180 1160; x_wconf 86' lang='lat' dir='ltr'><strong>divi-</strong></span> 
     </span>
     <span class='ocr_line' id='line_1_12' title="bbox 48 1185 2176 1273; baseline 0.004 -27"><span class='ocrx_word' id='word_1_97' title='bbox 48 1209 194 1246; x_wconf 91' lang='lat' dir='ltr'><strong>num</strong></span> <span class='ocrx_word' id='word_1_98' title='bbox 215 1234 230 1262; x_wconf 73' lang='grc'><em>,</em></span> <span class='ocrx_word' id='word_1_99' title='bbox 275 1189 564 1249; x_wconf 86' lang='lat' dir='ltr'><strong>verificata</strong></span> <span class='ocrx_word' id='word_1_100' title='bbox 602 1185 933 1246; x_wconf 86' lang='lat' dir='ltr'><strong>conditione</strong></span> <span class='ocrx_word' id='word_1_101' title='bbox 974 1207 1081 1267; x_wconf 90' lang='lat' dir='ltr'><strong>per</strong></span> <span class='ocrx_word' id='word_1_102' title='bbox 1130 1186 1349 1246; x_wconf 87' lang='lat' dir='ltr'><strong>factum</strong></span> <span class='ocrx_word' id='word_1_103' title='bbox 1386 1189 1654 1270; x_wconf 86' lang='lat' dir='ltr'><strong>quamvis</strong></span> <span class='ocrx_word' id='word_1_104' title='bbox 1694 1189 1950 1251; x_wconf 88' lang='lat' dir='ltr'><strong>liberum</strong></span> <span class='ocrx_word' id='word_1_105' title='bbox 1982 1195 2176 1273; x_wconf 89' lang='lat' dir='ltr'><strong>Petri,</strong></span> 
     </span>
     <span class='ocr_line' id='line_1_13' title="bbox 47 1279 2178 1365; baseline 0.005 -24"><span class='ocrx_word' id='word_1_106' title='bbox 47 1282 122 1342; x_wconf 89' lang='lat' dir='ltr'><strong>ab</strong></span> <span class='ocrx_word' id='word_1_107' title='bbox 147 1282 256 1342; x_wconf 89' lang='lat' dir='ltr'><strong>hac</strong></span> <span class='ocrx_word' id='word_1_108' title='bbox 284 1283 420 1344; x_wconf 90' lang='lat' dir='ltr'><strong>sede</strong></span> <span class='ocrx_word' id='word_1_109' title='bbox 459 1279 843 1364; x_wconf 84' lang='lat' dir='ltr'><strong>inseparabile</strong></span> <span class='ocrx_word' id='word_1_110' title='bbox 865 1291 978 1340; x_wconf 87' lang='lat' dir='ltr'><strong>est.</strong></span> <span class='ocrx_word' id='word_1_111' title='bbox 1010 1282 1161 1340; x_wconf 90' lang='lat' dir='ltr'><strong>Hinc</strong></span> <span class='ocrx_word' id='word_1_112' title='bbox 1192 1282 1547 1365; x_wconf 85' lang='lat' dir='ltr'><strong>quicumque</strong></span> <span class='ocrx_word' id='word_1_113' title='bbox 1572 1283 1830 1364; x_wconf 81' lang='lat' dir='ltr'><strong>legitime</strong></span> <span class='ocrx_word' id='word_1_114' title='bbox 1858 1288 2178 1351; x_wconf 89' lang='lat' dir='ltr'><strong>succedunt</strong></span> 
     </span>
     <span class='ocr_line' id='line_1_14' title="bbox 48 1375 2176 1460; baseline 0.004 -23"><span class='ocrx_word' id='word_1_115' title='bbox 48 1380 111 1437; x_wconf 88' lang='lat' dir='ltr'><strong>in</strong></span> <span class='ocrx_word' id='word_1_116' title='bbox 154 1381 313 1439; x_wconf 88' lang='lat' dir='ltr'><strong>Petri</strong></span> <span class='ocrx_word' id='word_1_117' title='bbox 347 1377 576 1454; x_wconf 83' lang='lat' dir='ltr'><strong>sedem,</strong></span> <span class='ocrx_word' id='word_1_118' title='bbox 612 1376 815 1437; x_wconf 88' lang='lat' dir='ltr'><strong>divino</strong></span> <span class='ocrx_word' id='word_1_119' title='bbox 841 1381 974 1455; x_wconf 89' lang='lat' dir='ltr'><strong>jure</strong></span> <span class='ocrx_word' id='word_1_120' title='bbox 1010 1375 1330 1435; x_wconf 86' lang='lat' dir='ltr'><strong>succedunt</strong></span> <span class='ocrx_word' id='word_1_121' title='bbox 1368 1377 1431 1436; x_wconf 92' lang='lat' dir='ltr'><strong>in</strong></span> <span class='ocrx_word' id='word_1_122' title='bbox 1471 1382 1594 1457; x_wconf 87' lang='lat' dir='ltr'><strong>ejus</strong></span> <span class='ocrx_word' id='word_1_123' title='bbox 1630 1381 1973 1460; x_wconf 89' lang='lat' dir='ltr'><strong>primatum.</strong></span> <span class='ocrx_word' id='word_1_124' title='bbox 2011 1383 2176 1445; x_wconf 89' lang='lat' dir='ltr'><strong>Idem</strong></span> 
     </span>
     <span class='ocr_line' id='line_1_15' title="bbox 49 1466 2177 1556; baseline 0.002 -22"><span class='ocrx_word' id='word_1_125' title='bbox 49 1475 140 1534; x_wconf 91' lang='lat' dir='ltr'><strong>dic</strong></span> <span class='ocrx_word' id='word_1_126' title='bbox 185 1474 259 1534; x_wconf 91' lang='lat' dir='ltr'><strong>de</strong></span> <span class='ocrx_word' id='word_1_127' title='bbox 284 1466 561 1534; x_wconf 80' lang='lat' dir='ltr'><strong>electione</strong></span> <span class='ocrx_word' id='word_1_128' title='bbox 597 1472 891 1556; x_wconf 88' lang='lat' dir='ltr'><strong>personali</strong></span> <span class='ocrx_word' id='word_1_129' title='bbox 930 1472 1179 1550; x_wconf 87' lang='lat' dir='ltr'><strong>cujusvis</strong></span> <span class='ocrx_word' id='word_1_130' title='bbox 1203 1472 1530 1543; x_wconf 76' lang='lat' dir='ltr'><strong>pontificis,</strong></span> <span class='ocrx_word' id='word_1_131' title='bbox 1567 1495 1695 1556; x_wconf 86' lang='lat' dir='ltr'><strong>quae</strong></span> <span class='ocrx_word' id='word_1_132' title='bbox 1730 1475 1796 1532; x_wconf 84' lang='lat' dir='ltr'><strong>fit</strong></span> <span class='ocrx_word' id='word_1_133' title='bbox 1832 1498 1862 1534; x_wconf 92' lang='lat' dir='ltr'><strong>a</strong></span> <span class='ocrx_word' id='word_1_134' title='bbox 1895 1478 2177 1539; x_wconf 90' lang='lat' dir='ltr'><strong>Cardina-</strong></span> 
     </span>
     <span class='ocr_line' id='line_1_16' title="bbox 48 1566 2177 1650; baseline 0.002 -21"><span class='ocrx_word' id='word_1_135' title='bbox 48 1570 219 1630; x_wconf 77' lang='lat' dir='ltr'><strong>libus·</strong></span> <span class='ocrx_word' id='word_1_136' title='bbox 262 1569 475 1630; x_wconf 87' lang='lat' dir='ltr'><strong>Electio</strong></span> <span class='ocrx_word' id='word_1_137' title='bbox 516 1569 734 1650; x_wconf 85' lang='lat' dir='ltr'><strong>quippe</strong></span> <span class='ocrx_word' id='word_1_138' title='bbox 771 1567 1010 1646; x_wconf 89' lang='lat' dir='ltr'><strong>alicujus</strong></span> <span class='ocrx_word' id='word_1_139' title='bbox 1051 1566 1355 1650; x_wconf 88' lang='lat' dir='ltr'><strong>peculiaris</strong></span> <span class='ocrx_word' id='word_1_140' title='bbox 1390 1567 1686 1628; x_wconf 89' lang='lat' dir='ltr'><strong>individui</strong></span> <span class='ocrx_word' id='word_1_141' title='bbox 1726 1569 1792 1628; x_wconf 93' lang='lat' dir='ltr'><strong>in</strong></span> <span class='ocrx_word' id='word_1_142' title='bbox 1836 1571 2177 1633; x_wconf 88' lang='lat' dir='ltr'><strong>Pontificem</strong></span> 
     </span>
     <span class='ocr_line' id='line_1_17' title="bbox 50 1662 2177 1745; baseline 0.001 -20"><span class='ocrx_word' id='word_1_143' title='bbox 50 1677 139 1725; x_wconf 92' lang='lat' dir='ltr'><strong>est</strong></span> <span class='ocrx_word' id='word_1_144' title='bbox 182 1664 402 1724; x_wconf 89' lang='lat' dir='ltr'><strong>factum</strong></span> <span class='ocrx_word' id='word_1_145' title='bbox 453 1685 613 1723; x_wconf 91' lang='lat' dir='ltr'><strong>mere</strong></span> <span class='ocrx_word' id='word_1_146' title='bbox 669 1663 1033 1736; x_wconf 73' lang='lat' dir='ltr'><strong>humanumx,</strong></span> <span class='ocrx_word' id='word_1_147' title='bbox 1095 1674 1185 1721; x_wconf 89' lang='lat' dir='ltr'><strong>ast</strong></span> <span class='ocrx_word' id='word_1_148' title='bbox 1234 1684 1371 1724; x_wconf 87' lang='lat' dir='ltr'><strong>vero</strong></span> <span class='ocrx_word' id='word_1_149' title='bbox 1430 1662 1540 1722; x_wconf 89' lang='lat' dir='ltr'><strong>hoc</strong></span> <span class='ocrx_word' id='word_1_150' title='bbox 1597 1664 1828 1745; x_wconf 72' lang='lat' dir='ltr'><strong>posim,</strong></span> <span class='ocrx_word' id='word_1_151' title='bbox 1877 1665 2094 1727; x_wconf 88' lang='lat' dir='ltr'><strong>electus</strong></span> <span class='ocrx_word' id='word_1_152' title='bbox 2143 1691 2177 1729; x_wconf 89' lang='lat' dir='ltr'><strong>a</strong></span> 
     </span>
     <span class='ocr_line' id='line_1_18' title="bbox 50 1757 1922 1842; baseline 0 -22"><span class='ocrx_word' id='word_1_153' title='bbox 50 1760 279 1820; x_wconf 86' lang='lat' dir='ltr'><strong>Christo</strong></span> <span class='ocrx_word' id='word_1_154' title='bbox 321 1759 659 1819; x_wconf 88' lang='lat' dir='ltr'><strong>immediate</strong></span> <span class='ocrx_word' id='word_1_155' title='bbox 688 1769 873 1818; x_wconf 88' lang='lat' dir='ltr'><strong>totam</strong></span> <span class='ocrx_word' id='word_1_156' title='bbox 908 1779 1074 1819; x_wconf 88' lang='lat' dir='ltr'><strong>suam</strong></span> <span class='ocrx_word' id='word_1_157' title='bbox 1114 1757 1345 1818; x_wconf 88' lang='lat' dir='ltr'><strong>obtinet</strong></span> <span class='ocrx_word' id='word_1_158' title='bbox 1380 1759 1788 1820; x_wconf 86' lang='lat' dir='ltr'><strong>auctoritatem</strong></span> <span class='ocrx_word' id='word_1_159' title='bbox 1811 1762 1922 1842; x_wconf 76' lang='lat'><strong>(2).</strong></span> 
     </span>
    </p>

    <p class='ocr_par' dir='ltr' id='par_1_4' title="bbox 49 1851 2178 2223">
     <span class='ocr_line' id='line_1_19' title="bbox 130 1851 2177 1938; baseline 0.002 -25"><span class='ocrx_word' id='word_1_160' title='bbox 130 1851 270 1914; x_wconf 85' lang='lat'><strong>600.</strong></span> <span class='ocrx_word' id='word_1_161' title='bbox 320 1854 408 1915; x_wconf 87' lang='lat' dir='ltr'><strong>Ad</strong></span> <span class='ocrx_word' id='word_1_162' title='bbox 453 1855 574 1929; x_wconf 72' lang='lat'>2¹¹¹,</span> <span class='ocrx_word' id='word_1_163' title='bbox 622 1855 780 1913; x_wconf 72' lang='lat' dir='ltr'><strong>Dist.</strong></span> <span class='ocrx_word' id='word_1_164' title='bbox 825 1852 894 1912; x_wconf 93' lang='lat' dir='ltr'><strong>Id</strong></span> <span class='ocrx_word' id='word_1_165' title='bbox 928 1864 1046 1926; x_wconf 86' lang='lat' dir='ltr'><strong>est,</strong></span> <span class='ocrx_word' id='word_1_166' title='bbox 1087 1857 1183 1931; x_wconf 91' lang='lat' dir='ltr'><strong>jus</strong></span> <span class='ocrx_word' id='word_1_167' title='bbox 1220 1853 1494 1912; x_wconf 89' lang='lat' dir='ltr'><strong>divinum</strong></span> <span class='ocrx_word' id='word_1_168' title='bbox 1546 1855 1761 1913; x_wconf 86' lang='lat' dir='ltr'><strong>summi</strong></span> <span class='ocrx_word' id='word_1_169' title='bbox 1804 1857 2177 1938; x_wconf 85' lang='lat' dir='ltr'><strong>pontificatus</strong></span> 
     </span>
     <span class='ocr_line' id='line_1_20' title="bbox 49 1945 2173 2033; baseline 0.001 -23"><span class='ocrx_word' id='word_1_170' title='bbox 49 1972 150 2011; x_wconf 89' lang='lat' dir='ltr'><strong>seu</strong></span> <span class='ocrx_word' id='word_1_171' title='bbox 198 1949 484 2033; x_wconf 88' lang='lat' dir='ltr'><strong>primatus</strong></span> <span class='ocrx_word' id='word_1_172' title='bbox 523 1951 585 2007; x_wconf 88' lang='lat' dir='ltr'><strong>in</strong></span> <span class='ocrx_word' id='word_1_173' title='bbox 626 1970 687 2008; x_wconf 91' lang='lat' dir='ltr'><strong>se</strong></span> <span class='ocrx_word' id='word_1_174' title='bbox 736 1948 978 2030; x_wconf 88' lang='lat' dir='ltr'><strong>spectati</strong></span> <span class='ocrx_word' id='word_1_175' title='bbox 1023 1945 1435 2029; x_wconf 89' lang='lat' dir='ltr'><strong>independens</strong></span> <span class='ocrx_word' id='word_1_176' title='bbox 1474 1959 1562 2008; x_wconf 91' lang='lat' dir='ltr'><strong>est</strong></span> <span class='ocrx_word' id='word_1_177' title='bbox 1600 1971 1633 2007; x_wconf 88' lang='lat' dir='ltr'><strong>a</strong></span> <span class='ocrx_word' id='word_1_178' title='bbox 1683 1949 1833 2009; x_wconf 88' lang='lat' dir='ltr'><strong>facto</strong></span> <span class='ocrx_word' id='word_1_179' title='bbox 1883 1951 2173 2028; x_wconf 81' lang='lat' dir='ltr'><strong>humanO,</strong></span> 
     </span>
     <span class='ocr_line' id='line_1_21' title="bbox 50 2041 2178 2126; baseline 0.002 -22"><span class='ocrx_word' id='word_1_180' title='bbox 50 2066 246 2114; x_wconf 83' lang='lat' dir='ltr'><strong>conc.,·</strong></span> <span class='ocrx_word' id='word_1_181' title='bbox 277 2056 365 2104; x_wconf 88' lang='lat' dir='ltr'><strong>est</strong></span> <span class='ocrx_word' id='word_1_182' title='bbox 402 2043 809 2126; x_wconf 88' lang='lat' dir='ltr'><strong>independens</strong></span> <span class='ocrx_word' id='word_1_183' title='bbox 848 2065 881 2102; x_wconf 89' lang='lat' dir='ltr'><strong>a</strong></span> <span class='ocrx_word' id='word_1_184' title='bbox 909 2042 1061 2102; x_wconf 87' lang='lat' dir='ltr'><strong>facto</strong></span> <span class='ocrx_word' id='word_1_185' title='bbox 1104 2041 1362 2101; x_wconf 88' lang='lat' dir='ltr'><strong>humano</strong></span> <span class='ocrx_word' id='word_1_186' title='bbox 1400 2043 1478 2102; x_wconf 91' lang='lat' dir='ltr'><strong>ad</strong></span> <span class='ocrx_word' id='word_1_187' title='bbox 1516 2044 1932 2106; x_wconf 85' lang='lat' dir='ltr'><strong>verificandam</strong></span> <span class='ocrx_word' id='word_1_188' title='bbox 1959 2069 2178 2109; x_wconf 89' lang='lat' dir='ltr'><strong>succes-</strong></span> 
     </span>
     <span class='ocr_line' id='line_1_22' title="bbox 54 2138 1847 2223; baseline 0.002 -24"><span class='ocrx_word' id='word_1_189' title='bbox 54 2141 276 2200; x_wconf 87' lang='lat' dir='ltr'><strong>sionem</strong></span> <span class='ocrx_word' id='word_1_190' title='bbox 311 2139 679 2222; x_wconf 88' lang='lat' dir='ltr'><strong>personalem</strong></span> <span class='ocrx_word' id='word_1_191' title='bbox 697 2184 712 2213; x_wconf 76' lang='lat'>,</span> <span class='ocrx_word' id='word_1_192' title='bbox 758 2160 887 2219; x_wconf 77' lang='lat' dir='ltr'><strong>neq.</strong></span> <span class='ocrx_word' id='word_1_193' title='bbox 913 2139 1234 2221; x_wconf 86' lang='lat' dir='ltr'><strong>Responsio</strong></span> <span class='ocrx_word' id='word_1_194' title='bbox 1263 2147 1425 2221; x_wconf 87' lang='lat' dir='ltr'><strong>patet</strong></span> <span class='ocrx_word' id='word_1_195' title='bbox 1448 2159 1519 2198; x_wconf 86' lang='lat' dir='ltr'><strong>ex</strong></span> <span class='ocrx_word' id='word_1_196' title='bbox 1547 2138 1717 2199; x_wconf 85' lang='lat' dir='ltr'><strong>dictis</strong></span> <span class='ocrx_word' id='word_1_197' title='bbox 1740 2140 1847 2223; x_wconf 87' lang='lat'><strong>(3).</strong></span> 
     </span>
    </p>
   </div>
   <div class='ocr_carea' id='block_1_4' title="bbox 55 2359 2178 2430">
    <p class='ocr_par' dir='ltr' id='par_1_5' title="bbox 55 2359 2178 2430">
     <span class='ocr_line' id='line_1_23' title="bbox 55 2359 2178 2430; baseline 0.002 -18"><span class='ocrx_word' id='word_1_198' title='bbox 55 2363 318 2412; x_wconf 86' lang='lat' dir='ltr'><strong>concludit:</strong></span> <span class='ocrx_word' id='word_1_199' title='bbox 343 2362 457 2412; x_wconf 84' lang='lat' dir='ltr'><strong>Non</strong></span> <span class='ocrx_word' id='word_1_200' title='bbox 471 2371 659 2427; x_wconf 74' lang='lat' dir='ltr'><strong>esterqo</strong></span> <span class='ocrx_word' id='word_1_201' title='bbox 685 2361 1080 2427; x_wconf 79' lang='lat' dir='ltr'><strong>confundendum</strong></span> <span class='ocrx_word' id='word_1_202' title='bbox 1167 2359 1413 2410; x_wconf 87' lang='lat' dir='ltr'><strong>elenchum</strong></span> <span class='ocrx_word' id='word_1_203' title='bbox 1430 2362 1629 2430; x_wconf 26' lang='lat' dir='ltr'><strong>&#39;exhibet</strong></span> <span class='ocrx_word' id='word_1_204' title='bbox 1651 2362 1879 2424; x_wconf 83' lang='lat' dir='ltr'><strong>Zaccaria,</strong></span> <span class='ocrx_word' id='word_1_205' title='bbox 1899 2364 2178 2417; x_wconf 74' lang='lat' dir='ltr'><strong>Ami-Feb-</strong></span> 
     </span>
    </p>
   </div>
   <div class='ocr_carea' id='block_1_5' title="bbox 48 2444 1083 3737">
    <p class='ocr_par' dir='ltr' id='par_1_6' title="bbox 48 2444 1079 2922">
     <span class='ocr_line' id='line_1_24' title="bbox 48 2444 1075 2512; baseline 0 -20"><span class='ocrx_word' id='word_1_206' title='bbox 48 2444 237 2508; x_wconf 78' lang='lat' dir='ltr'><strong>factum</strong></span> <span class='ocrx_word' id='word_1_207' title='bbox 254 2461 363 2494; x_wconf 79' lang='lat' dir='ltr'><strong>eum</strong></span> <span class='ocrx_word' id='word_1_208' title='bbox 367 2447 487 2512; x_wconf 82' lang='lat' dir='ltr'><strong>jure</strong></span> <span class='ocrx_word' id='word_1_209' title='bbox 505 2483 518 2506; x_wconf 94' lang='lat'>,</span> <span class='ocrx_word' id='word_1_210' title='bbox 547 2444 672 2510; x_wconf 82' lang='lat' dir='ltr'><strong>quod</strong></span> <span class='ocrx_word' id='word_1_211' title='bbox 691 2482 705 2505; x_wconf 92' lang='lat'>‚</span> <span class='ocrx_word' id='word_1_212' title='bbox 726 2446 884 2511; x_wconf 74' lang='lat' dir='ltr'><strong>posito</strong></span> <span class='ocrx_word' id='word_1_213' title='bbox 908 2445 1042 2509; x_wconf 81' lang='lat' dir='ltr'><strong>facto</strong></span> <span class='ocrx_word' id='word_1_214' title='bbox 1058 2479 1075 2505; x_wconf 91' lang='lat'><strong><em>,</em></strong></span> 
     </span>
     <span class='ocr_line' id='line_1_25' title="bbox 56 2526 1079 2590; baseline -0.001 -16"><span class='ocrx_word' id='word_1_215' title='bbox 56 2526 227 2575; x_wconf 82' lang='lat' dir='ltr'><strong>divina</strong></span> <span class='ocrx_word' id='word_1_216' title='bbox 271 2526 574 2575; x_wconf 73' lang='lat' dir='ltr'><strong>institutione</strong></span> <span class='ocrx_word' id='word_1_217' title='bbox 616 2527 866 2584; x_wconf 63' lang='lat' dir='ltr'><strong>exorientm</strong></span> <span class='ocrx_word' id='word_1_218' title='bbox 894 2526 1079 2590; x_wconf 73' lang='lat' dir='ltr'><strong>factum</strong></span> 
     </span>
     <span class='ocr_line' id='line_1_26' title="bbox 55 2607 1079 2675; baseline -0.002 -18"><span class='ocrx_word' id='word_1_219' title='bbox 55 2608 248 2674; x_wconf 77' lang='lat' dir='ltr'><strong>quidem</strong></span> <span class='ocrx_word' id='word_1_220' title='bbox 266 2611 606 2675; x_wconf 75' lang='lat' dir='ltr'><strong>interponitur,</strong></span> <span class='ocrx_word' id='word_1_221' title='bbox 631 2608 776 2674; x_wconf 77' lang='lat' dir='ltr'><strong>idque</strong></span> <span class='ocrx_word' id='word_1_222' title='bbox 790 2607 1079 2669; x_wconf 77' lang='lat' dir='ltr'><strong>humanum,-</strong></span> 
     </span>
     <span class='ocr_line' id='line_1_27' title="bbox 56 2690 1079 2758; baseline -0.002 -18"><span class='ocrx_word' id='word_1_223' title='bbox 56 2691 139 2740; x_wconf 72' lang='lat' dir='ltr'><strong>sed</strong></span> <span class='ocrx_word' id='word_1_224' title='bbox 173 2708 225 2740; x_wconf 86' lang='lat' dir='ltr'><strong>eo</strong></span> <span class='ocrx_word' id='word_1_225' title='bbox 246 2697 407 2758; x_wconf 73' lang='lat' dir='ltr'><strong>posito</strong></span> <span class='ocrx_word' id='word_1_226' title='bbox 424 2727 442 2753; x_wconf 88' lang='lat'><em>‚</em></span> <span class='ocrx_word' id='word_1_227' title='bbox 475 2694 662 2757; x_wconf 83' lang='lat' dir='ltr'><strong>proevia</strong></span> <span class='ocrx_word' id='word_1_228' title='bbox 706 2690 895 2740; x_wconf 74' lang='lat' dir='ltr'><strong>Christi</strong></span> <span class='ocrx_word' id='word_1_229' title='bbox 934 2692 1079 2738; x_wconf 76' lang='lat' dir='ltr'><strong>insti-</strong></span> 
     </span>
     <span class='ocr_line' id='line_1_28' title="bbox 57 2774 1077 2840; baseline -0.001 -17"><span class='ocrx_word' id='word_1_230' title='bbox 57 2775 338 2838; x_wconf 78' lang='lat' dir='ltr'><strong>tutionejus</strong></span> <span class='ocrx_word' id='word_1_231' title='bbox 371 2776 533 2840; x_wconf 78' lang='lat' dir='ltr'><strong>ipsum</strong></span> <span class='ocrx_word' id='word_1_232' title='bbox 558 2774 780 2823; x_wconf 80' lang='lat' dir='ltr'><strong>divinum</strong></span> <span class='ocrx_word' id='word_1_233' title='bbox 805 2775 956 2822; x_wconf 66' lang='lat' dir='ltr'><strong>emerit</strong></span> <span class='ocrx_word' id='word_1_234' title='bbox 977 2790 1077 2822; x_wconf 74' lang='lat' dir='ltr'><strong>sese</strong></span> 
     </span>
     <span class='ocr_line' id='line_1_29' title="bbox 58 2854 348 2922; baseline 0 -18"><span class='ocrx_word' id='word_1_235' title='bbox 58 2865 101 2904; x_wconf 80' lang='lat' dir='ltr'><strong>et</strong></span> <span class='ocrx_word' id='word_1_236' title='bbox 124 2854 348 2922; x_wconf 67' lang='lat' dir='ltr'><strong>amplicat.</strong></span> 
     </span>
    </p>

    <p class='ocr_par' dir='ltr' id='par_1_7' title="bbox 62 2934 1083 3737">
     <span class='ocr_line' id='line_1_30' title="bbox 129 2934 1074 3002; baseline 0 -19"><span class='ocrx_word' id='word_1_237' title='bbox 129 2936 193 3002; x_wconf 91' lang='lat' dir='ltr'><strong>(l)</strong></span> <span class='ocrx_word' id='word_1_238' title='bbox 231 2936 330 2986; x_wconf 80' lang='lat' dir='ltr'><strong>Cfr.</strong></span> <span class='ocrx_word' id='word_1_239' title='bbox 366 2937 584 2987; x_wconf 83' lang='lat' dir='ltr'><strong>Bellarm.</strong></span> <span class='ocrx_word' id='word_1_240' title='bbox 617 2934 688 2986; x_wconf 88' lang='lat' dir='ltr'><strong>De</strong></span> <span class='ocrx_word' id='word_1_241' title='bbox 717 2952 903 2984; x_wconf 74' lang='lat' dir='ltr'><strong>summo</strong></span> <span class='ocrx_word' id='word_1_242' title='bbox 938 2934 1074 2984; x_wconf 85' lang='lat' dir='ltr'><strong>Pon·</strong></span> 
     </span>
     <span class='ocr_line' id='line_1_31' title="bbox 62 3016 1072 3084; baseline -0.001 -18"><span class='ocrx_word' id='word_1_243' title='bbox 62 3019 137 3084; x_wconf 71' lang='lat' dir='ltr'><strong>tif.</strong></span> <span class='ocrx_word' id='word_1_244' title='bbox 156 3019 244 3069; x_wconf 91' lang='lat' dir='ltr'><strong>lib.</strong></span> <span class='ocrx_word' id='word_1_245' title='bbox 272 3037 318 3068; x_wconf 78' lang='lat' dir='ltr'><strong>iv</strong></span> <span class='ocrx_word' id='word_1_246' title='bbox 333 3056 346 3080; x_wconf 90' lang='lat'>,</span> <span class='ocrx_word' id='word_1_247' title='bbox 369 3036 473 3084; x_wconf 86' lang='lat' dir='ltr'><strong>cap.</strong></span> <span class='ocrx_word' id='word_1_248' title='bbox 492 3016 551 3082; x_wconf 76' lang='grc'><strong>4,</strong></span> <span class='ocrx_word' id='word_1_249' title='bbox 574 3037 626 3067; x_wconf 90' lang='lat' dir='ltr'><strong>n.</strong></span> <span class='ocrx_word' id='word_1_250' title='bbox 658 3017 738 3070; x_wconf 81' lang='lat'><strong>13.</strong></span> <span class='ocrx_word' id='word_1_251' title='bbox 770 3017 1072 3077; x_wconf 58' lang='lat' dir='ltr'><strong>Bellen-mino,</strong></span> 
     </span>
     <span class='ocr_line' id='line_1_32' title="bbox 65 3098 1073 3164; baseline -0.002 -16"><span class='ocrx_word' id='word_1_252' title='bbox 65 3101 190 3164; x_wconf 86' lang='lat' dir='ltr'><strong>quod</strong></span> <span class='ocrx_word' id='word_1_253' title='bbox 233 3103 408 3150; x_wconf 84' lang='lat' dir='ltr'><strong>mireris</strong></span> <span class='ocrx_word' id='word_1_254' title='bbox 443 3138 457 3161; x_wconf 88' lang='lat'>‚</span> <span class='ocrx_word' id='word_1_255' title='bbox 500 3102 744 3149; x_wconf 79' lang='lat' dir='ltr'><strong>assentitur</strong></span> <span class='ocrx_word' id='word_1_256' title='bbox 792 3098 1021 3163; x_wconf 88' lang='lat' dir='ltr'><strong>Dupinius</strong></span> <span class='ocrx_word' id='word_1_257' title='bbox 1059 3135 1073 3158; x_wconf 82' lang='lat'>‚</span> 
     </span>
     <span class='ocr_line' id='line_1_33' title="bbox 67 3179 1077 3247; baseline -0.001 -19"><span class='ocrx_word' id='word_1_258' title='bbox 67 3180 173 3228; x_wconf 86' lang='lat' dir='ltr'><strong>diss.</strong></span> <span class='ocrx_word' id='word_1_259' title='bbox 204 3180 236 3244; x_wconf 79' lang='grc'>4</span> <span class='ocrx_word' id='word_1_260' title='bbox 256 3219 270 3241; x_wconf 83' lang='grc'><em>,</em></span> <span class='ocrx_word' id='word_1_261' title='bbox 303 3179 376 3230; x_wconf 87' lang='lat' dir='ltr'><strong>De</strong></span> <span class='ocrx_word' id='word_1_262' title='bbox 414 3190 518 3230; x_wconf 81' lang='lat' dir='ltr'><strong>ant.</strong></span> <span class='ocrx_word' id='word_1_263' title='bbox 542 3180 734 3247; x_wconf 71' lang='lat' dir='ltr'><strong>discipl.</strong></span> <span class='ocrx_word' id='word_1_264' title='bbox 772 3198 969 3246; x_wconf 82' lang='lat' dir='ltr'><strong>eamque</strong></span> <span class='ocrx_word' id='word_1_265' title='bbox 995 3180 1077 3228; x_wconf 83' lang='lat' dir='ltr'><strong>ad-</strong></span> 
     </span>
     <span class='ocr_line' id='line_1_34' title="bbox 69 3262 1079 3328; baseline 0 -19"><span class='ocrx_word' id='word_1_266' title='bbox 69 3262 206 3310; x_wconf 75' lang='lat' dir='ltr'><strong>struit</strong></span> <span class='ocrx_word' id='word_1_267' title='bbox 233 3262 446 3313; x_wconf 81' lang='lat' dir='ltr'><strong>adversus</strong></span> <span class='ocrx_word' id='word_1_268' title='bbox 476 3265 732 3313; x_wconf 81' lang='lat' dir='ltr'><strong>Amesium.</strong></span> <span class='ocrx_word' id='word_1_269' title='bbox 773 3262 935 3328; x_wconf 83' lang='lat' dir='ltr'><strong>Quoad</strong></span> <span class='ocrx_word' id='word_1_270' title='bbox 968 3278 1079 3310; x_wconf 88' lang='lat' dir='ltr'><strong>auc·</strong></span> 
     </span>
     <span class='ocr_line' id='line_1_35' title="bbox 69 3342 1078 3410; baseline 0 -20"><span class='ocrx_word' id='word_1_271' title='bbox 69 3353 187 3391; x_wconf 86' lang='lat' dir='ltr'><strong>tores</strong></span> <span class='ocrx_word' id='word_1_272' title='bbox 201 3342 471 3400; x_wconf 80' lang='lat' dir='ltr'><strong>catholicos,</strong></span> <span class='ocrx_word' id='word_1_273' title='bbox 490 3347 529 3393; x_wconf 88' lang='lat' dir='ltr'><strong>si</strong></span> <span class='ocrx_word' id='word_1_274' title='bbox 542 3347 739 3410; x_wconf 85' lang='lat' dir='ltr'><strong>excipias</strong></span> <span class='ocrx_word' id='word_1_275' title='bbox 757 3361 927 3410; x_wconf 85' lang='lat' dir='ltr'><strong>paucos</strong></span> <span class='ocrx_word' id='word_1_276' title='bbox 942 3343 1045 3391; x_wconf 87' lang='lat' dir='ltr'><strong>illos</strong></span> <span class='ocrx_word' id='word_1_277' title='bbox 1061 3376 1078 3402; x_wconf 88' lang='lat'><strong><em>,</em></strong></span> 
     </span>
     <span class='ocr_line' id='line_1_36' title="bbox 67 3423 1081 3489; baseline 0.001 -19"><span class='ocrx_word' id='word_1_278' title='bbox 67 3440 183 3489; x_wconf 87' lang='lat' dir='ltr'><strong>quos</strong></span> <span class='ocrx_word' id='word_1_279' title='bbox 231 3423 369 3471; x_wconf 91' lang='lat' dir='ltr'><strong>modo</strong></span> <span class='ocrx_word' id='word_1_280' title='bbox 411 3428 724 3475; x_wconf 84' lang='lat' dir='ltr'><strong>recensuimus</strong></span> <span class='ocrx_word' id='word_1_281' title='bbox 744 3462 761 3488; x_wconf 93' lang='lat'>‚</span> <span class='ocrx_word' id='word_1_282' title='bbox 811 3426 1081 3475; x_wconf 85' lang='lat' dir='ltr'><strong>communis</strong></span> 
     </span>
     <span class='ocr_line' id='line_1_37' title="bbox 68 3504 1082 3573; baseline 0.002 -21"><span class='ocrx_word' id='word_1_283' title='bbox 68 3504 274 3553; x_wconf 87' lang='lat' dir='ltr'><strong>doctrina</strong></span> <span class='ocrx_word' id='word_1_284' title='bbox 299 3515 366 3552; x_wconf 86' lang='lat' dir='ltr'><strong>est</strong></span> <span class='ocrx_word' id='word_1_285' title='bbox 392 3522 487 3553; x_wconf 91' lang='lat' dir='ltr'><strong>non</strong></span> <span class='ocrx_word' id='word_1_286' title='bbox 503 3508 700 3572; x_wconf 85' lang='lat' dir='ltr'><strong>amplius</strong></span> <span class='ocrx_word' id='word_1_287' title='bbox 727 3510 924 3573; x_wconf 86' lang='lat' dir='ltr'><strong>separari</strong></span> <span class='ocrx_word' id='word_1_288' title='bbox 949 3524 1082 3572; x_wconf 89' lang='lat' dir='ltr'><strong>posse</strong></span> 
     </span>
     <span class='ocr_line' id='line_1_38' title="bbox 68 3585 1083 3657; baseline 0.001 -21"><span class='ocrx_word' id='word_1_289' title='bbox 68 3590 317 3653; x_wconf 84' lang='lat' dir='ltr'><strong>primatum</strong></span> <span class='ocrx_word' id='word_1_290' title='bbox 348 3605 375 3636; x_wconf 92' lang='lat' dir='ltr'><strong>a</strong></span> <span class='ocrx_word' id='word_1_291' title='bbox 407 3603 528 3638; x_wconf 86' lang='lat' dir='ltr'><strong>rom.</strong></span> <span class='ocrx_word' id='word_1_292' title='bbox 568 3588 685 3639; x_wconf 83' lang='lat' dir='ltr'><strong>Sede</strong></span> <span class='ocrx_word' id='word_1_293' title='bbox 725 3606 877 3657; x_wconf 88' lang='lat' dir='ltr'><strong>neque</strong></span> <span class='ocrx_word' id='word_1_294' title='bbox 904 3585 962 3638; x_wconf 85' lang='lat' dir='ltr'><strong>ab</strong></span> <span class='ocrx_word' id='word_1_295' title='bbox 995 3588 1083 3638; x_wconf 87' lang='lat' dir='ltr'><strong>Ec-</strong></span> 
     </span>
     <span class='ocr_line' id='line_1_39' title="bbox 69 3672 1077 3737; baseline 0.001 -17"><span class='ocrx_word' id='word_1_296' title='bbox 69 3672 204 3721; x_wconf 87' lang='lat' dir='ltr'><strong>clesia</strong></span> <span class='ocrx_word' id='word_1_297' title='bbox 232 3689 384 3737; x_wconf 88' lang='lat' dir='ltr'><strong>neque</strong></span> <span class='ocrx_word' id='word_1_298' title='bbox 407 3689 432 3720; x_wconf 89' lang='lat' dir='ltr'><strong>a</strong></span> <span class='ocrx_word' id='word_1_299' title='bbox 467 3690 583 3722; x_wconf 87' lang='lat' dir='ltr'><strong>rom.</strong></span> <span class='ocrx_word' id='word_1_300' title='bbox 619 3672 859 3723; x_wconf 80' lang='lat' dir='ltr'><strong>Pontifice.</strong></span> <span class='ocrx_word' id='word_1_301' title='bbox 891 3673 1077 3722; x_wconf 83' lang='lat' dir='ltr'><strong>Horum</strong></span> 
     </span>
    </p>
   </div>
   <div class='ocr_carea' id='block_1_6' title="bbox 151 3767 414 3825">
    <p class='ocr_par' dir='ltr' id='par_1_8' title="bbox 151 3767 414 3825">
     <span class='ocr_line' id='line_1_40' title="bbox 151 3767 414 3825; baseline 0 0"><span class='ocrx_word' id='word_1_302' title='bbox 151 3767 197 3825; x_wconf 92' lang='lat' dir='ltr'>T</span> <span class='ocrx_word' id='word_1_303' title='bbox 273 3767 414 3825; x_wconf 90' lang='lat' dir='ltr'><strong>VIII.</strong></span> 
     </span>
    </p>
   </div>
   <div class='ocr_carea' id='block_1_7' title="bbox 1159 2446 2181 3739">
    <p class='ocr_par' dir='ltr' id='par_1_9' title="bbox 1162 2446 2176 2674">
     <span class='ocr_line' id='line_1_41' title="bbox 1164 2446 2176 2517; baseline 0.006 -24"><span class='ocrx_word' id='word_1_304' title='bbox 1164 2446 1372 2503; x_wconf 85' lang='lat' dir='ltr'><strong>bronio,</strong></span> <span class='ocrx_word' id='word_1_305' title='bbox 1413 2446 1526 2495; x_wconf 89' lang='lat' dir='ltr'><strong>diss.</strong></span> <span class='ocrx_word' id='word_1_306' title='bbox 1575 2461 1642 2505; x_wconf 83' lang='lat'><strong>11,</strong></span> <span class='ocrx_word' id='word_1_307' title='bbox 1707 2463 1815 2511; x_wconf 83' lang='lat' dir='ltr'><strong>pag.</strong></span> <span class='ocrx_word' id='word_1_308' title='bbox 1863 2463 1920 2513; x_wconf 87' lang='lat'><strong>17</strong></span> <span class='ocrx_word' id='word_1_309' title='bbox 1966 2459 2012 2496; x_wconf 84' lang='lat' dir='ltr'><strong>et</strong></span> <span class='ocrx_word' id='word_1_310' title='bbox 2043 2467 2176 2517; x_wconf 84' lang='lat' dir='ltr'><strong>seqq.</strong></span> 
     </span>
     <span class='ocr_line' id='line_1_42' title="bbox 1164 2526 2174 2596; baseline 0.004 -20"><span class='ocrx_word' id='word_1_311' title='bbox 1164 2527 1264 2577; x_wconf 80' lang='lat' dir='ltr'><strong>Cfr.</strong></span> <span class='ocrx_word' id='word_1_312' title='bbox 1314 2530 1455 2576; x_wconf 84' lang='lat' dir='ltr'><strong>etiam</strong></span> <span class='ocrx_word' id='word_1_313' title='bbox 1500 2527 1690 2591; x_wconf 85' lang='lat' dir='ltr'><strong>Bolgeni</strong></span> <span class='ocrx_word' id='word_1_314' title='bbox 1719 2563 1732 2586; x_wconf 78' lang='lat'>,</span> <span class='ocrx_word' id='word_1_315' title='bbox 1781 2526 2174 2596; x_wconf 77' lang='lat' dir='ltr'><strong>L&#39;Episcopato,</strong></span> 
     </span>
     <span class='ocr_line' id='line_1_43' title="bbox 1162 2606 1577 2674; baseline 0.002 -17"><span class='ocrx_word' id='word_1_316' title='bbox 1162 2626 1269 2674; x_wconf 82' lang='lat' dir='ltr'><strong>cap.</strong></span> <span class='ocrx_word' id='word_1_317' title='bbox 1304 2608 1368 2670; x_wconf 82' lang='lat'><strong>3,</strong></span> <span class='ocrx_word' id='word_1_318' title='bbox 1404 2619 1491 2658; x_wconf 87' lang='lat' dir='ltr'><strong>art.</strong></span> <span class='ocrx_word' id='word_1_319' title='bbox 1523 2606 1577 2672; x_wconf 73' lang='grc'><strong>4.</strong></span> 
     </span>
    </p>

    <p class='ocr_par' dir='ltr' id='par_1_10' title="bbox 1159 2688 2179 3575">
     <span class='ocr_line' id='line_1_44' title="bbox 1235 2688 2175 2756; baseline 0.006 -19"><span class='ocrx_word' id='word_1_320' title='bbox 1235 2690 1302 2755; x_wconf 76' lang='lat'><strong>(2)</strong></span> <span class='ocrx_word' id='word_1_321' title='bbox 1341 2690 1439 2740; x_wconf 79' lang='lat' dir='ltr'><strong>Cfr.</strong></span> <span class='ocrx_word' id='word_1_322' title='bbox 1471 2690 1705 2750; x_wconf 81' lang='lat' dir='ltr'><strong>zaccaria,</strong></span> <span class='ocrx_word' id='word_1_323' title='bbox 1724 2688 2175 2756; x_wconf 78' lang='lat' dir='ltr'><strong>Anti-Febbronio‚</strong></span> 
     </span>
     <span class='ocr_line' id='line_1_45' title="bbox 1163 2773 2176 2840; baseline 0.002 -20"><span class='ocrx_word' id='word_1_324' title='bbox 1163 2783 1279 2822; x_wconf 87' lang='lat' dir='ltr'><strong>tom.</strong></span> <span class='ocrx_word' id='word_1_325' title='bbox 1320 2784 1387 2833; x_wconf 72' lang='grc' dir='ltr'><strong>ιι,</strong></span> <span class='ocrx_word' id='word_1_326' title='bbox 1425 2774 1506 2821; x_wconf 87' lang='lat' dir='ltr'><strong>cit.</strong></span> <span class='ocrx_word' id='word_1_327' title='bbox 1547 2773 1655 2820; x_wconf 88' lang='lat' dir='ltr'><strong>diss.</strong></span> <span class='ocrx_word' id='word_1_328' title='bbox 1695 2787 1759 2833; x_wconf 84' lang='grc' dir='ltr'><strong>ιι,</strong></span> <span class='ocrx_word' id='word_1_329' title='bbox 1801 2789 1906 2837; x_wconf 87' lang='lat' dir='ltr'><strong>cap.</strong></span> <span class='ocrx_word' id='word_1_330' title='bbox 1953 2791 1970 2821; x_wconf 89' lang='lat'>1</span> <span class='ocrx_word' id='word_1_331' title='bbox 1994 2810 2008 2834; x_wconf 81' lang='lat'><strong><em>‚</em></strong></span> <span class='ocrx_word' id='word_1_332' title='bbox 2042 2774 2068 2839; x_wconf 79' lang='lat'>§</span> <span class='ocrx_word' id='word_1_333' title='bbox 2099 2774 2176 2840; x_wconf 75' lang='lat'><strong>43</strong></span> 
     </span>
     <span class='ocr_line' id='line_1_46' title="bbox 1162 2851 2175 2918; baseline 0.005 -19"><span class='ocrx_word' id='word_1_334' title='bbox 1162 2852 1342 2902; x_wconf 86' lang='lat' dir='ltr'><strong>Bened.</strong></span> <span class='ocrx_word' id='word_1_335' title='bbox 1364 2868 1467 2916; x_wconf 75' lang='lat' dir='ltr'>xlv,</span> <span class='ocrx_word' id='word_1_336' title='bbox 1503 2851 1582 2900; x_wconf 84' lang='lat' dir='ltr'><strong>De</strong></span> <span class='ocrx_word' id='word_1_337' title='bbox 1594 2851 1774 2916; x_wconf 75' lang='lat' dir='ltr'><strong>synodo</strong></span> <span class='ocrx_word' id='word_1_338' title='bbox 1798 2851 1987 2911; x_wconf 65' lang='lat' dir='ltr'><strong>dioeeeS.</strong></span> <span class='ocrx_word' id='word_1_339' title='bbox 2018 2854 2102 2904; x_wconf 88' lang='lat' dir='ltr'><strong>lib.</strong></span> <span class='ocrx_word' id='word_1_340' title='bbox 2118 2873 2175 2918; x_wconf 89' lang='lat'><strong>11,</strong></span> 
     </span>
     <span class='ocr_line' id='line_1_47' title="bbox 1162 2934 2179 3001; baseline 0.005 -18"><span class='ocrx_word' id='word_1_341' title='bbox 1162 2954 1269 3001; x_wconf 86' lang='lat' dir='ltr'><strong>cap.</strong></span> <span class='ocrx_word' id='word_1_342' title='bbox 1301 2952 1320 2983; x_wconf 82' lang='grc' dir='ltr'>ι</span> <span class='ocrx_word' id='word_1_343' title='bbox 1347 2970 1364 2996; x_wconf 85' lang='grc'><strong><em>,</em></strong></span> <span class='ocrx_word' id='word_1_344' title='bbox 1399 2934 1425 3001; x_wconf 86' lang='lat'>§</span> <span class='ocrx_word' id='word_1_345' title='bbox 1456 2952 1515 2994; x_wconf 83' lang='lat'><strong>1;</strong></span> <span class='ocrx_word' id='word_1_346' title='bbox 1554 2935 1624 2983; x_wconf 91' lang='lat' dir='ltr'><strong>De</strong></span> <span class='ocrx_word' id='word_1_347' title='bbox 1656 2935 1842 2994; x_wconf 75' lang='lat' dir='ltr'><strong>Marna,</strong></span> <span class='ocrx_word' id='word_1_348' title='bbox 1886 2937 1997 2986; x_wconf 88' lang='lat' dir='ltr'><strong>diss.</strong></span> <span class='ocrx_word' id='word_1_349' title='bbox 2024 2954 2067 2996; x_wconf 82' lang='lat'><strong>1,</strong></span> <span class='ocrx_word' id='word_1_350' title='bbox 2105 2936 2179 2988; x_wconf 81' lang='lat' dir='ltr'><strong>De</strong></span> 
     </span>
     <span class='ocr_line' id='line_1_48' title="bbox 1159 3018 2179 3084; baseline 0.003 -17"><span class='ocrx_word' id='word_1_351' title='bbox 1159 3018 1405 3084; x_wconf 75' lang='lat' dir='ltr'><strong>sinqulari</strong></span> <span class='ocrx_word' id='word_1_352' title='bbox 1414 3021 1634 3084; x_wconf 75' lang='lat' dir='ltr'><strong>primatu</strong></span> <span class='ocrx_word' id='word_1_353' title='bbox 1652 3018 1794 3065; x_wconf 75' lang='lat' dir='ltr'><strong>Petri</strong></span> <span class='ocrx_word' id='word_1_354' title='bbox 1813 3055 1826 3077; x_wconf 90' lang='lat'>,</span> <span class='ocrx_word' id='word_1_355' title='bbox 1845 3036 1896 3067; x_wconf 91' lang='lat' dir='ltr'><strong>n.</strong></span> <span class='ocrx_word' id='word_1_356' title='bbox 1920 3034 2010 3079; x_wconf 80' lang='lat'><strong>203</strong></span> <span class='ocrx_word' id='word_1_357' title='bbox 2035 3020 2179 3070; x_wconf 85' lang='lat' dir='ltr'><strong>Marc.</strong></span> 
     </span>
     <span class='ocr_line' id='line_1_49' title="bbox 1160 3098 2178 3165; baseline 0.003 -16"><span class='ocrx_word' id='word_1_358' title='bbox 1160 3101 1269 3150; x_wconf 82' lang='lat' dir='ltr'><strong>Ant.</strong></span> <span class='ocrx_word' id='word_1_359' title='bbox 1323 3101 1568 3165; x_wconf 85' lang='lat' dir='ltr'><strong>Cappellus</strong></span> <span class='ocrx_word' id='word_1_360' title='bbox 1588 3137 1601 3160; x_wconf 93' lang='lat'>‚</span> <span class='ocrx_word' id='word_1_361' title='bbox 1633 3099 1754 3165; x_wconf 89' lang='lat' dir='ltr'><strong>disp.</strong></span> <span class='ocrx_word' id='word_1_362' title='bbox 1789 3117 1855 3161; x_wconf 88' lang='lat'><strong>11,</strong></span> <span class='ocrx_word' id='word_1_363' title='bbox 1886 3098 1957 3149; x_wconf 87' lang='lat' dir='ltr'><strong>De</strong></span> <span class='ocrx_word' id='word_1_364' title='bbox 1991 3119 2178 3151; x_wconf 73' lang='lat' dir='ltr'><strong>sueces-</strong></span> 
     </span>
     <span class='ocr_line' id='line_1_50' title="bbox 1160 3178 2177 3248; baseline 0.003 -18"><span class='ocrx_word' id='word_1_365' title='bbox 1160 3186 1296 3230; x_wconf 80' lang='lat' dir='ltr'><strong>sione</strong></span> <span class='ocrx_word' id='word_1_366' title='bbox 1319 3180 1560 3248; x_wconf 81' lang='lat' dir='ltr'><strong>Episcopi</strong></span> <span class='ocrx_word' id='word_1_367' title='bbox 1595 3198 1715 3229; x_wconf 83' lang='lat' dir='ltr'><strong>rom.</strong></span> <span class='ocrx_word' id='word_1_368' title='bbox 1747 3185 1802 3229; x_wconf 84' lang='lat' dir='ltr'><strong>in</strong></span> <span class='ocrx_word' id='word_1_369' title='bbox 1837 3178 2135 3246; x_wconf 70' lang='lat' dir='ltr'><strong>Pontificum</strong></span> <span class='ocrx_word' id='word_1_370' title='bbox 2162 3221 2177 3245; x_wconf 90' lang='lat'>‚</span> 
     </span>
     <span class='ocr_line' id='line_1_51' title="bbox 1161 3258 2176 3327; baseline 0.001 -14"><span class='ocrx_word' id='word_1_371' title='bbox 1161 3264 1327 3313; x_wconf 88' lang='lat' dir='ltr'><strong>Colon.</strong></span> <span class='ocrx_word' id='word_1_372' title='bbox 1344 3262 1503 3327; x_wconf 82' lang='lat' dir='ltr'><strong>Agrip.</strong></span> <span class='ocrx_word' id='word_1_373' title='bbox 1531 3258 1650 3309; x_wconf 78' lang='lat'><strong>1621</strong></span> <span class='ocrx_word' id='word_1_374' title='bbox 1679 3299 1692 3321; x_wconf 90' lang='lat'>‚</span> <span class='ocrx_word' id='word_1_375' title='bbox 1718 3280 1822 3327; x_wconf 84' lang='lat' dir='ltr'><strong>cap.</strong></span> <span class='ocrx_word' id='word_1_376' title='bbox 1851 3279 1893 3311; x_wconf 87' lang='grc' dir='ltr'><strong>ι.</strong></span> <span class='ocrx_word' id='word_1_377' title='bbox 1913 3263 2012 3313; x_wconf 89' lang='lat' dir='ltr'><strong>Cfr.</strong></span> <span class='ocrx_word' id='word_1_378' title='bbox 2040 3268 2176 3314; x_wconf 83' lang='lat' dir='ltr'><strong>etiam</strong></span> 
     </span>
     <span class='ocr_line' id='line_1_52' title="bbox 1161 3341 2176 3410; baseline -0.002 -15"><span class='ocrx_word' id='word_1_379' title='bbox 1161 3345 1330 3395; x_wconf 87' lang='lat' dir='ltr'><strong>Suarez</strong></span> <span class='ocrx_word' id='word_1_380' title='bbox 1361 3382 1374 3405; x_wconf 88' lang='lat'>‚</span> <span class='ocrx_word' id='word_1_381' title='bbox 1424 3341 1651 3408; x_wconf 72' lang='lat' dir='ltr'><strong>Defensio</strong></span> <span class='ocrx_word' id='word_1_382' title='bbox 1687 3343 1805 3406; x_wconf 81' lang='lat' dir='ltr'><strong>fidei</strong></span> <span class='ocrx_word' id='word_1_383' title='bbox 1852 3346 1966 3396; x_wconf 83' lang='lat' dir='ltr'><strong>adv.</strong></span> <span class='ocrx_word' id='word_1_384' title='bbox 2017 3346 2176 3410; x_wconf 78' lang='lat' dir='ltr'><strong>anqli-</strong></span> 
     </span>
     <span class='ocr_line' id='line_1_53' title="bbox 1162 3426 2176 3492; baseline 0.001 -16"><span class='ocrx_word' id='word_1_385' title='bbox 1162 3443 1297 3476; x_wconf 77' lang='lat' dir='ltr'><strong>conce</strong></span> <span class='ocrx_word' id='word_1_386' title='bbox 1331 3434 1464 3474; x_wconf 76' lang='lat' dir='ltr'><strong>sectoe</strong></span> <span class='ocrx_word' id='word_1_387' title='bbox 1490 3441 1673 3475; x_wconf 71' lang='lat' dir='ltr'><strong>errores</strong></span> <span class='ocrx_word' id='word_1_388' title='bbox 1691 3460 1707 3486; x_wconf 90' lang='lat'>‚</span> <span class='ocrx_word' id='word_1_389' title='bbox 1747 3426 1835 3475; x_wconf 89' lang='lat' dir='ltr'><strong>lib.</strong></span> <span class='ocrx_word' id='word_1_390' title='bbox 1867 3445 1920 3476; x_wconf 88' lang='grc' dir='ltr'><strong>ιιι</strong></span> <span class='ocrx_word' id='word_1_391' title='bbox 1943 3464 1957 3488; x_wconf 94' lang='grc'><strong>,</strong></span> <span class='ocrx_word' id='word_1_392' title='bbox 1992 3445 2092 3492; x_wconf 84' lang='lat' dir='ltr'><strong>cap.</strong></span> <span class='ocrx_word' id='word_1_393' title='bbox 2116 3443 2176 3477; x_wconf 68' lang='grc' dir='ltr'><strong>ια</strong></span> 
     </span>
     <span class='ocr_line' id='line_1_54' title="bbox 1164 3507 1874 3575; baseline 0 -17"><span class='ocrx_word' id='word_1_394' title='bbox 1164 3516 1210 3559; x_wconf 84' lang='lat' dir='ltr'><strong>et</strong></span> <span class='ocrx_word' id='word_1_395' title='bbox 1239 3525 1370 3575; x_wconf 83' lang='lat' dir='ltr'><strong>seqq.</strong></span> <span class='ocrx_word' id='word_1_396' title='bbox 1402 3525 1548 3573; x_wconf 86' lang='lat' dir='ltr'><strong>usque</strong></span> <span class='ocrx_word' id='word_1_397' title='bbox 1573 3507 1632 3557; x_wconf 88' lang='lat' dir='ltr'><strong>ad</strong></span> <span class='ocrx_word' id='word_1_398' title='bbox 1652 3525 1754 3573; x_wconf 81' lang='lat' dir='ltr'><strong>cap.</strong></span> <span class='ocrx_word' id='word_1_399' title='bbox 1793 3525 1874 3558; x_wconf 85' lang='lat'><strong>20.</strong></span> 
     </span>
    </p>

    <p class='ocr_par' dir='ltr' id='par_1_11' title="bbox 1162 3589 2181 3739">
     <span class='ocr_line' id='line_1_55' title="bbox 1235 3589 2179 3662; baseline -0.003 -23"><span class='ocrx_word' id='word_1_400' title='bbox 1235 3590 1308 3655; x_wconf 78' lang='lat'><strong>(3)</strong></span> <span class='ocrx_word' id='word_1_401' title='bbox 1342 3589 1479 3638; x_wconf 86' lang='lat' dir='ltr'><strong>Haud</strong></span> <span class='ocrx_word' id='word_1_402' title='bbox 1510 3593 1645 3655; x_wconf 86' lang='lat' dir='ltr'><strong>pauci</strong></span> <span class='ocrx_word' id='word_1_403' title='bbox 1673 3607 1762 3640; x_wconf 86' lang='lat' dir='ltr'><strong>nec</strong></span> <span class='ocrx_word' id='word_1_404' title='bbox 1779 3589 2005 3662; x_wconf 76' lang='lat' dir='ltr'><strong>ignobiles</strong></span> <span class='ocrx_word' id='word_1_405' title='bbox 2037 3591 2179 3654; x_wconf 85' lang='lat' dir='ltr'><strong>scrip-</strong></span> 
     </span>
     <span class='ocr_line' id='line_1_56' title="bbox 1162 3669 2181 3739; baseline 0 -16"><span class='ocrx_word' id='word_1_406' title='bbox 1162 3685 1279 3724; x_wconf 84' lang='lat' dir='ltr'><strong>tores</strong></span> <span class='ocrx_word' id='word_1_407' title='bbox 1315 3682 1539 3735; x_wconf 87' lang='lat' dir='ltr'><strong>censent,</strong></span> <span class='ocrx_word' id='word_1_408' title='bbox 1569 3690 1666 3722; x_wconf 91' lang='lat' dir='ltr'><strong>non</strong></span> <span class='ocrx_word' id='word_1_409' title='bbox 1709 3674 1883 3739; x_wconf 85' lang='lat' dir='ltr'><strong>absque</strong></span> <span class='ocrx_word' id='word_1_410' title='bbox 1916 3669 2085 3721; x_wconf 86' lang='lat' dir='ltr'><strong>Christi</strong></span> <span class='ocrx_word' id='word_1_411' title='bbox 2110 3690 2181 3723; x_wconf 87' lang='lat' dir='ltr'><strong>vo·</strong></span> 
     </span>
    </p>
   </div>
   <div class='ocr_carea' id='block_1_8' title="bbox 1858 3764 1937 3824">
    <p class='ocr_par' dir='ltr' id='par_1_12' title="bbox 1858 3764 1937 3824">
     <span class='ocr_line' id='line_1_57' title="bbox 1858 3764 1937 3824; baseline 0.025 -2"><span class='ocrx_word' id='word_1_412' title='bbox 1858 3764 1937 3824; x_wconf 80' lang='lat'><strong>27</strong></span> 
     </span>
    </p>
   </div>
  </div>
 </body>
</html>
