2514 4218
271 211 389 272 170

884 235 1076 273 TRAc'r.
1124 234 1193 270 ΒΕ
1235 233 1388 272 Locis
1420 235 1799 277 rHBOLOGlcis.

348 376 489 438 269.
535 375 625 437 Ad
665 378 748 437 [ιω
779 424 795 453 .,
837 380 995 439 Dist.
1049 378 1133 435 Ita
1170 386 1371 436 tamen
1394 423 1411 446 ,
1442 387 1509 436 ut
1551 399 1754 441 eorum
1791 404 2092 466 processus
2111 382 2414 462 juridicus⁴

267 473 468 531 statim
485 473 854 548 conficiatur,
887 493 1050 531 conc.
1074 492 1095 540 ,·
1122 470 1232 530 hoc
1260 482 1592 532 constructo
1613 487 1638 548 ,ὲ
1654 485 1849 537 brana.
1872 479 1978 539 Vix
2002 480 2160 540 enim
2192 470 2396 561 aliquis

266 568 422 628 fama
440 570 764 630 sanctitatis
791 567 1033 646 insignis
1057 568 1177 626 vita
1201 567 1437 627 functus
1461 579 1578 645 est,
1613 590 1748 630 cum
1768 572 2078 655 impetrata
2104 598 2136 635 a
2166 577 2221 634 S.
2247 575 2397 635 Sede

267 664 581 740 facultate,
624 663 979 724 construitur
1018 661 1092 722 ab
1139 664 1421 747 Episcopo
1462 663 1572 724 loci
1608 687 1909 758 processus
1932 671 2294 731 ordinarius
2324 669 2398 729 de

266 760 601 834 miraculis
645 781 776 841 quae
813 757 889 817 ad
935 759 1090 820 servi
1128 760 1235 819 Dei
1271 760 1751 822 intercessionem
1785 773 2018 844 patrata
2064 764 2341 826 dicuntur
2379 789 2397 843 3

267 879 383 939 quo
430 856 690 916 confecto
721 901 737 931 ‚
820 876 1120 938 processus
1167 858 1525 916 construitur
1569 860 1985 938 apostolicus,
2040 859 2143 942 qui
2197 861 2398 940 sigillis

265 953 526 1012 munitus
559 951 621 1011 in
653 950 912 1012 archivio
940 973 1058 1012 sac.
1087 953 1549 1034 congregationis
1582 964 1951 1021 asservatur,
1985 954 2172 1015 donec
2195 975 2400 1037 perve-

264 1049 461 1108 niatur
489 1049 554 1107 in
592 1069 761 1108 causa
799 1047 876 1108 ad
913 1028 1128 1109 liorum
1149 1071 1426 1114 examen.
1458 1050 1908 1110 Transmisimus
1942 1073 2119 1135 porro
2146 1051 2400 1112 alterum

263 1145 658 1205 distinctionis
688 1144 1067 1222 membrum,
1113 1167 1245 1206 cum
1272 1167 1427 1229 saepe
1459 1138 1761 1228 contingat
1797 1146 1970 1228 longe
1997 1149 2282 1208 maturius
2306 1169 2401 1208 ex-

262 1242 443 1324 pendi
480 1241 771 1321 ejusmodi
807 1241 1086 1303 miracula
1116 1290 1132 1318 7
1175 1247 1336 1322 cujus
1378 1244 1463 1304 rei
1498 1243 1836 1326 exemplum
1878 1266 2082 1305 recens
2114 1243 2399 1305 habemus

262 1339 386 1400 sive
408 1340 471 1398 in
498 1361 669 1400 causa
694 1342 749 1400 S.
766 1340 1053 1399 Francisci
1072 1339 1147 1399 de
1170 1341 1568 1422 Hieronymo
1600 1340 1724 1401 sive
1747 1341 2122 1423 potissimum
2144 1342 2208 1400 in
2230 1361 2400 1400 causa

263 1434 322 1493 S.
343 1435 630 1518 Alphonsi
664 1435 738 1496 de
771 1436 990 1516 Ligorio
1019 1434 1132 1517 (l).

343 1532 488 1592 270.
538 1534 728 1614 Atque
756 1532 897 1592 hinc
925 1531 1227 1614 responsio
1260 1530 1449 1614 liquet
1475 1530 1553 1590 ad
1575 1530 1671 1602 id,
1699 1530 1860 1614 quod
1881 1530 2154 1591 subditur
2186 1532 2260 1592 de
2286 1532 2404 1591 mi-

263 1627 475 1688 raculis
495 1674 512 1703 ‚
548 1650 678 1711 quae
706 1629 918 1688 Sancto
943 1627 1113 1688 alicui
1137 1626 1486 1707 tribuuntur
1518 1639 1652 1710 post
1683 1626 1929 1708 longum
1964 1629 2245 1710 temporis
2268 1627 2403 1710 lap-

264 1746 396 1783 sum
418 1724 494 1784 ab
515 1730 637 1805 ejus
661 1725 824 1785 obitu
841 1771 858 1802 ‚
883 1724 957 1785 de
980 1724 1192 1807 quibus
1217 1770 1233 1797 ,
1262 1735 1328 1783 ut
1358 1735 1628 1783 autumat
1652 1724 2019 1784 adversarius
2036 1769 2053 1801 ‚
2082 1724 2199 1784 alte
2226 1723 2403 1785 silent

262 1820 572 1904 scriptores
607 1822 783 1883 coaevi
802 1867 817 1897 .,
845 1834 947 1882 aut
971 1821 1044 1883 de
1075 1821 1369 1882 miraculis
1389 1867 1405 1894 a
1435 1842 1568 1903 quae
1597 1843 1667 1880 ex
1691 1819 2010 1903 longinqua
2041 1822 2276 1902 regione
2305 1822 2404 1880 in-

263 1929 607 1981 notuerunt.
642 1921 1038 2001 Praeterquam
1067 1918 1229 1978 enim
1265 1917 1424 2000 quod
1459 1917 1583 1977 haec
1619 1917 1761 1976 falsa
1794 1928 1937 1976 sunt
1971 1917 2096 1979 sive
2124 1916 2284 1999 quod
2313 1927 2405 1975 at·-

264 2014 417 2074 tinet
441 2014 517 2073 ad
553 2014 945 2097 biographum
970 2015 1028 2073 S.
1053 2013 1266 2095 Ignatii
1298 2012 1388 2093 (2)
1408 2058 1425 2087 ,
1454 2013 1577 2074 sive
1606 2011 1799 2096 quoad
1830 2012 2108 2072 miracula
2134 2013 2192 2070 S.
2221 2011 2409 2070 Fran-

265 2110 400 2171 cisci
416 2112 676 2186 Xaverii,
697 2110 771 2171 de
791 2109 1002 2194 quibus
1024 2112 1123 2172 vix
1147 2112 1220 2170 IV
1239 2120 1373 2192 post
1390 2108 1613 2168 obitum
1637 2131 1795 2168 anno
1817 2153 1832 2184 7
1856 2113 2023 2186 jussu
2034 2109 2070 2167 J
2074 2107 2279 2166 oannis
2295 2107 2376 2166 ΙΙΙ
2390 2151 2409 2183 ,

264 2205 571 2267 Lusitaniae
600 2208 748 2289 regis
773 2254 789 2283 7
832 2228 1134 2288 processus
1162 2217 1531 2266 constructus
1561 2217 1650 2265 est
1679 2206 1743 2263 in
1774 2204 1955 2263 Indiis
1993 2202 2114 2284 (3);
2152 2203 2265 2262 nisi
2291 2223 2405 2262 sae.

263 2388 344 2434 cia
378 2384 426 2435 la
446 2389 601 2435 verit&
631 2386 756 2436 della
787 2387 1021 2437 catholica
1051 2386 1289 2436 credenza

263 2469 338 2516 vie
350 2471 448 2535 piz'c
460 2469 644 2518 traluce
672 2472 686 2535 (
706 2469 858 2535 Hujus
871 2470 961 2518 loci
979 2470 1288 2518 versio'latina

263 2551 401 2599 datur
416 2553 476 2600 ad
498 2553 674 2623 calcem
692 2553 787 2603 vol.
805 2552 841 2616 ).
864 2553 948 2601 His
963 2554 1162 2619 adjicere
1182 2571 1291 2619 pos—

266 2652 364 2684 sem
408 2638 662 2701 meipsum
695 2647 993 2701 spectatorem
1030 2637 1171 2702 hujus
1203 2638 1293 2683 mi-

264 2719 411 2768 raculi
451 2720 592 2768 fuisse
616 2757 629 2780 ‚
650 2722 754 2784 'qui
812 2719 957 2767 oculis
1005 2720 1121 2766 meis
1176 2735 1291 2766 con-

265 2805 390 2868 spexi
441 2806 492 2851 in
548 2801 755 2868 ampulla
802 2803 1073 2866 sanguinem
1111 2802 1293 2864 penitus

265 2887 555 2953 coagulatum
587 2903 639 2935 ac
660 2895 929 2935 concretum
949 2921 964 2947 ,
991 2882 1159 2931 deinde
1190 2893 1291 2948 post

268 2988 434 3034 paucas
453 2987 608 3034 preces
623 2969 841 3018 eumdem
860 2966 1068 3015 vividum
1085 2982 1139 3014 ac
1153 2965 1294 3031 plane

267 3055 539 3120 liquidum,
573 3053 746 3120 absque
782 3051 879 3100 ullo
917 3061 1136 3116 apparatu
1181 3050 1290 3098 che-

268 3138 391 3184 mico
424 3147 503 3184 aut
535 3137 746 3202 physico-

338 3221 402 3285 (1)
439 3219 558 3269 Nam
604 3223 771 3286 saepius
812 3237 866 3269 ex
907 3217 1147 3266 pontificis
1181 3217 1279 3264 dis-

268 3304 536 3368 pensatione
590 3313 697 3351 ante
756 3313 938 3367 tempus
983 3301 1286 3348 constitutum

269 3405 416 3436 causae
449 3389 704 3452 agitantur.
868 3424 870 3426 »

337 3469 405 3534 (2)
421 3468 600 3518 Alludit
618 3468 901 3517 adversarius
916 3466 974 3516 ad
990 3468 1131 3514 vitam
1146 3464 1194 3513 S.
1219 3464 1290 3531 Ig-

271 3556 383 3602 natii
435 3571 461 3601 a
504 3552 558 3604 P.
601 3550 906 3601 Ribadeneira
952 3551 1286 3615 conscriptam,

1380 2390 1537 2445 tione,
1575 2384 1797 2433 miracula
1831 2382 1883 2432 S.
1915 2383 1950 2431 F
1955 2383 2192 2432 undatoris
2222 2383 2406 2432 silentio

1377 2471 1602 2535 praeteriit
1623 2486 1636 2531 3
1659 2478 1937 2534 protestatur
1968 2477 2124 2515 tamen
2145 2467 2217 2514 his
2251 2466 2405 2515 verbis

1377 2554 1599 2601 miracula
1642 2551 1794 2599 eidem
1840 2567 1935 2597 non
1973 2549 2174 2597 defuisse
2210 2565 2224 2595 :
2259 2546 2403 2595 Mihi

1378 2642 1568 2683 tantum
1595 2634 1726 2680 abest
1746 2669 1760 2692 ,
1782 2639 1838 2679 ut
1856 2630 1923 2678 ad
1947 2632 2097 2678 vitam
2126 2629 2323 2694 Iynatii
2340 2629 2402 2678 il-

1377 2714 1677 2764 lustrandam
1695 2711 1933 2763 miracula
1948 2712 2103 2761 deesse
2124 2712 2399 2775 videantur,

1379 2807 1433 2846 ut
1457 2797 1609 2846 multa
1645 2813 1794 2862 eaque
1829 2794 2402 2862 praestantissimajudi-

1377 2898 1478 2929 cem
1507 2883 1562 2928 in
1582 2881 1741 2928 media
1773 2878 1878 2928 luce
1897 2881 2085 2927 versari
2102 2917 2115 2940 ‚
2149 2879 2259 2931 edit.
2279 2878 2400 2927 Nea-

1377 2967 1472 3032 pol.
1507 2965 1664 3032 15723
1700 2965 1860 3013 eadem
1890 2967 2052 3030 repetit
2068 2966 2119 3011 in
2144 2963 2258 3012 edit.
2277 2960 2399 3009 Ant-

1377 3067 1521 3115 werp.
1551 3046 1675 3116 1587
1701 3058 1745 3097 et
1769 3047 1948 3098 Matrit.
1978 3041 2124 3095 1586.
2155 3043 2278 3093 Cum
2291 3063 2398 3093 vero

1378 3144 1533 3199 postea
1570 3132 1630 3180 ab
1667 3129 1918 3197 apostolica
1962 3127 2084 3177 Sede
2123 3145 2176 3176 ea
2220 3128 2399 3175 fuerint

1378 3217 1639 3281 recognita,
1672 3232 1697 3261 a
1734 3209 2128 3278 subsequentibus
2154 3207 2204 3259 S.
2233 3209 2396 3275 Ignatii

1378 3298 1647 3365 biographis
1677 3293 1861 3361 vulgata
1906 3303 2043 3352 sunt,
2085 3296 2339 3358 praesertim
2372 3312 2396 3341 a

1379 3381 1429 3429 P.
1466 3380 1656 3430 Daniele
1686 3377 1858 3426 Bartoli
1884 3415 1897 3436 ‚
1932 3376 2208 3425 authenticis
2248 3377 2394 3424 docu-

1380 3466 1555 3513 mentis
1576 3463 1779 3510 firmata.

1446 3546 1510 3611 (3)
1544 3545 1644 3593 Cfr.
1687 3543 1888 3603 Bartoli‚
1923 3540 2040 3590 Dell'
2071 3543 2240 3591 istoria
2273 3541 2397 3590 della

272 3640 387 3704 qui,
425 3654 484 3685 ne
521 3636 753 3686 videretur
790 3634 1066 3684 Tridentino
1107 3633 1287 3681 decreto
1374 3631 1658 3695 conzpaqm'a
1689 3625 1743 3673 di
1767 3624 1917 3675 Gesz'h.
1949 3625 2170 3687 L’Asia‚
2194 3635 2312 3691 part.
2346 3641 2361 3670 ι
2381 3660 2394 3683 ,

271 3721 587 3769 controdicere
623 3719 680 3768 de
720 3735 816 3767 non
864 3716 1108 3783 vulgandis
1138 3718 1280 3764 mira-

273 3804 388 3851 culis
414 3803 589 3869 absque
616 3801 747 3851 Sedis
774 3801 1030 3867 apostolicae
1059 3797 1285 3865 approba-

1376 3732 1480 3780 pag.
1498 3710 1564 3779 59
1582 3750 1594 3774 ‚
1615 3711 1724 3760 edit.
1744 3709 1881 3758 Rom.
1909 3706 2054 3774 1667.
