2514 4218
318 136 440 194 402

918 152 1122 190 TRACT.
1172 152 1244 188 1>ss
1291 151 1443 188 Locis
1487 152 1880 193 THEOLOG1018.-

321 321 517 371 secuS„
570 309 637 355 ut
660 296 857 379 plures
886 292 1258 353 contendunt
1298 291 1406 371 (l).
1453 291 1835 373 Exploratum
1874 317 2040 377 aeque
2075 308 2162 355 est
2192 342 2207 370 .‚
2251 298 2464 359 divisos

318 416 440 455 esse
484 394 641 451 inter
693 412 755 450 se
781 388 1039 449 eruditos
1087 387 1238 447 circa
1286 386 1740 467 intelligentiam
1774 390 2192 450 Ecclesz’arum
2240 395 2466 454 subur-

322 494 745 560 bicariarum,
799 488 872 547 de
908 484 1120 568 quibus
1155 487 1218 543 in
1258 484 1694 567 compendiaria
1728 486 1945 546 Ruffini
1985 489 2323 570 paraphrasi
2354 491 2466 552 ad·

321 587 484 646 ducti
518 585 755 646 canonis
792 584 857 640 fit
883 582 1107 641 mentio
1138 580 1261 661 (2);
1294 603 1440 639 num
1472 579 1688 640 scilicet
1715 581 1955 642 veniant
1974 584 2234 646 Ecclesiae
2260 608 2465 647 omnes

316 680 745 765 patriarchatus
783 678 1047 752 romani,
1080 699 1155 735 an
1206 676 1521 759 provinciae
1552 687 1787 758 tantum
1819 680 2102 757 praefecto
2147 682 2303 742 Urbi
2318 683 2466 741 sub-

299 783 517 857 jectoe,
571 775 821 833 uticum
867 775 992 833 JaC.
1046 771 1410 832 Gothofredo
1459 773 1854 854 propugnavit
1912 774 2266 852 Salmasius,
2320 799 2465 860 quos

313 886 513 932 tamen
539 870 751 929 acriter
773 869 1101 947 confutavit
1121 867 1467 928 Sirmondus
1494 867 1607 948 (3).
1634 868 2019 951 Compertum
2040 882 2322 952 praeterea
2347 883 2462 946 est,

316 989 443 1026 can.
488 966 747 1025 XXVIII.
804 965 1021 1046 Synodi
1094 963 1583 1024 Chalcedonensis
1608 1010 1623 1039 ,
1683 963 1885 1044 legatis
1936 968 2192 1026 romanis
2249 966 2465 1027 absen-

314 1062 470 1123 tibus
522 1074 867 1137 exaratum,
911 1065 1193 1140 rejectum
1236 1061 1407 1119 fuisse
1441 1082 1474 1119 a
1512 1061 1569 1118 S.
1612 1062 1803 1119 Leone
1832 1061 1912 1119 M.
1963 1073 2139 1143 atque
2190 1060 2265 1122 ab
2305 1062 2464 1123 inse-

312 1157 632 1241 quentibus
684 1178 836 1218 rom.
896 1155 1313 1231 PontificibuS‚
1366 1155 1511 1216 adeo
1559 1166 1624 1213 ut
1679 1177 1802 1214 non
1852 1155 2045 1215 solum
2100 1158 2221 1219 vim
2279 1157 2461 1219 ullam

315 1276 624 1336 nunquam
665 1253 940 1313 habuerit
959 1299 974 1328 ‚
1014 1253 1117 1313 sed
1153 1253 1399 1334 insuper
1425 1252 1606 1311 Graeci
1637 1252 1747 1333 ipsi
1787 1252 1849 1310 in
1878 1253 1996 1311 suis
2027 1274 2319 1314 canonum
2340 1255 2460 1315 col-

382 1448 450 1509 (l)
484 1446 677 1495 Certum
706 1457 805 1505 est,
855 1449 907 1494 in
936 1446 1176 1494 nonnullis
1226 1445 1338 1494 Mss-

311 1546 544 1578 canonem
570 1530 698 1578 hunc
742 1530 884 1578 fuisse
919 1530 1195 1594 inscriptum
1219 1545 1233 1575 ι
1258 1527 1341 1575 De

303 1613 527 1678 primatu
573 1609 805 1661 Ecclesiae
844 1627 1088 1670 romanoe,
1126 1612 1193 1658 uti
1214 1609 1340 1675 apud

315 1693 627 1760 Dionysium,
667 1696 717 1741 in
750 1694 863 1741 Mss.
902 1693 1196 1741 bibliothecae
1230 1691 1337 1740 Col·

312 1775 590 1824 bertinianae
613 1815 626 1834 ‚
662 1778 709 1823 in
747 1776 848 1824 cod.
879 1775 1064 1823 Claudii
1091 1774 1251 1840 Hardy
1271 1792 1342 1823 se-

313 1860 490 1907 natoris
510 1861 770 1924 parisiensis
783 1896 796 1919 ‚
816 1862 925 1908 etin
945 1859 1048 1908 cod.
1066 1859 1101 1906 F
1105 1860 1339 1918 ossatensi,

312 1944 363 1989 in
410 1942 518 1990 cod.
553 1942 733 2006 collegii
770 1941 1055 1990 Jesuitarum
1094 1941 1263 2001 Paris.,
1291 1944 1342 1988 in

313 2024 420 2074 cod.
443 2024 684 2073 Pithoeano
709 2025 924 2091 aliisque.
956 2024 1136 2073 Exinde
1166 2024 1341 2072 factum

319 2124 421 2154 esse
454 2107 668 2154 nonnulli
711 2117 902 2168 rentur,
954 2116 1006 2154 ut
1036 2107 1341 2155 Paschasinus

315 2207 547 2238 canonem
573 2208 668 2238 una
687 2207 793 2238 cum
820 2190 954 2238 titulo
974 2192 1231 2239 recitaverit
1249 2191 1340 2239 illis

306 2272 465 2321 verbis
482 2289 496 2321 ι
511 2271 735 2320 Ecclesia
752 2288 958 2320 romana
971 2289 1158 2338 semper
1170 2272 1344 2320 habuit

308 2355 599 2420 primatum.
616 2354 917 2404 Cabassutius
931 2357 981 2403 in
999 2354 1191 2403 Nocitia
1212 2348 1342 2404 Con-

312 2437 401 2486 cil.
423 2439 636 2504 pluribus
655 2439 929 2505 persuadere
943 2441 1109 2489 nititur,
1124 2478 1137 2499 ‚
1156 2443 1343 2488 initium

318 2520 409 2570 hoc
445 2522 504 2571 de
538 2525 741 2588 primatu
768 2522 982 2571 Ecclesiae
999 2540 1202 2572 romanae
1228 2541 1340 2588 sup-

314 2604 670 2670 plendumesse.
709 2604 986 2672 Quesnellus
1011 2644 1024 2665 ‚
1075 2609 1348 2656 auctoritate

313 2687 464 2737 fretus
489 2690 593 2738 cod.
611 2688 910 2748 Oxouiensis,
930 2691 1172 2738 contendit
1188 2691 1348 2755 legeu-

317 2771 435 2819 dum
451 2790 549 2821 esse
567 2788 581 2823 ε
602 2770 826 2822 Ecclesia
849 2789 1050 2821 romana
1064 2789 1248 2838 semper
1261 2772 1350 2820 Ιια-

314 2851 422 2901 beat
429 2858 726 2919 primatum.
746 2854 806 2904 At
831 2854 1099 2914 Ballerinii‚
1117 2866 1232 2905 tom.
1262 2871 1348 2912 ιιι,

320 2952 432 3000 opp.
478 2935 525 2984 S.
564 2937 763 2999 Leonis,
796 2940 848 2987 in
872 2934 993 2988 Cod.
1029 2954 1187 2986 canon
1205 2938 1350 2988 eccle-

316 3018 627 3068 siasticorum
642 3057 656 3081 ‚
677 3023 749 3069 tit.
770 3039 796 3068 x
821 3059 834 3080 ‚
851 3037 961 3087 pag.
980 3016 1064 3082 52,
1089 3030 1188 3070 not.
1223 3019 1348 3084 (32),

314 3102 549 3165 ejusmodi
590 3104 837 3153 lectionem
871 3105 1081 3153 criticam
1107 3103 1234 3152 haud
1256 3119 1352 3152 esse

313 3184 485 3231 invicte
510 3187 781 3236 ostendunt.

396 3262 462 3327 (2)
500 3264 568 3314 De
602 3285 696 3333 qua
741 3267 924 3317 Rufinii
961 3269 1225 3335 paraphrasi
1267 3268 1357 3318 cfr.

319 3346 486 3396 Baron.
520 3348 581 3396 ad
615 3367 758 3400 anno.
796 3349 929 3409 325,
978 3371 1028 3402 n.
1069 3349 1193 3414 1353
1229 3350 1363 3400 Vale-

316 3432 431 3480 sius.
445 3429 627 3479 dissert.
651 3431 726 3480 De
738 3443 866 3483 sexto
879 3451 1082 3484 canone.
1103 3422 1252 3484 Conc.
1268 3433 1364 3483 Ni-

316 3513 476 3572 coeni,
506 3530 614 3579 cap.
649 3531 677 3580 7
706 3530 720 3577 3
758 3514 967 3577 Bianchi,
1001 3515 1149 3565 Della
1179 3517 1363 3583 potest&

312 3608 340 3638 e
371 3595 493 3646 della
529 3595 716 3663 politia
752 3597 873 3646 della
904 3599 1081 3649 Chiesa
1102 3638 1116 3662 ‚
1146 3611 1260 3650 tom.
1297 3618 1363 3663 iv,

1429 1443 1535 1492 Nat.
1570 1443 1703 1493 Alex.
1729 1445 1843 1496 diss.
1870 1464 1943 1506 xx,
1962 1448 2011 1494 in
2027 1464 2121 1496 sec.
2142 1464 2187 1496 iv
2210 1485 2224 1507 ‚
2240 1465 2347 1497 cum
2366 1450 2449 1499 ad-

1428 1534 1577 1575 notat.
1597 1526 1746 1575 Mansi
1767 1528 1985 1577 adversus
2018 1527 2321 1595 Basnagium.

1500 1609 1564 1674 (3)
1603 1609 1753 1659 Tanto
1780 1612 2052 1661 eruditionis
2094 1625 2316 1679 apparatu
2354 1626 2451 1666 tam

1434 1689 1751 1742 Gothofredus
1798 1713 1938 1760 quam
1970 1695 2223 1745 Salmasius
2267 1715 2453 1747 causam

1429 1793 1561 1824 suam
1578 1788 1925 1842 propugnarent
1941 1816 1954 1839 ,
1978 1789 2029 1827 ut
2058 1797 2129 1828 res
2156 1781 2366 1830 confecta
2386 1785 2456 1830 vi-

1429 1859 1617 1908 deretur
1637 1898 1649 1918 ,
1684 1869 1730 1908 et
1754 1859 1894 1911 Card.
1921 1862 1985 1910 du
2019 1861 2190 1911 Pei-ron
2230 1866 2330 1929 ipse
2358 1882 2456 1913 non

1428 1942 1636 1991 crederet
1656 1981 1668 2003 ‚
1686 1946 1956 2010 quempiam
1982 1949 2171 2010 reperiri
2196 1963 2327 2011 posse
2343 1985 2355 2003 ,
2375 1950 2456 2014 qui

1429 2034 1565 2073 tantae
1580 2036 1959 2091 argumentorum
1983 2028 2212 2076 machinae
2227 2030 2456 2093 impetum

1430 2108 1720 2157 retunderet.
1744 2108 1825 2157 Ast
1839 2111 2036 2158 surrexit
2059 2111 2224 2159 doctus
2242 2109 2455 2160 Sirmon-

1431 2190 1519 2237 dus
1543 2227 1555 2248 ‚
1596 2194 1676 2256 qui
1712 2209 1793 2256 pro
1835 2190 1967 2240 Sedis
2001 2194 2262 2258 apostolicae
2292 2210 2458 2259 praero-

1431 2273 1581 2334 gativa
1636 2272 1832 2322 feliciter
1897 2273 2011 2321 adeo
2069 2274 2309 2323 dimicavit
2344 2312 2357 2334 ‚
2405 2284 2458 2323 ut

1433 2353 1581 2401 tribus
1600 2354 1768 2404 libellis
1787 2393 1799 2416 ‚
1818 2374 1932 2422 quos
1947 2358 2181 2421 inscripsit
2195 2357 2458 2424 Propemp-

1430 2437 1583 2484 ticum
1606 2436 1665 2487 cl.
1692 2437 1928 2486 Salmasio
1954 2439 2011 2485 de
2042 2438 2318 2503 reqionibue
2347 2438 2456 2486 suh-

1440 2519 1707 2569 urbicariis
1724 2557 1738 2582 ,
1790 2519 2071 2570 adversarios
2121 2539 2226 2571 suos
2270 2521 2456 2587 penitus

1435 2603 1762 2669 profligaverit.
1782 2603 1989 2668 Dupinio
2007 2615 2138 2662 teste,
2153 2603 2322 2653 eruditi
2339 2621 2457 2668 pene

1434 2703 1621 2741 omnes,
1649 2689 1770 2735 inter
1795 2705 1912 2753 quos
1942 2688 2011 2735 vel
2033 2690 2129 2753 ipse
2153 2687 2421 2736 Blondellus
2438 2726 2452 2747 ‚

1435 2766 1691 2816 Sirmondo
1708 2771 1908 2817 victoriae
1937 2770 2143 2835 palmam
2166 2769 2453 2820 tribuerunt.

1440 2850 1792 2899 Demonstravit
1825 2854 1962 2917 igitur
1998 2852 2274 2901 Sirmondus
2315 2854 2477 2900 vicari·

1438 2952 1518 2981 um
1539 2933 1666 2982 urbis
1703 2952 1798 2984 esse
1828 2934 2206 3000 distinguendum
2245 2952 2271 2982 a
2315 2934 2476 2999 praefe-

1439 3026 1512 3065 cto
1532 3017 1659 3066 urbis
1677 3033 1692 3080 ;
1711 3017 2052 3066 suburbicarias
2077 3018 2286 3082 regiones
2310 3033 2386 3065 eas
2401 3017 2473 3065 di-

1440 3103 1514 3160 ci,
1544 3118 1648 3166 quae
1680 3103 1848 3150 vicario
1870 3101 2122 3166 parebant;
2149 3099 2473 3148 ecclesiasticas

1439 3184 1686 3250 dignitates
1702 3202 1797 3233 non
1811 3185 1869 3233 ad
1885 3184 2092 3232 civilium
2110 3201 2319 3232 normam
2335 3183 2471 3232 dum-

1448 3277 1571 3316 taxat
1616 3269 1848 3316 institutas
1899 3267 2066 3326 fuisse,
2116 3285 2202 3316 nec
2233 3277 2469 3332 propterea

1450 3368 1569 3399 rom.
1606 3350 1839 3398 Pontificis
1856 3360 2133 3415 potestatem
2161 3350 2217 3397 ad
2246 3347 2468 3399 suburbi·

1447 3436 1591 3483 carias
1623 3433 1848 3482 Ecclesiae
1876 3434 2200 3482 coarctandam
2226 3450 2339 3482 esse.
2361 3431 2458 3480 Cfr.

1447 3518 1719 3583 Roskovany
1737 3554 1751 3577 ‚
1782 3535 1856 3583 op.
1880 3520 1960 3567 eit.
1995 3516 2021 3584 §
2053 3514 2119 3567 36
2136 3554 2149 3576 ‚
2182 3526 2281 3566 not.
2305 3515 2467 3581 (113).

1450 3599 1663 3649 Prostant
1710 3616 1842 3665 porro
1896 3610 1985 3648 tres
2040 3598 2147 3647 libri
2181 3595 2414 3647 Sirmondi
2445 3632 2458 3656 ,

312 3675 385 3726 ib.
420 3697 454 3727 n
476 3718 489 3740 ,
531 3698 635 3748 cap.
669 3697 687 3730 1
712 3718 726 3741 ,
759 3679 787 3747 S
830 3680 924 3746 16,
961 3701 1013 3732 n.
1039 3700 1106 3751 95
1143 3701 1232 3734 nec
1270 3701 1366 3734 non
1449 3693 1564 3734 tom.
1581 3700 1648 3747 iv,
1673 3699 1783 3749 opp.
1811 3681 1927 3733 edit.
1961 3682 2100 3733 Paris.
2122 3678 2266 3748 1696.
