2514 4218
334 189 452 248 156

925 212 1121 252 TRACT.
1170 214 1239 250 ‘DE
1285 215 1432 253 LOCIS
1477 218 1854 258 'rnuozomcls-

333 355 554 414 virtute
583 375 646 413 ac
676 356 1101 437 omnipotentia
1137 357 1386 435 regitur3
1424 357 1574 417 irriti
1604 374 1777 421 erunt
1807 385 2009 424 omnes
2040 385 2241 424 eorum
2274 387 2452 428 cona-

330 459 455 523 tus
497 471 560 508 ac
603 448 714 508 sibi
751 449 882 509 solis
919 449 1358 510 damnationem
1393 454 1751 515 consciscent
1781 479 1846 516 ac
1875 461 2293 520 confusionem.
2340 464 2449 521 Tot

330 495 655 604 seciilorum
693 544 1112 625 experientiam
1159 546 1366 606 vadem
1402 547 1704 608 habemus
1744 552 2021 624 Quamvis
2058 557 2213 615 enim
2252 556 2447 639 plures

330 640 534 722 quovis
565 650 830 721 tempore
855 662 891 698 a
921 644 1166 700 veritate
1190 632 1553 714 excederint,
1584 666 1648 703 ac
1685 644 1907 705 bellum
1947 659 2112 709 atrox
2141 652 2449 711 intulerint

329 736 629 796 domestici
657 735 718 795 hi
743 735 972 812 hostes
1013 737 1264 818 colligati
1289 761 1420 799 cum
1447 739 1714 800 hostibus
1735 746 1993 802 externis
2017 745 2281 808 Ecclesiae
2306 750 2409 807 Dei
2430 794 2445 822 .,

323 836 578 913 firmum
613 834 1094 912 fundamentum
1129 840 1245 894 Dei
1284 847 1402 895 stat
1431 836 1552 916 (l),
1592 858 1656 895 ac
1687 849 1971 897 aeternum
2006 823 2201 898 stabit.

406 927 548 986 254.
600 927 689 987 Ad
724 929 839 1006 5¹¹²,
883 932 1039 990 Dist.
1088 933 1159 990 Et
1201 932 1264 990 in
1302 930 1526 1009 objecta
1562 932 1846 1014 encyclica
1888 935 2129 1017 exponit
2167 957 2231 994 ac
2273 935 2451 996 deflet

327 1023 635 1104 Gregorius
671 1026 801 1085 XVI
835 1026 989 1085 mala
1027 1028 1203 1087 totius
1251 1027 1697 1104 christianismi,
1739 1050 1931 1099 conc.;
1966 1029 2142 1089 solius
2185 1030 2448 1091 Ecclesiae

322 1141 614 1195 romanae,
671 1143 803 1202 neq.
854 1124 1150 1181 Romanus
1190 1124 1349 1183 enim
1379 1126 1679 1200 Pontifex7
1715 1137 1921 1207 utpote
1967 1127 2145 1185 totius
2185 1127 2447 1187 Ecclesiae

323 1228 527 1300 caput,
564 1218 776 1276 excitat
812 1217 1174 1298 vigilantiam
1226 1221 1670 1303 Episcoporum‚
1716 1234 1782 1280 ut
1825 1244 1955 1281 suos
1997 1243 2192 1302 greges
2237 1234 2447 1282 tuean—

323 1325 422 1373 tur
453 1325 582 1373 tum
601 1312 675 1372 ab
698 1312 921 1373 insidiis
945 1315 1066 1375 sive
1096 1316 1332 1376 occultis
1355 1318 1477 1379 sive
1499 1319 1822 1377 manifestis
1840 1319 2138 1401 luporum,
2169 1319 2268 1401 qui
2292 1319 2448 1379 intra

320 1432 555 1491 gregem
600 1411 792 1493 ipsum
838 1423 1198 1487 versantur‚‘
1227 1425 1352 1472 tum
1391 1435 1424 1472 a
1465 1414 1992 1474 machinationibus
2040 1426 2098 1475 et
2140 1426 2341 1497 aperta
2389 1414 2447 1475 vi

320 1505 598 1589 luporum
646 1508 745 1589 qui
779 1519 942 1568 extra
982 1530 1213 1588 gregem
1251 1520 1391 1567 sunt
1439 1521 1499 1568 et
1539 1531 1677 1569 eum
1719 1510 1980 1592 undique
2028 1512 2446 1582 circumstant,

321 1613 392 1661 ut
431 1625 570 1663 oves
607 1603 821 1663 Christi
861 1616 1121 1663 mactent
1159 1616 1222 1665 et
1259 1604 1531 1685 perdant.
1559 1605 1711 1664 Alias
1737 1607 1897 1665 enim
1929 1607 2320 1683 ostendimuS,
2350 1608 2450 1666 Ec-

320 1698 510 1758 clesiae
574 1720 805 1780 semper
859 1699 1262 1758 dimicandum
1311 1700 1484 1760 fuisse
1525 1700 1804 1761 adversus
1848 1701 2140 1784 duplicem
2187 1701 2446 1762 hostium

317 1793 673 1876 phalangem
694 1839 710 1869 ‚
749 1795 1046 1854 internam
1081 1806 1140 1854 et
1177 1807 1483 1856 externam
1505 1841 1521 1872 ,
1559 1808 1617 1856 et
1645 1819 1717 1856 ex
1749 1803 1870 1876 ejus
1906 1799 2203 1880 perpetuis
2239 1799 2447 1856 trium-

317 1890 455 1973 phis
489 1890 753 1952 divinam
793 1892 1052 1971 ejusdem
1092 1892 1396 1951 intulimus
1447 1895 1751 1953 veritatem
1791 1894 2148 1976 (2).1taque
2195 1895 2445 1952 istorum

317 1986 577 2046 hostium
618 1989 885 2047 omnium
928 1989 1122 2062 nisuS‚
1169 1988 1509 2062 molimina,
1545 2001 1810 2065 conatus7
1838 1991 1961 2050 sive
1998 1989 2073 2048 ad
2101 1987 2291 2047 cultus
2326 2010 2442 2047 ma·

311 2088 589 2162 jestatem
628 2082 1132 2158 labefactandam,
1187 2085 1310 2145 sive
1349 2084 1424 2143 ad
1466 2086 1708 2145 unitatis
1757 2085 1988 2146 vincula
2036 2083 2440 2160 dissolvenda,

317 2180 441 2238 sive
488 2178 563 2237 ad
609 2180 1015 2240 auctoritatem
1062 2179 1327 2241 divinam
1368 2179 1629 2241 Ecclesiae
1680 2180 2176 2263 oppugnandam,
2215 2182 2337 2242 sive
2370 2179 2445 2239 ad

318 2273 483 2333 Sedis
518 2275 844 2356 apostolicae
881 2281 1015 2354 jura
1061 2275 1483 2350 convellenda,
1526 2299 1772 2359 eamque
1818 2279 1880 2345 in
1922 2289 2160 2359 turpem
2186 2278 2447 2339 servitu-

316 2381 439 2431 tem
474 2370 888 2450 redigendam,
932 2372 1158 2455 aliaque
1194 2369 1479 2450 ejusmodi
1507 2374 1898 2434 machinanda
1920 2419 1937 2449 .,
1968 2374 2183 2447 refertt,
2216 2384 2277 2433 at
2301 2395 2447 2432 nus-

316 2465 476 2547 piam
513 2465 802 2542 affirrmt,
836 2467 1047 2549 impios
1085 2468 1190 2527 hos
1212 2468 1480 2529 homines
1509 2470 1907 2552 praestitutum
1935 2469 2044 2529 sibi
2073 2471 2254 2530 finem
2290 2467 2444 2526 obti-

318 2561 533 2639 nuisse,
552 2574 652 2621 aut
669 2561 1014 2623 obtenturos
1035 2586 1297 2646 unquam
1319 2586 1443 2626 esse
1466 2565 1579 2644 (3).
1608 2567 1709 2623 His
1728 2566 1886 2625 enim
1912 2587 2033 2624 non
2052 2562 2443 2638 obstantibuS,

1433 2760 1727 2816 auctoritati,
1783 2776 1834 2806 ac
1885 2776 1947 2810 se*
1985 2754 2232 2823 subjiceret
2287 2774 2444 2822 regum

385 2757 456 2822 (1)
493 2756 540 2805 11
571 2758 631 2807 ad
662 2757 868 2807 Timoth.
903 2775 970 2817 ιι,
1012 2758 1100 2817 18,
1142 2773 1219 2824 19.

383 2840 450 2903 (2)
496 2840 653 2890 Tract.
698 2839 770 2890 De
807 2856 919 2888 vera
955 2838 1089 2904 reliq.
1130 2850 1250 2904 part.
1292 2858 1339 2903 ι,

313 2941 424 2988 cap.
459 2921 526 2986 4,
562 2942 695 2989 prop.
734 2941 801 2973 iv.

389 3004 462 3069 (3)
516 3005 741 3072 Exempla
789 3006 989 3054 recentia
1015 3015 1123 3052 sunt
1151 3022 1338 3064 eorum,

324 3091 406 3154 qui
434 3090 612 3139 sortiter
638 3093 903 3139 restiterunt
937 3089 1078 3138 seculi
1111 3089 1341 3155 Principi-

316 3171 445 3230 bu3‚
495 3174 575 3236 qui
616 3176 667 3221 in
706 3175 972 3223 servitutem
1013 3172 1218 3236 redigere
1257 3191 1338 3221 vo-

316 3254 508 3302 luerunt
537 3256 890 3305 ecclesiasticam
934 3254 1209 3304 libertatem.
1250 3254 1339 3302 Ec-

315 3337 454 3385 clesia
492 3337 713 3386 catholica
739 3340 900 3405 quovis
926 3349 1130 3403 tempore
1158 3335 1340 3384 obstitit

319 3416 550 3486 ejusmodi
575 3423 819 3471 conatibus
839 3459 852 3480 ‚
892 3423 1137 3488 pluresque
1163 3429 1337 3485 marty-

324 3521 398 3552 res
425 3513 701 3564 veneratur‚
729 3508 811 3569 qui
839 3506 928 3554 hac
952 3506 1009 3555 de
1031 3523 1165 3553 causa
1194 3505 1336 3550 vitam

319 3589 594 3635 amiserunt.
626 3585 799 3635 Contra
833 3606 938 3636 vero
956 3588 1194 3654 anglicana
1214 3603 1338 3634 com·

318 3672 480 3734 munio
496 3670 601 3719 ideo
615 3667 823 3718 discessit
837 3669 895 3718 ab
911 3670 1114 3719 Ecclesia
1130 3686 1317 3718 romana
1330 3706 1341 3728 ‚

323 3762 374 3799 ut
432 3770 479 3802 se
524 3752 816 3801 subtraheret
853 3751 1053 3801 Romani
1106 3751 1343 3801 Pontificis

1430 2857 1621 2888 suorum
1652 2842 1960 2889 dominationi
1994 2843 2044 2888 in
2078 2841 2271 2905 negotiis
2302 2839 2447 2888 eccle-

1430 2925 1620 2972 siasticis
1638 2960 1652 2987 ,
1670 2933 1720 2971 ut
1736 2935 1860 2989 patet
1886 2943 1939 2972 ex
1954 2926 2210 2990 juramenti
2226 2922 2444 2983 formula,

1430 3007 1556 3071 quod
1587 3005 1792 3054 emittere
1831 3005 2005 3055 subditi
2043 3003 2276 3069 anglicani
2314 3021 2447 3067 coge·

1428 3089 1631 3150 bantur,
1664 3107 1766 3155 quae
1802 3089 1941 3154 hujus
1982 3089 2153 3136 tenoris
2193 3096 2262 3133 est
2299 3102 2312 3132 :
2344 3083 2447 3149 qu

1428 3171 1499 3221 N.
1525 3170 1594 3219 N.
1621 3170 1788 3237 palam
1824 3177 1966 3218 testor
1993 3178 2037 3216 et
2063 3185 2123 3216 ex
2149 3167 2442 3218 conscientia

1428 3271 1536 3302 mea
1585 3251 1770 3301 declaro
1790 3291 1803 3312 ‚
1854 3251 1981 3316 quod
2031 3247 2261 3317 Majestas
2313 3252 2447 3315 reqia

1430 3338 1605 3384 unicus
1621 3343 1953 3400 est-supremus
1976 3333 2271 3399 qubernator
2300 3332 2446 3400 hujus

1430 3420 1601 3484 requi,
1634 3419 1942 3482 omniumque
1970 3415 2180 3465 aliorum
2207 3434 2305 3465 310ae
2333 3418 2446 3465 Ma·

1422 3502 1615 3569 jestatis
1677 3500 2030 3550 Dome'niorum
2073 3517 2128 3547 ac
2181 3500 2449 3548 territorio-

1433 3604 1543 3636 rum
1564 3623 1579 3642 ,
1606 3594 1706 3632 iam
1734 3586 1790 3632 in
1819 3583 2038 3632 omnibus
2066 3582 2407 3650 spiritualibus
2424 3618 2439 3642 ‚

1434 3672 1533 3718 sive
1564 3666 1898 3716 ecclesiasticis
1927 3667 2096 3728 rebus,
2138 3675 2222 3714 aut
2249 3666 2412 3714 causis
2432 3700 2446 3728 ,

1433 3768 1575 3817 quam
1597 3752 1650 3798 in
1673 3750 2010 3816 temporalibus
2019 3785 2034 3813 ,
2065 3757 2107 3797 et
2134 3749 2261 3814 quod
2286 3746 2447 3796 nullus
