2514 4218
287 136 411 197 286
880 151 1079 191 mac-r.
1125 151 1194 186 nn
1238 152 1389 189 nocis
1432 155 1819 197 Tutotofflms,

288 302 419 384 quit
451 298 623 359 Card.
665 296 958 358 Gerdilius
1002 294 1093 372 (l)
1116 338 1131 365 .,
1176 293 1324 352 ritus
1363 304 1488 353 tam
1537 317 1729 374 sacer,
1773 303 1936 364 nulla
1991 318 2114 365 tam
2162 308 2428 393 religiosa

285 398 513 457 functio
541 442 557 471 ,
599 394 834 455 nullum
858 388 1219 451 sacerdotale
1255 403 1563 472 munus'et
1590 393 1846 458 officium
1866 444 1886 475 ‚
1925 402 2000 463 de
2039 427 2155 486 quo
2191 427 2321 466 eam
2353 407 2430 468 ob·

285 514 557 570 causam,
590 492 751 574 quod
766 498 1082 549 externam
1113 487 1445 560 actionem,
1481 499 1658 571 atque
1693 491 1880 553 veluti
1901 502 2211 562 materiam
2236 506 2430 587 requi-

284 599 458 665 rant,
503 597 760 670 nequeat
792 582 973 643 seculi
1005 594 1267 665 potestas
1314 582 1634 646 decernere
1686 609 1911 670 suoque
1942 595 2197 658 examini
2231 621 2297 660 ac
2331 605 2432 679 ju-

282 686 436 747 dicio
475 683 796 746 vindicare.
834 681 946 740 Res
984 701 1191 740 omnes
1235 681 1567 763 spirituales
1590 727 1606 756 ,
1645 684 1771 765 ipsa
1796 685 1934 747 fidei
1964 699 2025 748 et
2054 713 2288 755 morum
2322 695 2431 756 do-

284 782 472 843 ctrina
506 781 567 838 in
605 778 915 860 potestatis
953 775 1140 838 civilis
1177 775 1494 838 arbitrium
1531 779 1954 860 rejicerentur,
1999 787 2136 868 quia
2173 803 2430 871 potestas

279 875 666 940 ecclesiastica
709 873 919 956 nequit
963 894 1133 954 agere
1183 873 1381 956 quoad
1421 874 1546 935 haec
1584 875 1812 956 objecta
1834 924 1851 954 .,
1894 881 2008 940 nisi
2050 905 2162 966 ope
2202 889 2431 947 externi

278 985 342 1034 et
378 969 667 1032 sensibilis
709 970 1062 1043 ministerii,
1115 991 1340 1053 suaque
1385 971 1622 1032 decreta
1660 985 1720 1034 et
1749 975 1971 1053 judicia
2006 980 2323 1042 exteriores
2371 995 2430 1043 et

278 1068 584 1131 sensibiles
625 1068 845 1130 civium
883 1067 1258 1151 operationes
1293 1069 1634 1152 respiciunt.
1674 1073 1809 1132 Haec
1853 1072 2245 1137 obtendentes
2289 1100 2426 1139 ma—

274 1169 554 1249 gistratus
591 1155 940 1244 civilesjure
977 1176 1244 1226 evertere
1278 1177 1523 1249 possent
1560 1169 1755 1227 omnia
1790 1172 1911 1230 Deo
1945 1170 2135 1233 dicata
2163 1173 2387 1258 templa
2408 1221 2424 1250 ,

273 1266 415 1348 quia
456 1286 529 1324 ex
562 1263 735 1345 lignis
763 1273 1192 1323 construuntur
1228 1273 1406 1345 atque
1450 1262 1779 1346 lapidibu83
1829 1289 2034 1328 omnes
2073 1270 2428 1331 interdicere

276 1362 574 1443 religiosos
615 1371 976 1436 conventuS,
1021 1358 1147 1419 dies
1180 1358 1360 1419 festos
1387 1405 1404 1435 ,
1449 1372 1761 1444 totumque
1801 1363 1990 1425 divini
2033 1364 2223 1425 cultus
2271 1388 2430 1427 exer-

279 1459 484 1519 citium
505 1503 521 1534 ,
566 1457 848 1541 quoniam
875 1467 936 1515 et
969 1457 1167 1515 animo
1194 1467 1254 1515 et
1282 1477 1527 1539 corpore
1553 1457 1911 1519 exhibentur
1950 1473 2113 1521 actus
2152 1461 2427 1543 religiosi.

278 1555 501 1615 Omnia
540 1553 797 1636 denique
828 1553 977 1632 juris
1009 1564 1186 1612 erunt
1221 1552 1410 1615 civilis
1447 1554 1821 1635 magistratus
1845 1602 1861 1633 ‚
1899 1577 2034 1615 cum
2071 1559 2134 1616 in
2167 1558 2280 1618 hac
2322 1557 2430 1619 ad-

279 1650 586 1735 spectabili
625 1672 827 1711 rerum
878 1650 1262 1712 universitate
1292 1695 1307 1723 ,
1348 1649 1509 1733 quod
1546 1651 1621 1710 sit
1673 1653 2218 1736 mere·spirituale⁷
2277 1654 2431 1715 nihil

280 1748 526 1807 omnino
560 1747 792 1807 existat.
836 1747 894 1806 Si
932 1746 1117 1808 civilis
1155 1758 1414 1829 potestas
1452 1758 1643 1807 totam
1682 1748 1996 1832 disponere
2029 1762 2226 1833 potest
2260 1764 2426 1812 exte-

277 1845 498 1904 riorem
519 1843 893 1927 disciplinam
916 1889 933 1918 7
972 1866 1105 1926 quae
1138 1843 1434 1903 mutabilis
1464 1856 1581 1922 est,
1608 1845 1766 1905 salva
1794 1846 2165 1907 substantiali
2191 1846 2424 1928 religio-

278 1942 370 2001 nis
394 1942 731 2022 integritate
747 1986 764 2016 ,
792 1940 1091 2022 Principes
1120 1962 1256 2021 ergo
1284 1952 1526 2022 possent
1550 1962 1610 2000 se
1633 1942 1893 2003 eximere
1916 1942 1992 2002 ab
2014 1941 2424 2004 observatione

277 2050 707 2120 praeceptorum
740 2035 1257 2096 ecclesiasticorum
1278 2081 1294 2111 ,
1326 2038 1650 2119 praescripti
1671 2038 1884 2117 Jejunii
1903 2083 1918 2112 .,
1946 2036 2320 2099 abstinentiae
2349 2037 2424 2098 ab

277 2155 382 2193 esu
421 2134 723 2209 carnium,
773 2153 983 2194 annuae
1026 2133 1407 2193 confessionis
1432 2179 1449 2208 ·›
1510 2155 1690 2193 sacrae
1744 2133 1995 2215 Synaxis
2044 2133 2108 2192 in
2148 2133 2424 2216 paschate

275 2230 654 2313 recipiendae,
697 2229 1065 2311 aliorumque
1101 2229 1427 2308 ejusmodi3
1459 2239 1702 2312 possent
1725 2229 1788 2288 in
1816 2229 2039 2290 ditione
2067 2251 2170 2289 sua
2199 2251 2423 2293 novum
2468 2289 2470 2291 ,

275 2327 530 2387 condere
565 2325 888 2408 disciplinae
927 2325 1224 2401 codicem,
1268 2327 1603 2407 conjugium
1649 2327 1994 2408 permittere
2025 2325 2244 2387 clericis
2293 2349 2424 2387 ma—

273 2422 500 2502 joribus
528 2468 545 2498 ,
586 2421 845 2483 indicere
879 2422 1362 2482 communionem
1391 2421 1502 2481 sub
1540 2435 1794 2505 utraque
1820 2423 2011 2506 specie
2037 2469 2053 2499 ‚
2094 2435 2323 2483 mutare
2356 2422 2423 2481 li-

277 2519 565 2601 turgiam,
605 2531 782 2602 prout
823 2541 985 2600 reges
1033 2518 1360 2599 anglicani,
1399 2519 1499 2601 qui
1534 2518 1646 2578 sibi
1688 2521 2012 2601 primatum
2055 2519 2118 2577 in
2172 2517 2421 2579 Ecclesia

275 2626 674 2698 usurparunt,
711 2637 818 2696 per
843 2637 1148 2673 summum
1181 2615 1345 2673 nefas
1375 2616 1816 2695 praestiterunt3
1861 2635 1977 2695 qua
2010 2614 2074 2672 in
2103 2613 2422 2696 hypothesi

274 2711 525 2772 totidem
547 2712 760 2771 fierent
783 2710 1048 2770 Ecclesiae
1071 2708 1454 2769 territoriales
1477 2754 1493 2783 ‚
1521 2709 1709 2791 qualis
1731 2710 1917 2770 evasit
1938 2710 2126 2792 reipsa
2156 2711 2237 2769 sic
2266 2710 2420 2769 dicta

275 2808 526 2868 Ecclesia
555 2807 878 2889 anglicana.
910 2808 1049 2880 Quae
1076 2806 1273 2865 omnia
1303 2817 1362 2866 et
1391 2804 1620 2886 singula
1658 2803 1911 2865 absurda
1933 2827 2058 2866 esse
2078 2851 2095 2882 ,
2133 2827 2310 2866 nemo
2333 2816 2422 2865 est

277 2906 379 2985 qui
406 2928 528 2964 non
556 2904 792 2975 videat,
831 2924 944 2964 nec
966 2902 1040 2963 ab
1063 2903 1206 2986 ipsis
1235 2901 1560 2983 denegatur
1587 2901 1970 2977 adversarii53
2011 2903 2131 2961 imo
2160 2922 2354 2984 neque
2385 2922 2420 2960 a

277 3001 739 3081 protestantibus
771 3022 836 3060 ac
865 3000 1137 3083 prOJectis
1179 2998 1560 3059 rationalistis
1582 3045 1598 3075 .,
1639 3019 1851 3081 parum
1897 3002 2101 3058 tamen
2132 2995 2242 3056 sibi
2270 2996 2421 3056 suis-

280 3116 393 3176 que
432 3098 732 3182 principiis
762 3095 1194 3157 cohaerentibus
1234 3096 1348 3176 (2).

350 3359 419 3425 (1)
456 3357 556 3409 cfr.
599 3378 679 3426 op.
709 3363 796 3411 cit.
1389 3363 1658 3420 unimores,
1685 3358 1811 3423 apud
1850 3356 2124 3417 Duvalium,
2147 3375 2252 3424 pag.
2283 3354 2382 3424 357
2400 3395 2418 3416 ,

348 3443 415 3508 (2)
453 3441 578 3492 Sane
613 3442 943 3505 Melanchton,
976 3441 1162 3491 Exam-
1204 3441 1304 3490 Or·
1391 3445 1601 3492 scribunt
1624 3458 1637 3490 z
1659 3439 1773 3490 Sint
1794 3457 1910 3489 sane
1936 3442 2250 3506 magistratus
2271 3455 2418 3487 mem-

278 3525 608 3576 dinandorum
639 3543 654 3575 ε
682 3525 791 3575 Non
826 3526 1035 3576 condant
1056 3564 1071 3587 ‚
1118 3527 1305 3592 inquit,
1391 3524 1477 3574 bra
1515 3523 1746 3573 Ecclesioe
1774 3561 1788 3586 ,
1827 3524 2048 3590 flagrent
2097 3539 2272 3587 maqno
2315 3519 2416 3570 zelo

278 3610 592 3675 maqistracus
609 3608 831 3674 doqmata
858 3612 916 3658 in
948 3608 1173 3660 Ecclesia
1191 3644 1205 3670 ,
1223 3624 1309 3656 nec
1384 3608 1587 3675 pietatis
1609 3645 1623 3668 ‚
1653 3606 1736 3655 sed
1750 3623 1847 3656 mm
1873 3608 1974 3656 sim
1983 3607 2145 3673 capita
2164 3602 2410 3663 Ecclesiae,

280 3693 547 3741 instituant
561 3689 735 3741 cultus.
757 3690 1178 3758 Magdeburgenses
1196 3689 1311 3740 Cen·
1393 3690 1512 3757 quia
1538 3690 1661 3757 ipsis
1676 3706 1775 3741 non
1790 3691 2016 3758 competit
2044 3691 2133 3738 iste
2145 3691 2413 3755 primatus.
