2514 4218
316 215 470 256 PART.
518 215 558 252 1.
601 212 752 250 sectr.
798 212 864 249 11.
912 210 1033 248 car.
1078 211 1165 249 111.
1213 210 1282 249 ne
1325 211 1462 249 nn.
1512 210 1585 249 ΕΤ
1629 211 1756 249 mu.
1808 212 1963 250 rrum.
2064 193 2178 252 467

162 359 301 418 682.
351 358 468 417 Nos
493 375 525 414 e
556 364 757 412 contra
787 357 956 431 juxta
991 350 1334 410 catholicam
1370 351 1694 410 doctrinam
1741 351 2018 412 adversus
2049 375 2189 436 pro-

73 465 350 518 testantes
381 449 733 510 adstruimus
763 493 779 520 „
813 446 1137 508 Concilium
1165 447 1591 506 oecumenicum
1623 449 2036 508 convocatione
2056 494 2072 522 ,
2097 470 2189 510 ce-

72 549 392 610 lebratione
455 557 514 604 et
571 543 1013 603 confirmatione
1074 542 1400 621 legitimum
1428 587 1444 617 ,
1497 543 1560 600 in
1628 542 1746 601 suis
1792 543 2188 605 sanctionibus

74 642 406 722 dogmaticis
444 686 459 714 ,
497 659 623 722 quse
663 638 877 698 scilicet
914 636 1172 696 habeant
1216 659 1324 718 pro
1372 636 1596 716 objecto
1630 637 1808 697 fidem
1851 649 1908 696 et
1950 661 2142 699 mores
2171 686 2187 715 ,

74 758 196 796 esse
223 757 458 818 prorsus
494 733 823 794 infallibile-
858 731 1148 793 Adversus
1176 752 1318 792 vero
1341 733 1722 792 Jansenianos
1743 779 1759 808 .‚
1797 732 2188 794 Febronia'nos

73 853 137 891 ac
152 831 503 891 Palmerium
526 829 833 910 statuimus
849 873 867 904 ‚
881 839 1010 886 tum
1032 847 1236 888 veram
1260 828 1549 887 rationem
1569 827 1970 908 dignoscendi,
1990 841 2191 889 utrum

75 925 394 986 Concilium
429 924 854 985 oecumenicum
883 922 1210 1001 legitimum
1245 922 1420 982 fuerit
1459 944 1687 1010 necne,
1720 944 1844 983 esse
1870 926 2192 984 confirma-

75 1023 296 1080 tionem
334 1042 482 1079 rom.
526 1020 817 1079 Pontificis
839 1063 855 1093 .,
894 1029 1022 1075 tum
1055 1018 1377 1077 Concilium
1409 1019 1832 1092 oecumenicum
1864 1019 2191 1100 legitimum

75 1126 259 1174 totam
293 1116 415 1176 vim
454 1136 622 1176 suam
667 1134 731 1173 ac
773 1112 1059 1175 invictum
1096 1112 1277 1173 robur
1322 1114 1537 1175 habere
1582 1114 1800 1197 absque
1846 1117 2058 1197 praevia
2098 1138 2197 1176 ac-

76 1212 405 1292 ceptatione
453 1222 513 1270 et
568 1229 852 1269 consensu
903 1207 1281 1291 subsequenti
1332 1210 1595 1271 Ecclesiae
1639 1211 2007 1271 universalis
2061 1214 2198 1272 Haec

76 1319 272 1366 autem
296 1306 374 1364 sic
406 1327 513 1387 per
535 1314 742 1386 partes¹
762 1304 1104 1364 evincimus.

160 1401 301 1461 683.
351 1402 428 1460 Ac
458 1399 648 1482 primo
670 1398 907 1480 quidem
924 1419 1056 1458 cum
1087 1410 1477 1481 protestantes
1499 1398 1631 1459 ideo
1655 1399 1915 1460 Concilio
1941 1422 2201 1461 oecume-

50 1498 208 1558 nico
239 1494 604 1555 infallibilem
642 1495 1044 1555 auctoritatem
1097 1493 1432 1573 abjudicent
1459 1540 1475 1570 ,
1532 1493 1690 1576 quod
1729 1515 1860 1554 eam
1908 1494 2202 1575 denegent

79 1592 338 1652 Ecclesiae
375 1591 489 1672 ipsi
524 1589 888 1665 universali,
943 1590 1081 1650 hine
1118 1589 1219 1649 illa
1267 1591 1465 1649 omnia
1489 1635 1506 1665 ,
1548 1611 1678 1671 quae
1709 1611 1813 1648 suo
1850 1590 1975 1649 loco
2004 1591 2200 1650 attuli-

76 1710 207 1747 mus
233 1687 307 1747 ad
332 1685 613 1766 ejusmodi
652 1685 911 1745 Ecclesiae
949 1685 1147 1746 dotem
1171 1685 1588 1747 vindicandam
1610 1731 1625 1760 .,
1660 1685 1777 1745 huc
1815 1687 2151 1746 referuntur
2181 1734 2197 1763 ‚

76 1803 210 1841 cum
248 1803 408 1865 aeque
446 1803 506 1841 se
539 1803 629 1840 res
652 1779 900 1855 habeat3
944 1792 1126 1840 status
1162 1782 1320 1840 enim
1344 1781 1606 1841 Ecclesiae
1629 1782 1750 1841 sive
1775 1781 2050 1864 dispersae
2074 1785 2197 1843 sive

81 1888 438 1958 congregatae
479 1875 628 1935 nihil
663 1876 812 1936 circa
851 1876 1299 1957 praerogativam
1324 1899 1355 1935 a
1383 1877 1697 1937 Christoei
1723 1898 2051 1938 concessam
2085 1878 2203 1936 im-

78 1985 290 2032 mutat.

164 2066 320 2134 684..
354 2068 567 2125 Verum
590 2065 711 2124 haec
733 2065 1047 2144 indirecte3
1074 2065 1294 2125 directe
1335 2087 1475 2126 vero
1502 2067 1580 2125 sic
1611 2065 1822 2125 thesim
1846 2065 2194 2149 probamus:

81 2161 333 2222 Concilia
376 2163 732 2221 oecumenica
773 2184 891 2221 non
924 2174 1062 2221 sunt
1101 2162 1218 2220 nisi
1243 2161 1490 2220 Ecclesia
1525 2162 1647 2243 ipsa
1680 2173 2052 2242 congregata,
2096 2185 2198 2223 seu

79 2259 127 2317 si
153 2257 344 2340 placet
362 2302 379 2331 a
411 2267 549 2315 sunt
576 2256 818 2316 Ecclesia
842 2258 1318 2339 repraesentativa
1346 2282 1362 2330 ς
1404 2257 1561 2338 quod
1581 2257 1744 2316 enim
1781 2257 2011 2338 publica
2055 2270 2194 2318 sunt

81 2364 139 2413 et
180 2352 468 2433 generalia
499 2353 730 2412 comitia
759 2353 822 2411 in
857 2363 1011 2413 statu
1048 2352 1284 2435 politico
1313 2397 1329 2426 .,
1369 2364 1507 2411 sunt
1538 2351 1713 2434 plane
1749 2352 2005 2411 Concilia
2042 2374 2198 2413 oecu-

79 2450 305 2508 menica
339 2450 402 2507 in
438 2447 714 2521 Ecclesia3
750 2449 912 2530 atqui
944 2447 1189 2507 Ecclesia
1210 2492 1226 2519 ‚
1269 2458 1334 2505 ut
1368 2469 1471 2505 suo
1498 2446 1623 2506 loco
1667 2446 2027 2506 ostendimus
2053 2494 2069 2522 a
2107 2449 2202 2507 in·-

79 2543 306 2602 fallibili
343 2543 524 2624 pollet
558 2544 899 2602 auctoritate
930 2569 945 2618 ς
987 2542 1194 2603 eadem
1221 2543 1431 2622 igitur,
1447 2547 1617 2620 juxta
1647 2542 1862 2601 Christi
1889 2544 2196 2625 promissa,

79 2639 193 2697 frui
243 2637 499 2697 Concilia
536 2638 895 2698 oecumenica
931 2637 1177 2698 dicenda
1214 2648 1373 2696 sunt.
1418 2638 1566 2696 Sane
1606 2637 1728 2696 haec
1774 2637 2027 2697 Concilia
2060 2684 2075 2714 ‚
2122 2638 2196 2698 ad

80 2732 415 2813 exemplum
449 2735 622 2815 primi
664 2733 903 2793 Concilii
940 2779 957 2810 ‚
1004 2732 1165 2815 quod
1212 2731 1623 2813 Hierosolymis
1666 2731 2027 2793 celebratum
2073 2746 2195 2809 est,

82 2830 354 2911 quodque
388 2829 622 2910 reliquis
657 2851 927 2889 normam
969 2841 1029 2889 et
1083 2827 1381 2910 exemplar
1436 2828 1723 2909 praebuit‚
1786 2828 1927 2886 dum
1981 2828 2202 2910 aliquid

82 2924 157 2983 ad
199 2925 377 2983 fidem
405 2946 712 3005 moresque
749 2926 1050 3006 pertinens
1081 2925 1403 2999 definiunt,
1432 2923 1622 2982 dicere
1646 2934 1891 3005 possunt
1923 2946 1936 2980 :
1986 2923 2197 2984 Visum

84 3030 168 3077 est
208 3022 478 3100 Spiritui
506 3021 722 3078 Sancto
748 3031 801 3078 et
830 3022 998 3080 nobis
1035 3019 1146 3099 (l).
1187 3020 1334 3077 Cum
1357 3041 1530 3100 porro
1564 3019 1809 3100 Spiritus
1840 3020 2080 3078 Sanctus
2103 3042 2198 3079 er-

86 3113 202 3170 rori
234 3113 516 3174 obnoxius
559 3137 681 3174 non
729 3115 838 3192 sit,
877 3136 1067 3197 neque
1100 3113 1350 3173 obnoxia
1401 3124 1575 3174 erunt
1622 3115 1802 3173 errori
1844 3116 2199 3174 oecumenica

89 3207 337 3267 Concilia
362 3254 380 3285 ‚
417 3231 543 3292 quae
577 3210 687 3269 sub
719 3210 964 3293 Spiritus
996 3211 1191 3269 Sancti
1224 3209 1562 3269 adsistentia
1591 3230 1656 3268 ac
1685 3210 1950 3291 praesidio
1979 3210 2051 3270 de
2083 3210 2196 3268 illis

89 3300 387 3383 quidpiam
403 3305 757 3385 decernunt.

88 3449 375 3515 stringebant
404 3452 460 3500 ad
481 3455 757 3519 acceptanda
785 3456 961 3522 absque
990 3473 1096 3504 exa·
1179 3456 1548 3521 uniuscujusque
1580 3455 1722 3519 partis
1740 3489 1756 3515 ‚
1789 3465 1877 3504 etc.
1911 3454 2058 3520 Atque
2084 3454 2196 3503 huic

89 3534 215 3581 mine
234 3542 278 3580 et
302 3532 585 3583 discussione
608 3536 1095 3596 decreta-Tridentium
1179 3539 1307 3586 tenui
1360 3537 1440 3584 filo
1489 3536 1674 3586 Palmer
1729 3540 1966 3604 negotium
2020 3547 2195 3587 aeternae

91 3612 191 3662 Hoc
209 3614 377 3663 deinde
398 3615 495 3665 fuse
514 3620 733 3681 exponit,
750 3621 963 3669 eumdem
981 3637 1101 3668 sem·
1182 3619 1339 3668 salutis
1363 3634 1454 3667 suae
1475 3621 1749 3679 committit,
1792 3636 1845 3668 ac
1871 3618 1958 3666 sibi
1987 3617 2168 3669 illudit!

89 3713 170 3759 per
210 3706 416 3761 repetens
458 3698 691 3748 crambem
727 3700 783 3748 de
826 3701 1098 3750 fallibilitate
1254 3700 1319 3764 (Ι)
1362 3699 1476 3749 Act.
1512 3699 1717 3763 xv,*28.

1820 3779 1918 3840 30.
