<?xml version="1.0" encoding="UTF-8"?>
<!DOCTYPE html PUBLIC "-//W3C//DTD XHTML 1.0 Transitional//EN"
    "http://www.w3.org/TR/xhtml1/DTD/xhtml1-transitional.dtd">
<html xmlns="http://www.w3.org/1999/xhtml" xml:lang="en" lang="en">
 <head>
  <title>
</title>
<meta http-equiv="Content-Type" content="text/html;charset=utf-8" />
  <meta name='ocr-system' content='tesseract 3.04.00' />
  <meta name='ocr-capabilities' content='ocr_page ocr_carea ocr_par ocr_line ocrx_word'/>
</head>
<body>
  <div class='ocr_page' id='page_1' title='image "a603693808perruoft_0192.png"; bbox 0 0 2514 4218; ppageno 0'>
   <div class='ocr_carea' id='block_1_1' title="bbox 215 199 2399 2066">
    <p class='ocr_par' dir='ltr' id='par_1_1' title="bbox 215 199 2399 2066">
     <span class='ocr_line' id='line_1_1' title="bbox 280 199 1810 260; baseline 0 -2"><span class='ocrx_word' id='word_1_1' title='bbox 280 199 395 258; x_wconf 88' lang='lat'>180</span> <span class='ocrx_word' id='word_1_2' title='bbox 873 216 1064 255; x_wconf 53' lang='grc' dir='ltr'>τιμον.</span> <span class='ocrx_word' id='word_1_3' title='bbox 1115 215 1184 254; x_wconf 68' lang='lat' dir='ltr'>ns·</span> <span class='ocrx_word' id='word_1_4' title='bbox 1228 216 1380 254; x_wconf 70' lang='lat' dir='ltr'>Locis</span> <span class='ocrx_word' id='word_1_5' title='bbox 1424 219 1810 260; x_wconf 71' lang='lat' dir='ltr'>mnozomms,</span> 
     </span>
     <span class='ocr_line' id='line_1_2' title="bbox 215 356 2393 442; baseline 0.006 -25"><span class='ocrx_word' id='word_1_6' title='bbox 215 415 217 417; x_wconf 83' lang='lat'>.</span> <span class='ocrx_word' id='word_1_7' title='bbox 274 363 347 423; x_wconf 91' lang='lat' dir='ltr'>ad</span> <span class='ocrx_word' id='word_1_8' title='bbox 372 359 642 423; x_wconf 88' lang='lat' dir='ltr'>eamdem</span> <span class='ocrx_word' id='word_1_9' title='bbox 675 360 959 419; x_wconf 83' lang='lat' dir='ltr'><strong>traxerint</strong></span> <span class='ocrx_word' id='word_1_10' title='bbox 982 356 1329 418; x_wconf 78' lang='lat' dir='ltr'>seditionem</span> <span class='ocrx_word' id='word_1_11' title='bbox 1349 402 1367 432; x_wconf 77' lang='lat'>,</span> <span class='ocrx_word' id='word_1_12' title='bbox 1403 357 1569 419; x_wconf 86' lang='lat' dir='ltr'>illam</span> <span class='ocrx_word' id='word_1_13' title='bbox 1580 406 1582 408; x_wconf 86' lang='lat'>-</span> <span class='ocrx_word' id='word_1_14' title='bbox 1602 356 1826 425; x_wconf 78' lang='lat' dir='ltr'>cessare</span> <span class='ocrx_word' id='word_1_15' title='bbox 1856 386 1980 426; x_wconf 91' lang='lat' dir='ltr'>esse</span> <span class='ocrx_word' id='word_1_16' title='bbox 2013 364 2393 442; x_wconf 79' lang='lat' dir='ltr'>catholicam,</span> 
     </span>
     <span class='ocr_line' id='line_1_3' title="bbox 269 452 2286 543; baseline 0.003 -27"><span class='ocrx_word' id='word_1_17' title='bbox 269 458 404 540; x_wconf 92' lang='lat' dir='ltr'>quia</span> <span class='ocrx_word' id='word_1_18' title='bbox 436 458 682 516; x_wconf 89' lang='lat' dir='ltr'>istorum</span> <span class='ocrx_word' id='word_1_19' title='bbox 703 455 916 515; x_wconf 86' lang='lat' dir='ltr'>restitit</span> <span class='ocrx_word' id='word_1_20' title='bbox 942 453 1276 531; x_wconf 86' lang='lat' dir='ltr'>pervicaciae</span> <span class='ocrx_word' id='word_1_21' title='bbox 1296 498 1312 527; x_wconf 78' lang='grc'><em>,</em></span> <span class='ocrx_word' id='word_1_22' title='bbox 1345 452 1850 520; x_wconf 81' lang='lat' dir='ltr'>i11obedientiae.et</span> <span class='ocrx_word' id='word_1_23' title='bbox 1875 461 2286 543; x_wconf 84' lang='lat' dir='ltr'>perduellioni.</span> 
     </span>
     <span class='ocr_line' id='line_1_4' title="bbox 342 547 2398 640; baseline 0.003 -29"><span class='ocrx_word' id='word_1_24' title='bbox 342 551 493 611; x_wconf 76' lang='lat'><strong>286.</strong></span> <span class='ocrx_word' id='word_1_25' title='bbox 542 551 631 613; x_wconf 85' lang='lat' dir='ltr'>Ad</span> <span class='ocrx_word' id='word_1_26' title='bbox 675 551 758 610; x_wconf 78' lang='lat'>3¹1²</span> <span class='ocrx_word' id='word_1_27' title='bbox 786 593 802 623; x_wconf 76' lang='grc'><em>,</em></span> <span class='ocrx_word' id='word_1_28' title='bbox 847 551 988 627; x_wconf 69' lang='lat' dir='ltr'>Neq.</span> <span class='ocrx_word' id='word_1_29' title='bbox 1044 547 1291 607; x_wconf 84' lang='lat' dir='ltr'>Ecclesia</span> <span class='ocrx_word' id='word_1_30' title='bbox 1334 549 1623 631; x_wconf 89' lang='lat' dir='ltr'>siquidem</span> <span class='ocrx_word' id='word_1_31' title='bbox 1673 552 1953 616; x_wconf 88' lang='lat' dir='ltr'>catholica</span> <span class='ocrx_word' id='word_1_32' title='bbox 2003 580 2124 617; x_wconf 90' lang='lat' dir='ltr'>non</span> <span class='ocrx_word' id='word_1_33' title='bbox 2172 558 2398 640; x_wconf 80' lang='lat' dir='ltr'>indiget</span> 
     </span>
     <span class='ocr_line' id='line_1_5' title="bbox 277 642 2399 736; baseline 0.003 -28"><span class='ocrx_word' id='word_1_34' title='bbox 277 647 558 727; x_wconf 89' lang='lat' dir='ltr'>ejusmodi</span> <span class='ocrx_word' id='word_1_35' title='bbox 581 643 758 726; x_wconf 90' lang='lat' dir='ltr'>copiis</span> <span class='ocrx_word' id='word_1_36' title='bbox 785 642 1160 702; x_wconf 81' lang='lat' dir='ltr'>auxiliaribus</span> <span class='ocrx_word' id='word_1_37' title='bbox 1186 643 1260 703; x_wconf 91' lang='lat' dir='ltr'>ad</span> <span class='ocrx_word' id='word_1_38' title='bbox 1290 645 1933 709; x_wconf 85' lang='lat' dir='ltr'>inamissibilemsuam</span> <span class='ocrx_word' id='word_1_39' title='bbox 1960 651 2112 713; x_wconf 90' lang='lat' dir='ltr'>banc</span> <span class='ocrx_word' id='word_1_40' title='bbox 2142 656 2399 736; x_wconf 89' lang='lat' dir='ltr'>proprie·</span> 
     </span>
     <span class='ocr_line' id='line_1_6' title="bbox 268 736 2390 810; baseline 0.003 -7"><span class='ocrx_word' id='word_1_41' title='bbox 268 755 450 803; x_wconf 88' lang='lat' dir='ltr'>tatem</span> <span class='ocrx_word' id='word_1_42' title='bbox 487 753 545 802; x_wconf 93' lang='lat' dir='ltr'>et</span> <span class='ocrx_word' id='word_1_43' title='bbox 573 750 776 798; x_wconf 86' lang='lat' dir='ltr'>notam</span> <span class='ocrx_word' id='word_1_44' title='bbox 813 737 1221 799; x_wconf 88' lang='lat' dir='ltr'>catholicitatis</span> <span class='ocrx_word' id='word_1_45' title='bbox 1257 736 1732 802; x_wconf 86' lang='lat' dir='ltr'>constituendam</span> <span class='ocrx_word' id='word_1_46' title='bbox 1767 755 1870 803; x_wconf 91' lang='lat' dir='ltr'>aut</span> <span class='ocrx_word' id='word_1_47' title='bbox 1906 750 2390 810; x_wconf 86' lang='lat' dir='ltr'>conservandam.</span> 
     </span>
     <span class='ocr_line' id='line_1_7' title="bbox 267 833 2396 927; baseline 0.003 -28"><span class='ocrx_word' id='word_1_48' title='bbox 267 842 395 921; x_wconf 88' lang='lat' dir='ltr'>Ipsa</span> <span class='ocrx_word' id='word_1_49' title='bbox 418 859 477 896; x_wconf 90' lang='lat' dir='ltr'>se</span> <span class='ocrx_word' id='word_1_50' title='bbox 494 834 614 895; x_wconf 89' lang='lat' dir='ltr'>sola</span> <span class='ocrx_word' id='word_1_51' title='bbox 636 856 708 895; x_wconf 81' lang='lat' dir='ltr'>ex</span> <span class='ocrx_word' id='word_1_52' title='bbox 731 833 949 893; x_wconf 87' lang='lat' dir='ltr'>Christi</span> <span class='ocrx_word' id='word_1_53' title='bbox 969 834 1340 896; x_wconf 89' lang='lat' dir='ltr'>institutione</span> <span class='ocrx_word' id='word_1_54' title='bbox 1367 838 1530 896; x_wconf 90' lang='lat' dir='ltr'>fortis</span> <span class='ocrx_word' id='word_1_55' title='bbox 1549 850 1658 897; x_wconf 90' lang='lat' dir='ltr'>est.</span> <span class='ocrx_word' id='word_1_56' title='bbox 1690 840 1923 919; x_wconf 83' lang='lat' dir='ltr'>Ignorat</span> <span class='ocrx_word' id='word_1_57' title='bbox 1948 842 2222 922; x_wconf 77' lang='lat' dir='ltr'>proinde,</span> <span class='ocrx_word' id='word_1_58' title='bbox 2252 846 2396 927; x_wconf 91' lang='lat' dir='ltr'>quid</span> 
     </span>
     <span class='ocr_line' id='line_1_8' title="bbox 263 931 2395 1012; baseline 0.004 -20"><span class='ocrx_word' id='word_1_59' title='bbox 263 936 381 993; x_wconf 87' lang='lat' dir='ltr'>sint</span> <span class='ocrx_word' id='word_1_60' title='bbox 420 931 665 991; x_wconf 87' lang='lat' dir='ltr'>Ecclesia</span> <span class='ocrx_word' id='word_1_61' title='bbox 702 951 920 1011; x_wconf 64' lang='lat' dir='ltr'>graeca,</span> <span class='ocrx_word' id='word_1_62' title='bbox 957 931 1173 990; x_wconf 87' lang='lat' dir='ltr'>russica</span> <span class='ocrx_word' id='word_1_63' title='bbox 1203 942 1307 991; x_wconf 87' lang='lat' dir='ltr'>aut</span> <span class='ocrx_word' id='word_1_64' title='bbox 1345 933 1684 1012; x_wconf 77' lang='lat' dir='ltr'>anglicana3</span> <span class='ocrx_word' id='word_1_65' title='bbox 1724 935 1866 1010; x_wconf 71' lang='lat' dir='ltr'>scit,</span> <span class='ocrx_word' id='word_1_66' title='bbox 1904 958 1965 996; x_wconf 91' lang='lat' dir='ltr'>se</span> <span class='ocrx_word' id='word_1_67' title='bbox 2001 938 2235 998; x_wconf 89' lang='lat' dir='ltr'>unicam</span> <span class='ocrx_word' id='word_1_68' title='bbox 2271 961 2395 1002; x_wconf 90' lang='lat' dir='ltr'>esse</span> 
     </span>
     <span class='ocr_line' id='line_1_9' title="bbox 264 1026 2394 1110; baseline 0.003 -21"><span class='ocrx_word' id='word_1_69' title='bbox 264 1050 463 1089; x_wconf 90' lang='lat' dir='ltr'>veram</span> <span class='ocrx_word' id='word_1_70' title='bbox 507 1026 852 1102; x_wconf 70' lang='lat' dir='ltr'>Ecclesiam,</span> <span class='ocrx_word' id='word_1_71' title='bbox 893 1047 1002 1085; x_wconf 91' lang='lat' dir='ltr'>nec</span> <span class='ocrx_word' id='word_1_72' title='bbox 1035 1026 1233 1108; x_wconf 90' lang='lat' dir='ltr'>plures</span> <span class='ocrx_word' id='word_1_73' title='bbox 1274 1027 1399 1086; x_wconf 90' lang='lat' dir='ltr'>dari</span> <span class='ocrx_word' id='word_1_74' title='bbox 1436 1051 1638 1110; x_wconf 83' lang='lat' dir='ltr'>posse,</span> <span class='ocrx_word' id='word_1_75' title='bbox 1678 1052 1812 1089; x_wconf 90' lang='lat' dir='ltr'>cum</span> <span class='ocrx_word' id='word_1_76' title='bbox 1854 1031 2119 1092; x_wconf 90' lang='lat' dir='ltr'>Christus</span> <span class='ocrx_word' id='word_1_77' title='bbox 2159 1035 2394 1096; x_wconf 90' lang='lat' dir='ltr'>unicam</span> 
     </span>
     <span class='ocr_line' id='line_1_10' title="bbox 261 1122 2397 1207; baseline 0.003 -23"><span class='ocrx_word' id='word_1_78' title='bbox 261 1124 609 1197; x_wconf 77' lang='lat' dir='ltr'>instituerit3</span> <span class='ocrx_word' id='word_1_79' title='bbox 635 1122 765 1182; x_wconf 90' lang='lat' dir='ltr'>illas</span> <span class='ocrx_word' id='word_1_80' title='bbox 797 1122 1072 1204; x_wconf 71' lang='lat' dir='ltr'>proinde,</span> <span class='ocrx_word' id='word_1_81' title='bbox 1094 1142 1221 1204; x_wconf 82' lang='lat' dir='ltr'>quae</span> <span class='ocrx_word' id='word_1_82' title='bbox 1243 1145 1304 1182; x_wconf 89' lang='lat' dir='ltr'>se</span> <span class='ocrx_word' id='word_1_83' title='bbox 1333 1123 1609 1183; x_wconf 86' lang='lat' dir='ltr'>Ecclesias</span> <span class='ocrx_word' id='word_1_84' title='bbox 1630 1130 1858 1203; x_wconf 89' lang='lat' dir='ltr'>jactant</span> <span class='ocrx_word' id='word_1_85' title='bbox 1878 1172 1895 1202; x_wconf 73' lang='grc'><em>,</em></span> <span class='ocrx_word' id='word_1_86' title='bbox 1925 1128 2110 1207; x_wconf 89' lang='lat' dir='ltr'>rejicit</span> <span class='ocrx_word' id='word_1_87' title='bbox 2131 1141 2194 1189; x_wconf 90' lang='lat' dir='ltr'>ut</span> <span class='ocrx_word' id='word_1_88' title='bbox 2223 1131 2397 1191; x_wconf 83' lang='lat' dir='ltr'>schis-</span> 
     </span>
     <span class='ocr_line' id='line_1_11' title="bbox 259 1218 2397 1301; baseline 0.004 -21"><span class='ocrx_word' id='word_1_89' title='bbox 259 1223 500 1280; x_wconf 87' lang='lat' dir='ltr'>maticas</span> <span class='ocrx_word' id='word_1_90' title='bbox 545 1231 722 1301; x_wconf 85' lang='lat' dir='ltr'>atque</span> <span class='ocrx_word' id='word_1_91' title='bbox 761 1218 1081 1295; x_wconf 80' lang='lat' dir='ltr'>haereticaS,</span> <span class='ocrx_word' id='word_1_92' title='bbox 1122 1219 1448 1301; x_wconf 86' lang='lat' dir='ltr'>eodemque</span> <span class='ocrx_word' id='word_1_93' title='bbox 1495 1220 1557 1279; x_wconf 90' lang='lat' dir='ltr'>in</span> <span class='ocrx_word' id='word_1_94' title='bbox 1602 1242 1777 1281; x_wconf 91' lang='lat' dir='ltr'>censu</span> <span class='ocrx_word' id='word_1_95' title='bbox 1814 1222 2029 1298; x_wconf 86' lang='lat' dir='ltr'>habet,</span> <span class='ocrx_word' id='word_1_96' title='bbox 2078 1247 2143 1285; x_wconf 90' lang='lat' dir='ltr'>ac</span> <span class='ocrx_word' id='word_1_97' title='bbox 2189 1226 2397 1288; x_wconf 89' lang='lat' dir='ltr'>habuit</span> 
     </span>
     <span class='ocr_line' id='line_1_12' title="bbox 257 1314 2395 1399; baseline 0.003 -23"><span class='ocrx_word' id='word_1_98' title='bbox 257 1318 501 1378; x_wconf 87' lang='lat' dir='ltr'>Arianos</span> <span class='ocrx_word' id='word_1_99' title='bbox 522 1362 538 1391; x_wconf 62' lang='lat' dir='ltr'>a</span> <span class='ocrx_word' id='word_1_100' title='bbox 574 1314 1021 1374; x_wconf 86' lang='lat' dir='ltr'>Macedonianos</span> <span class='ocrx_word' id='word_1_101' title='bbox 1043 1358 1059 1388; x_wconf 78' lang='grc'><em>,</em></span> <span class='ocrx_word' id='word_1_102' title='bbox 1106 1335 1267 1374; x_wconf 89' lang='lat' dir='ltr'>nunc</span> <span class='ocrx_word' id='word_1_103' title='bbox 1313 1335 1449 1376; x_wconf 88' lang='lat' dir='ltr'>vero</span> <span class='ocrx_word' id='word_1_104' title='bbox 1487 1318 1769 1399; x_wconf 89' lang='lat' dir='ltr'>temporis</span> <span class='ocrx_word' id='word_1_105' title='bbox 1804 1320 2168 1381; x_wconf 87' lang='lat' dir='ltr'>Lutheranos</span> <span class='ocrx_word' id='word_1_106' title='bbox 2194 1368 2210 1398; x_wconf 76' lang='lat'>,</span> <span class='ocrx_word' id='word_1_107' title='bbox 2258 1323 2395 1383; x_wconf 88' lang='lat' dir='ltr'>Cal·-</span> 
     </span>
     <span class='ocr_line' id='line_1_13' title="bbox 259 1409 2393 1504; baseline 0.003 -31"><span class='ocrx_word' id='word_1_108' title='bbox 259 1414 534 1488; x_wconf 82' lang='lat' dir='ltr'>vinistaS,</span> <span class='ocrx_word' id='word_1_109' title='bbox 576 1409 1041 1491; x_wconf 85' lang='lat' dir='ltr'>dissidentesque</span> <span class='ocrx_word' id='word_1_110' title='bbox 1077 1410 1335 1504; x_wconf 78' lang='lat' dir='ltr'>reliquos</span> <span class='ocrx_word' id='word_1_111' title='bbox 1354 1455 1369 1485; x_wconf 64' lang='lat' dir='ltr'><strong>a</strong></span> <span class='ocrx_word' id='word_1_112' title='bbox 1399 1432 1545 1492; x_wconf 89' lang='lat' dir='ltr'>quos</span> <span class='ocrx_word' id='word_1_113' title='bbox 1570 1413 1842 1490; x_wconf 89' lang='lat' dir='ltr'>rejiciunt</span> <span class='ocrx_word' id='word_1_114' title='bbox 1867 1427 1925 1474; x_wconf 91' lang='lat' dir='ltr'>et</span> <span class='ocrx_word' id='word_1_115' title='bbox 1953 1417 2091 1498; x_wconf 86' lang='lat' dir='ltr'>ipsae</span> <span class='ocrx_word' id='word_1_116' title='bbox 2124 1439 2393 1479; x_wconf 86' lang='lat' dir='ltr'>commu-</span> 
     </span>
     <span class='ocr_line' id='line_1_14' title="bbox 257 1505 2388 1589; baseline 0.003 -21"><span class='ocrx_word' id='word_1_117' title='bbox 257 1511 464 1568; x_wconf 90' lang='lat' dir='ltr'>niones</span> <span class='ocrx_word' id='word_1_118' title='bbox 488 1527 666 1587; x_wconf 79' lang='lat' dir='ltr'>graeca</span> <span class='ocrx_word' id='word_1_119' title='bbox 685 1549 702 1575; x_wconf 78' lang='lat'>,</span> <span class='ocrx_word' id='word_1_120' title='bbox 736 1505 949 1564; x_wconf 87' lang='lat' dir='ltr'>russica</span> <span class='ocrx_word' id='word_1_121' title='bbox 977 1516 1037 1564; x_wconf 91' lang='lat' dir='ltr'>et</span> <span class='ocrx_word' id='word_1_122' title='bbox 1059 1505 1360 1584; x_wconf 84' lang='lat' dir='ltr'>anglicana</span> <span class='ocrx_word' id='word_1_123' title='bbox 1395 1505 1556 1566; x_wconf 89' lang='lat' dir='ltr'>velut</span> <span class='ocrx_word' id='word_1_124' title='bbox 1575 1506 1890 1569; x_wconf 61' lang='lat' dir='ltr'>haereticos,</span> <span class='ocrx_word' id='word_1_125' title='bbox 1921 1513 2134 1572; x_wconf 88' lang='lat' dir='ltr'>Parum</span> <span class='ocrx_word' id='word_1_126' title='bbox 2156 1526 2352 1575; x_wconf 90' lang='lat' dir='ltr'>autem</span> <span class='ocrx_word' id='word_1_127' title='bbox 2371 1561 2388 1589; x_wconf 82' lang='lat'><strong>‚</strong></span> 
     </span>
     <span class='ocr_line' id='line_1_15' title="bbox 254 1601 2392 1685; baseline 0.003 -21"><span class='ocrx_word' id='word_1_128' title='bbox 254 1606 375 1664; x_wconf 91' lang='lat' dir='ltr'>imo</span> <span class='ocrx_word' id='word_1_129' title='bbox 403 1603 551 1662; x_wconf 90' lang='lat' dir='ltr'>nihil</span> <span class='ocrx_word' id='word_1_130' title='bbox 577 1603 758 1662; x_wconf 89' lang='lat' dir='ltr'>refert</span> <span class='ocrx_word' id='word_1_131' title='bbox 782 1646 799 1677; x_wconf 79' lang='lat'>,</span> <span class='ocrx_word' id='word_1_132' title='bbox 825 1602 986 1683; x_wconf 92' lang='lat' dir='ltr'>quod</span> <span class='ocrx_word' id='word_1_133' title='bbox 1015 1601 1308 1679; x_wconf 89' lang='lat' dir='ltr'>ejusmodi</span> <span class='ocrx_word' id='word_1_134' title='bbox 1332 1612 1499 1661; x_wconf 85' lang='lat' dir='ltr'>sectae</span> <span class='ocrx_word' id='word_1_135' title='bbox 1522 1624 1650 1663; x_wconf 90' lang='lat' dir='ltr'>sese</span> <span class='ocrx_word' id='word_1_136' title='bbox 1673 1604 1982 1666; x_wconf 91' lang='lat' dir='ltr'>catholicas</span> <span class='ocrx_word' id='word_1_137' title='bbox 2009 1621 2222 1669; x_wconf 88' lang='lat' dir='ltr'>vocent</span> <span class='ocrx_word' id='word_1_138' title='bbox 2240 1655 2256 1685; x_wconf 73' lang='grc'><em>,</em></span> <span class='ocrx_word' id='word_1_139' title='bbox 2295 1611 2392 1669; x_wconf 89' lang='lat' dir='ltr'>in-</span> 
     </span>
     <span class='ocr_line' id='line_1_16' title="bbox 253 1697 2388 1784; baseline 0.002 -24"><span class='ocrx_word' id='word_1_140' title='bbox 253 1701 491 1761; x_wconf 87' lang='lat' dir='ltr'>terdum</span> <span class='ocrx_word' id='word_1_141' title='bbox 523 1699 704 1759; x_wconf 88' lang='lat' dir='ltr'>etiam</span> <span class='ocrx_word' id='word_1_142' title='bbox 733 1718 1005 1756; x_wconf 87' lang='lat' dir='ltr'>romanas</span> <span class='ocrx_word' id='word_1_143' title='bbox 1039 1697 1165 1777; x_wconf 87' lang='lat' dir='ltr'>(l);</span> <span class='ocrx_word' id='word_1_144' title='bbox 1197 1718 1338 1756; x_wconf 89' lang='lat' dir='ltr'>nam</span> <span class='ocrx_word' id='word_1_145' title='bbox 1375 1700 1769 1781; x_wconf 88' lang='lat' dir='ltr'>usurpationis</span> <span class='ocrx_word' id='word_1_146' title='bbox 1796 1701 1958 1762; x_wconf 89' lang='lat' dir='ltr'>facile</span> <span class='ocrx_word' id='word_1_147' title='bbox 1980 1718 2306 1784; x_wconf 80' lang='lat' dir='ltr'>arguuntur</span> <span class='ocrx_word' id='word_1_148' title='bbox 2326 1708 2388 1765; x_wconf 84' lang='lat' dir='ltr'>in</span> 
     </span>
     <span class='ocr_line' id='line_1_17' title="bbox 258 1793 2388 1884; baseline 0.003 -30"><span class='ocrx_word' id='word_1_149' title='bbox 258 1795 367 1854; x_wconf 85' lang='lat' dir='ltr'>hac</span> <span class='ocrx_word' id='word_1_150' title='bbox 398 1793 879 1853; x_wconf 83' lang='lat' dir='ltr'>denominatione</span> <span class='ocrx_word' id='word_1_151' title='bbox 898 1836 914 1867; x_wconf 83' lang='lat'>.,</span> <span class='ocrx_word' id='word_1_152' title='bbox 951 1801 1130 1873; x_wconf 90' lang='lat' dir='ltr'>prout</span> <span class='ocrx_word' id='word_1_153' title='bbox 1169 1793 1367 1853; x_wconf 89' lang='lat' dir='ltr'>Patres</span> <span class='ocrx_word' id='word_1_154' title='bbox 1393 1793 1719 1874; x_wconf 86' lang='lat' dir='ltr'>arguebant</span> <span class='ocrx_word' id='word_1_155' title='bbox 1750 1807 1975 1858; x_wconf 86' lang='lat' dir='ltr'>veteres</span> <span class='ocrx_word' id='word_1_156' title='bbox 2005 1810 2185 1860; x_wconf 90' lang='lat' dir='ltr'>sectas</span> <span class='ocrx_word' id='word_1_157' title='bbox 2210 1845 2227 1878; x_wconf 89' lang='lat'>‚</span> <span class='ocrx_word' id='word_1_158' title='bbox 2259 1824 2388 1884; x_wconf 82' lang='lat' dir='ltr'>quae</span> 
     </span>
     <span class='ocr_line' id='line_1_18' title="bbox 252 1885 2386 1973; baseline 0.003 -23"><span class='ocrx_word' id='word_1_159' title='bbox 252 1889 522 1950; x_wconf 88' lang='lat' dir='ltr'>eamdem</span> <span class='ocrx_word' id='word_1_160' title='bbox 547 1885 656 1948; x_wconf 69' lang='lat' dir='ltr'>sisst</span> <span class='ocrx_word' id='word_1_161' title='bbox 681 1887 1229 1948; x_wconf 88' lang='lat' dir='ltr'>denominationem</span> <span class='ocrx_word' id='word_1_162' title='bbox 1252 1909 1359 1971; x_wconf 86' lang='lat' dir='ltr'>per</span> <span class='ocrx_word' id='word_1_163' title='bbox 1381 1911 1677 1951; x_wconf 89' lang='lat' dir='ltr'>summam</span> <span class='ocrx_word' id='word_1_164' title='bbox 1698 1892 2130 1973; x_wconf 89' lang='lat' dir='ltr'>impudentiam</span> <span class='ocrx_word' id='word_1_165' title='bbox 2156 1895 2386 1956; x_wconf 90' lang='lat' dir='ltr'>tribue-</span> 
     </span>
     <span class='ocr_line' id='line_1_19' title="bbox 252 1983 2220 2066; baseline 0.003 -21"><span class='ocrx_word' id='word_1_166' title='bbox 252 1986 400 2046; x_wconf 85' lang='lat' dir='ltr'>bant</span> <span class='ocrx_word' id='word_1_167' title='bbox 432 1987 544 2066; x_wconf 81' lang='lat'><strong>(2).</strong></span> <span class='ocrx_word' id='word_1_168' title='bbox 577 1988 696 2046; x_wconf 89' lang='lat' dir='ltr'>Nec</span> <span class='ocrx_word' id='word_1_169' title='bbox 720 1984 880 2044; x_wconf 88' lang='lat' dir='ltr'>enim</span> <span class='ocrx_word' id='word_1_170' title='bbox 917 1983 991 2043; x_wconf 90' lang='lat' dir='ltr'>de</span> <span class='ocrx_word' id='word_1_171' title='bbox 1026 1984 1268 2045; x_wconf 89' lang='lat' dir='ltr'>nomine</span> <span class='ocrx_word' id='word_1_172' title='bbox 1288 2030 1304 2061; x_wconf 76' lang='grc'><em>,</em></span> <span class='ocrx_word' id='word_1_173' title='bbox 1347 1984 1452 2045; x_wconf 91' lang='lat' dir='ltr'>sed</span> <span class='ocrx_word' id='word_1_174' title='bbox 1478 1985 1551 2047; x_wconf 92' lang='lat' dir='ltr'>de</span> <span class='ocrx_word' id='word_1_175' title='bbox 1586 2008 1650 2048; x_wconf 87' lang='lat' dir='ltr'>re</span> <span class='ocrx_word' id='word_1_176' title='bbox 1682 1991 2078 2052; x_wconf 87' lang='lat' dir='ltr'>controversia</span> <span class='ocrx_word' id='word_1_177' title='bbox 2114 2001 2220 2051; x_wconf 89' lang='lat' dir='ltr'>est.</span> 
     </span>
    </p>
   </div>
   <div class='ocr_carea' id='block_1_2' title="bbox 241 2166 1274 3478">
    <p class='ocr_par' dir='ltr' id='par_1_2' title="bbox 241 2166 1274 3478">
     <span class='ocr_line' id='line_1_20' title="bbox 308 2166 1273 2236; baseline 0.001 -22"><span class='ocrx_word' id='word_1_178' title='bbox 308 2167 387 2232; x_wconf 90' lang='lat' dir='ltr'>.(l)</span> <span class='ocrx_word' id='word_1_179' title='bbox 417 2166 546 2217; x_wconf 81' lang='lat' dir='ltr'>Sane</span> <span class='ocrx_word' id='word_1_180' title='bbox 558 2170 767 2230; x_wconf 84' lang='lat' dir='ltr'>societas,</span> <span class='ocrx_word' id='word_1_181' title='bbox 780 2184 887 2234; x_wconf 88' lang='lat' dir='ltr'>quae</span> <span class='ocrx_word' id='word_1_182' title='bbox 900 2184 945 2216; x_wconf 90' lang='lat' dir='ltr'>se</span> <span class='ocrx_word' id='word_1_183' title='bbox 958 2176 1092 2236; x_wconf 79' lang='lat' dir='ltr'>vocat</span> <span class='ocrx_word' id='word_1_184' title='bbox 1105 2183 1273 2232; x_wconf 83' lang='lat' dir='ltr'>graeco-</span> 
     </span>
     <span class='ocr_line' id='line_1_21' title="bbox 252 2249 1274 2317; baseline 0 -19"><span class='ocrx_word' id='word_1_185' title='bbox 252 2268 457 2312; x_wconf 85' lang='lat' dir='ltr'>russam,</span> <span class='ocrx_word' id='word_1_186' title='bbox 502 2268 775 2317; x_wconf 84' lang='lat' dir='ltr'>quanquam</span> <span class='ocrx_word' id='word_1_187' title='bbox 809 2250 930 2298; x_wconf 88' lang='lat' dir='ltr'>nihil</span> <span class='ocrx_word' id='word_1_188' title='bbox 951 2249 1131 2299; x_wconf 89' lang='lat' dir='ltr'>-habeat</span> <span class='ocrx_word' id='word_1_189' title='bbox 1164 2267 1274 2299; x_wconf 91' lang='lat' dir='ltr'>cum</span> 
     </span>
     <span class='ocr_line' id='line_1_22' title="bbox 251 2333 1272 2399; baseline 0.001 -18"><span class='ocrx_word' id='word_1_190' title='bbox 251 2333 417 2381; x_wconf 83' lang='lat' dir='ltr'>Graecis</span> <span class='ocrx_word' id='word_1_191' title='bbox 440 2351 689 2382; x_wconf 90' lang='lat' dir='ltr'>commune</span> <span class='ocrx_word' id='word_1_192' title='bbox 714 2344 876 2399; x_wconf 85' lang='lat' dir='ltr'>praeter</span> <span class='ocrx_word' id='word_1_193' title='bbox 910 2333 1108 2381; x_wconf 85' lang='lat' dir='ltr'>schisma</span> <span class='ocrx_word' id='word_1_194' title='bbox 1130 2343 1175 2382; x_wconf 86' lang='lat' dir='ltr'>et</span> <span class='ocrx_word' id='word_1_195' title='bbox 1197 2351 1272 2382; x_wconf 91' lang='lat' dir='ltr'>er-</span> 
     </span>
     <span class='ocr_line' id='line_1_23' title="bbox 248 2416 1273 2483; baseline 0.001 -18"><span class='ocrx_word' id='word_1_196' title='bbox 248 2435 403 2479; x_wconf 84' lang='lat' dir='ltr'>rores,</span> <span class='ocrx_word' id='word_1_197' title='bbox 439 2436 535 2466; x_wconf 89' lang='lat' dir='ltr'>non</span> <span class='ocrx_word' id='word_1_198' title='bbox 560 2418 711 2466; x_wconf 83' lang='lat' dir='ltr'>solnm</span> <span class='ocrx_word' id='word_1_199' title='bbox 736 2419 883 2483; x_wconf 90' lang='lat' dir='ltr'>plenis</span> <span class='ocrx_word' id='word_1_200' title='bbox 910 2416 1073 2466; x_wconf 90' lang='lat' dir='ltr'>buccis</span> <span class='ocrx_word' id='word_1_201' title='bbox 1103 2435 1162 2466; x_wconf 85' lang='lat' dir='ltr'>se</span> <span class='ocrx_word' id='word_1_202' title='bbox 1189 2436 1273 2483; x_wconf 88' lang='lat' dir='ltr'>ap-</span> 
     </span>
     <span class='ocr_line' id='line_1_24' title="bbox 249 2498 1271 2566; baseline 0.002 -18"><span class='ocrx_word' id='word_1_203' title='bbox 249 2501 389 2566; x_wconf 87' lang='lat' dir='ltr'>pellat</span> <span class='ocrx_word' id='word_1_204' title='bbox 428 2500 739 2549; x_wconf 68' lang='lat' dir='ltr'>orthodoxam</span> <span class='ocrx_word' id='word_1_205' title='bbox 760 2538 773 2560; x_wconf 91' lang='lat'>,</span> <span class='ocrx_word' id='word_1_206' title='bbox 822 2498 1149 2548; x_wconf 76' lang='lat' dir='ltr'>universalem</span> <span class='ocrx_word' id='word_1_207' title='bbox 1188 2518 1271 2550; x_wconf 89' lang='lat' dir='ltr'>seu</span> 
     </span>
     <span class='ocr_line' id='line_1_25' title="bbox 245 2581 1271 2647; baseline -0.001 -17"><span class='ocrx_word' id='word_1_208' title='bbox 245 2581 529 2630; x_wconf 78' lang='lat' dir='ltr'>catholicam</span> <span class='ocrx_word' id='word_1_209' title='bbox 552 2618 566 2639; x_wconf 89' lang='lat'>,</span> <span class='ocrx_word' id='word_1_210' title='bbox 593 2584 675 2631; x_wconf 91' lang='lat' dir='ltr'>sed</span> <span class='ocrx_word' id='word_1_211' title='bbox 707 2582 794 2631; x_wconf 87' lang='lat' dir='ltr'>sub</span> <span class='ocrx_word' id='word_1_212' title='bbox 817 2583 960 2631; x_wconf 81' lang='lat' dir='ltr'>finem</span> <span class='ocrx_word' id='word_1_213' title='bbox 994 2585 1106 2631; x_wconf 89' lang='lat' dir='ltr'>anni</span> <span class='ocrx_word' id='word_1_214' title='bbox 1128 2582 1271 2647; x_wconf 88' lang='lat' dir='ltr'>elapsi</span> 
     </span>
     <span class='ocr_line' id='line_1_26' title="bbox 246 2663 1263 2734; baseline -0.003 -18"><span class='ocrx_word' id='word_1_215' title='bbox 246 2670 382 2734; x_wconf 85' lang='lat' dir='ltr'>coepit</span> <span class='ocrx_word' id='word_1_216' title='bbox 426 2683 473 2715; x_wconf 89' lang='lat' dir='ltr'>se</span> <span class='ocrx_word' id='word_1_217' title='bbox 511 2667 739 2732; x_wconf 85' lang='lat' dir='ltr'>appellare</span> <span class='ocrx_word' id='word_1_218' title='bbox 785 2663 933 2716; x_wconf 62' lang='lat' dir='ltr'>etiam⁴</span> <span class='ocrx_word' id='word_1_219' title='bbox 966 2683 1225 2715; x_wconf 81' lang='lat' dir='ltr'>romanam</span> <span class='ocrx_word' id='word_1_220' title='bbox 1247 2705 1263 2728; x_wconf 89' lang='lat'>‚</span> 
     </span>
     <span class='ocr_line' id='line_1_27' title="bbox 245 2749 1266 2812; baseline -0.003 -13"><span class='ocrx_word' id='word_1_221' title='bbox 245 2760 299 2799; x_wconf 87' lang='lat' dir='ltr'>ut</span> <span class='ocrx_word' id='word_1_222' title='bbox 325 2749 507 2799; x_wconf 81' lang='lat' dir='ltr'>facilius</span> <span class='ocrx_word' id='word_1_223' title='bbox 537 2749 703 2798; x_wconf 86' lang='lat' dir='ltr'>illudat</span> <span class='ocrx_word' id='word_1_224' title='bbox 720 2749 915 2797; x_wconf 87' lang='lat' dir='ltr'>rudibus</span> <span class='ocrx_word' id='word_1_225' title='bbox 941 2758 985 2797; x_wconf 85' lang='lat' dir='ltr'>et</span> <span class='ocrx_word' id='word_1_226' title='bbox 1009 2749 1234 2812; x_wconf 85' lang='lat' dir='ltr'>imperitis</span> <span class='ocrx_word' id='word_1_227' title='bbox 1250 2785 1266 2809; x_wconf 93' lang='lat'>‚</span> 
     </span>
     <span class='ocr_line' id='line_1_28' title="bbox 247 2830 1267 2898; baseline -0.003 -18"><span class='ocrx_word' id='word_1_228' title='bbox 247 2833 443 2898; x_wconf 90' lang='lat' dir='ltr'>illosque</span> <span class='ocrx_word' id='word_1_229' title='bbox 464 2834 529 2881; x_wconf 91' lang='lat' dir='ltr'>sic</span> <span class='ocrx_word' id='word_1_230' title='bbox 555 2832 615 2880; x_wconf 89' lang='lat' dir='ltr'>ad</span> <span class='ocrx_word' id='word_1_231' title='bbox 645 2833 887 2897; x_wconf 89' lang='lat' dir='ltr'>antiquam</span> <span class='ocrx_word' id='word_1_232' title='bbox 926 2839 972 2879; x_wconf 86' lang='lat' dir='ltr'>et</span> <span class='ocrx_word' id='word_1_233' title='bbox 1002 2833 1175 2878; x_wconf 79' lang='lat' dir='ltr'>avitam</span> <span class='ocrx_word' id='word_1_234' title='bbox 1208 2830 1267 2877; x_wconf 86' lang='lat' dir='ltr'>fi-</span> 
     </span>
     <span class='ocr_line' id='line_1_29' title="bbox 249 2913 1267 2981; baseline 0 -19"><span class='ocrx_word' id='word_1_235' title='bbox 249 2915 355 2963; x_wconf 89' lang='lat' dir='ltr'>dem</span> <span class='ocrx_word' id='word_1_236' title='bbox 384 2926 430 2964; x_wconf 89' lang='lat' dir='ltr'>et</span> <span class='ocrx_word' id='word_1_237' title='bbox 462 2915 716 2965; x_wconf 88' lang='lat' dir='ltr'>Ecclesiam</span> <span class='ocrx_word' id='word_1_238' title='bbox 739 2913 1096 2981; x_wconf 84' lang='lat' dir='ltr'>relinquendam</span> <span class='ocrx_word' id='word_1_239' title='bbox 1126 2923 1267 2979; x_wconf 86' lang='lat' dir='ltr'>atque</span> 
     </span>
     <span class='ocr_line' id='line_1_30' title="bbox 249 2995 1265 3064; baseline 0 -19"><span class='ocrx_word' id='word_1_240' title='bbox 249 2999 310 3046; x_wconf 90' lang='lat' dir='ltr'>ad</span> <span class='ocrx_word' id='word_1_241' title='bbox 350 3001 722 3064; x_wconf 85' lang='lat' dir='ltr'>amplectendum</span> <span class='ocrx_word' id='word_1_242' title='bbox 789 2998 986 3047; x_wconf 84' lang='lat' dir='ltr'>schisma</span> <span class='ocrx_word' id='word_1_243' title='bbox 1049 2995 1265 3046; x_wconf 87' lang='lat' dir='ltr'>adducat.</span> 
     </span>
     <span class='ocr_line' id='line_1_31' title="bbox 248 3079 1265 3145; baseline 0 -18"><span class='ocrx_word' id='word_1_244' title='bbox 248 3079 447 3129; x_wconf 82' lang='lat' dir='ltr'>Adnotat</span> <span class='ocrx_word' id='word_1_245' title='bbox 492 3085 616 3131; x_wconf 90' lang='lat' dir='ltr'>enim</span> <span class='ocrx_word' id='word_1_246' title='bbox 660 3091 820 3131; x_wconf 83' lang='lat' dir='ltr'>auctor</span> <span class='ocrx_word' id='word_1_247' title='bbox 853 3079 1162 3145; x_wconf 89' lang='lat' dir='ltr'>supplementi</span> <span class='ocrx_word' id='word_1_248' title='bbox 1205 3079 1265 3128; x_wconf 89' lang='lat' dir='ltr'>ad</span> 
     </span>
     <span class='ocr_line' id='line_1_32' title="bbox 247 3162 1264 3230; baseline -0.001 -19"><span class='ocrx_word' id='word_1_249' title='bbox 247 3163 591 3227; x_wconf 87' lang='lat' dir='ltr'>ephemeridem</span> <span class='ocrx_word' id='word_1_250' title='bbox 633 3174 937 3230; x_wconf 86' lang='lat' dir='ltr'>augustanam</span> <span class='ocrx_word' id='word_1_251' title='bbox 989 3177 1044 3227; x_wconf 88' lang='lat'>17</span> <span class='ocrx_word' id='word_1_252' title='bbox 1079 3162 1264 3210; x_wconf 90' lang='lat' dir='ltr'>decem-</span> 
     </span>
     <span class='ocr_line' id='line_1_33' title="bbox 243 3243 1266 3313; baseline 0.001 -21"><span class='ocrx_word' id='word_1_253' title='bbox 243 3244 341 3293; x_wconf 86' lang='lat' dir='ltr'>bris</span> <span class='ocrx_word' id='word_1_254' title='bbox 399 3243 559 3313; x_wconf 87' lang='lat'>1839,</span> <span class='ocrx_word' id='word_1_255' title='bbox 600 3265 651 3296; x_wconf 89' lang='lat' dir='ltr'>n.</span> <span class='ocrx_word' id='word_1_256' title='bbox 705 3245 796 3295; x_wconf 82' lang='lat'>351</span> <span class='ocrx_word' id='word_1_257' title='bbox 828 3283 842 3308; x_wconf 90' lang='lat'><strong>,</strong></span> <span class='ocrx_word' id='word_1_258' title='bbox 885 3247 935 3293; x_wconf 91' lang='lat' dir='ltr'>in</span> <span class='ocrx_word' id='word_1_259' title='bbox 971 3244 1266 3309; x_wconf 85' lang='lat' dir='ltr'>ephemeride</span> 
     </span>
     <span class='ocr_line' id='line_1_34' title="bbox 241 3318 1268 3394; baseline -0.001 -18"><span class='ocrx_word' id='word_1_260' title='bbox 241 3327 589 3392; x_wconf 82' lang='lat' dir='ltr'>Petropolitana</span> <span class='ocrx_word' id='word_1_261' title='bbox 609 3366 622 3389; x_wconf 91' lang='lat'>‚</span> <span class='ocrx_word' id='word_1_262' title='bbox 649 3347 749 3394; x_wconf 84' lang='lat' dir='ltr'>quae</span> <span class='ocrx_word' id='word_1_263' title='bbox 770 3318 902 3394; x_wconf 76' lang='lat' dir='ltr'>Apis</span> <span class='ocrx_word' id='word_1_264' title='bbox 922 3327 1268 3392; x_wconf 78' lang='lat' dir='ltr'>septentriona-</span> 
     </span>
     <span class='ocr_line' id='line_1_35' title="bbox 243 3409 1265 3478; baseline -0.002 -21"><span class='ocrx_word' id='word_1_265' title='bbox 243 3409 306 3458; x_wconf 72' lang='lat' dir='ltr'>lis</span> <span class='ocrx_word' id='word_1_266' title='bbox 325 3420 623 3475; x_wconf 86' lang='lat' dir='ltr'>nuncupatur</span> <span class='ocrx_word' id='word_1_267' title='bbox 642 3445 657 3471; x_wconf 90' lang='lat'><strong>,</strong></span> <span class='ocrx_word' id='word_1_268' title='bbox 681 3429 874 3478; x_wconf 86' lang='lat' dir='ltr'>quaeque</span> <span class='ocrx_word' id='word_1_269' title='bbox 887 3450 904 3472; x_wconf 93' lang='lat'><strong><em>,</em></strong></span> <span class='ocrx_word' id='word_1_270' title='bbox 931 3419 983 3458; x_wconf 85' lang='lat' dir='ltr'>ut</span> <span class='ocrx_word' id='word_1_271' title='bbox 1011 3410 1141 3457; x_wconf 87' lang='lat' dir='ltr'>aiunt</span> <span class='ocrx_word' id='word_1_272' title='bbox 1156 3447 1175 3470; x_wconf 88' lang='lat'><em>,</em></span> <span class='ocrx_word' id='word_1_273' title='bbox 1192 3410 1265 3473; x_wconf 84' lang='lat' dir='ltr'>of-</span> 
     </span>
    </p>
   </div>
   <div class='ocr_carea' id='block_1_3' title="bbox 1351 2170 2386 3228">
    <p class='ocr_par' dir='ltr' id='par_1_3' title="bbox 1351 2170 2386 3228">
     <span class='ocr_line' id='line_1_36' title="bbox 1363 2170 2386 2238; baseline 0.003 -19"><span class='ocrx_word' id='word_1_274' title='bbox 1363 2171 1583 2221; x_wconf 89' lang='lat' dir='ltr'>omnibus</span> <span class='ocrx_word' id='word_1_275' title='bbox 1610 2174 1829 2221; x_wconf 88' lang='lat' dir='ltr'>conviciis</span> <span class='ocrx_word' id='word_1_276' title='bbox 1847 2208 1861 2232; x_wconf 91' lang='lat'>‚</span> <span class='ocrx_word' id='word_1_277' title='bbox 1890 2170 2061 2238; x_wconf 84' lang='lat' dir='ltr'>quibus</span> <span class='ocrx_word' id='word_1_278' title='bbox 2086 2171 2148 2220; x_wconf 91' lang='lat' dir='ltr'>ad</span> <span class='ocrx_word' id='word_1_279' title='bbox 2181 2172 2284 2222; x_wconf 83' lang='lat' dir='ltr'>haec</span> <span class='ocrx_word' id='word_1_280' title='bbox 2307 2191 2386 2222; x_wconf 88' lang='lat' dir='ltr'>us·-</span> 
     </span>
     <span class='ocr_line' id='line_1_37' title="bbox 1362 2255 2384 2321; baseline 0.001 -18"><span class='ocrx_word' id='word_1_281' title='bbox 1362 2273 1454 2320; x_wconf 91' lang='lat' dir='ltr'>que</span> <span class='ocrx_word' id='word_1_282' title='bbox 1488 2266 1693 2321; x_wconf 91' lang='lat' dir='ltr'>tempora</span> <span class='ocrx_word' id='word_1_283' title='bbox 1724 2255 2007 2303; x_wconf 85' lang='lat' dir='ltr'>schismatici</span> <span class='ocrx_word' id='word_1_284' title='bbox 2030 2271 2269 2304; x_wconf 89' lang='lat' dir='ltr'>romanam</span> <span class='ocrx_word' id='word_1_285' title='bbox 2296 2255 2384 2304; x_wconf 89' lang='lat' dir='ltr'>Ec-</span> 
     </span>
     <span class='ocr_line' id='line_1_38' title="bbox 1360 2338 2384 2401; baseline 0 -14"><span class='ocrx_word' id='word_1_286' title='bbox 1360 2338 1547 2396; x_wconf 70' lang='lat' dir='ltr'>clesiam</span> <span class='ocrx_word' id='word_1_287' title='bbox 1582 2341 1778 2388; x_wconf 88' lang='lat' dir='ltr'>insecuti</span> <span class='ocrx_word' id='word_1_288' title='bbox 1807 2349 1913 2388; x_wconf 88' lang='lat' dir='ltr'>sunt</span> <span class='ocrx_word' id='word_1_289' title='bbox 1928 2374 1947 2401; x_wconf 87' lang='lat'><em>‚</em></span> <span class='ocrx_word' id='word_1_290' title='bbox 1974 2349 2025 2388; x_wconf 88' lang='lat' dir='ltr'>ut</span> <span class='ocrx_word' id='word_1_291' title='bbox 2054 2357 2156 2388; x_wconf 87' lang='lat' dir='ltr'>eam</span> <span class='ocrx_word' id='word_1_292' title='bbox 2178 2340 2384 2387; x_wconf 89' lang='lat' dir='ltr'>odiosam</span> 
     </span>
     <span class='ocr_line' id='line_1_39' title="bbox 1358 2421 2386 2482; baseline 0 -13"><span class='ocrx_word' id='word_1_293' title='bbox 1358 2421 1606 2470; x_wconf 88' lang='lat' dir='ltr'>redderent</span> <span class='ocrx_word' id='word_1_294' title='bbox 1622 2459 1636 2482; x_wconf 87' lang='lat'>‚</span> <span class='ocrx_word' id='word_1_295' title='bbox 1663 2439 1739 2471; x_wconf 91' lang='lat' dir='ltr'>eos</span> <span class='ocrx_word' id='word_1_296' title='bbox 1761 2432 1917 2470; x_wconf 88' lang='lat' dir='ltr'>tamen</span> <span class='ocrx_word' id='word_1_297' title='bbox 1934 2438 2061 2469; x_wconf 90' lang='lat' dir='ltr'>nunc</span> <span class='ocrx_word' id='word_1_298' title='bbox 2074 2439 2121 2469; x_wconf 88' lang='lat' dir='ltr'>se</span> <span class='ocrx_word' id='word_1_299' title='bbox 2143 2421 2386 2469; x_wconf 85' lang='lat' dir='ltr'>honestare</span> 
     </span>
     <span class='ocr_line' id='line_1_40' title="bbox 1358 2502 2382 2569; baseline -0.003 -17"><span class='ocrx_word' id='word_1_300' title='bbox 1358 2502 1448 2552; x_wconf 87' lang='lat' dir='ltr'>hac</span> <span class='ocrx_word' id='word_1_301' title='bbox 1479 2506 1579 2569; x_wconf 89' lang='lat' dir='ltr'>ipsa</span> <span class='ocrx_word' id='word_1_302' title='bbox 1611 2505 1919 2569; x_wconf 72' lang='lat' dir='ltr'>appellatione</span> <span class='ocrx_word' id='word_1_303' title='bbox 1945 2504 2004 2550; x_wconf 88' lang='lat' dir='ltr'>ad</span> <span class='ocrx_word' id='word_1_304' title='bbox 2032 2505 2382 2550; x_wconf 85' lang='lat' dir='ltr'>venerationem</span> 
     </span>
     <span class='ocr_line' id='line_1_41' title="bbox 1358 2584 2383 2636; baseline 0 -4"><span class='ocrx_word' id='word_1_305' title='bbox 1358 2586 1447 2633; x_wconf 90' lang='lat' dir='ltr'>sibi</span> <span class='ocrx_word' id='word_1_306' title='bbox 1481 2586 1841 2636; x_wconf 86' lang='lat' dir='ltr'>conciliandam.</span> <span class='ocrx_word' id='word_1_307' title='bbox 1884 2584 2033 2632; x_wconf 84' lang='lat' dir='ltr'>Tanta</span> <span class='ocrx_word' id='word_1_308' title='bbox 2065 2594 2131 2632; x_wconf 87' lang='lat' dir='ltr'>est</span> <span class='ocrx_word' id='word_1_309' title='bbox 2168 2586 2235 2633; x_wconf 88' lang='lat' dir='ltr'>vis</span> <span class='ocrx_word' id='word_1_310' title='bbox 2265 2587 2383 2633; x_wconf 88' lang='lat' dir='ltr'>veri-</span> 
     </span>
     <span class='ocr_line' id='line_1_42' title="bbox 1358 2667 2380 2732; baseline 0.001 -19"><span class='ocrx_word' id='word_1_311' title='bbox 1358 2668 1490 2715; x_wconf 79' lang='lat' dir='ltr'>tatis!</span> <span class='ocrx_word' id='word_1_312' title='bbox 1527 2667 1947 2732; x_wconf 87' lang='lat' dir='ltr'>Deprehendimus,</span> <span class='ocrx_word' id='word_1_313' title='bbox 1967 2675 2023 2714; x_wconf 82' lang='lat'>2⁰</span> <span class='ocrx_word' id='word_1_314' title='bbox 2048 2677 2279 2732; x_wconf 89' lang='lat' dir='ltr'>quantum</span> <span class='ocrx_word' id='word_1_315' title='bbox 2305 2669 2380 2715; x_wconf 88' lang='lat' dir='ltr'>in-</span> 
     </span>
     <span class='ocr_line' id='line_1_43' title="bbox 1356 2748 2380 2816; baseline 0.002 -20"><span class='ocrx_word' id='word_1_316' title='bbox 1356 2748 1549 2797; x_wconf 88' lang='lat' dir='ltr'>valuerit</span> <span class='ocrx_word' id='word_1_317' title='bbox 1592 2748 1885 2814; x_wconf 88' lang='lat' dir='ltr'>impudentia</span> <span class='ocrx_word' id='word_1_318' title='bbox 1926 2748 2049 2814; x_wconf 89' lang='lat' dir='ltr'>apud</span> <span class='ocrx_word' id='word_1_319' title='bbox 2097 2749 2202 2797; x_wconf 89' lang='lat' dir='ltr'>illos</span> <span class='ocrx_word' id='word_1_320' title='bbox 2241 2758 2380 2816; x_wconf 87' lang='lat' dir='ltr'>atque</span> 
     </span>
     <span class='ocr_line' id='line_1_44' title="bbox 1354 2835 2380 2898; baseline 0 -18"><span class='ocrx_word' id='word_1_321' title='bbox 1354 2835 1654 2898; x_wconf 69' lang='lat' dir='ltr'>praesumptio</span> <span class='ocrx_word' id='word_1_322' title='bbox 1674 2870 1688 2894; x_wconf 90' lang='lat'>‚</span> <span class='ocrx_word' id='word_1_323' title='bbox 1728 2843 1780 2881; x_wconf 89' lang='lat' dir='ltr'>ut</span> <span class='ocrx_word' id='word_1_324' title='bbox 1810 2851 1908 2881; x_wconf 91' lang='lat' dir='ltr'>non</span> <span class='ocrx_word' id='word_1_325' title='bbox 1943 2841 2188 2881; x_wconf 87' lang='lat' dir='ltr'>vereantur</span> <span class='ocrx_word' id='word_1_326' title='bbox 2218 2850 2266 2881; x_wconf 89' lang='lat' dir='ltr'>se</span> <span class='ocrx_word' id='word_1_327' title='bbox 2290 2835 2380 2896; x_wconf 71' lang='lat' dir='ltr'>{ro-</span> 
     </span>
     <span class='ocr_line' id='line_1_45' title="bbox 1354 2914 2382 2981; baseline -0.001 -19"><span class='ocrx_word' id='word_1_328' title='bbox 1354 2931 1523 2962; x_wconf 79' lang='lat' dir='ltr'>manos</span> <span class='ocrx_word' id='word_1_329' title='bbox 1557 2916 1708 2964; x_wconf 89' lang='lat' dir='ltr'>dicere</span> <span class='ocrx_word' id='word_1_330' title='bbox 1728 2932 1741 2978; x_wconf 89' lang='lat'>;</span> <span class='ocrx_word' id='word_1_331' title='bbox 1765 2933 1819 2964; x_wconf 84' lang='lat' dir='ltr'>ex</span> <span class='ocrx_word' id='word_1_332' title='bbox 1843 2933 1936 2981; x_wconf 92' lang='lat' dir='ltr'>quo</span> <span class='ocrx_word' id='word_1_333' title='bbox 1955 2916 2035 2974; x_wconf 85' lang='lat' dir='ltr'>fit,</span> <span class='ocrx_word' id='word_1_334' title='bbox 2057 2917 2095 2962; x_wconf 88' lang='lat' dir='ltr'>si</span> <span class='ocrx_word' id='word_1_335' title='bbox 2119 2931 2196 2963; x_wconf 86' lang='lat' dir='ltr'>eos</span> <span class='ocrx_word' id='word_1_336' title='bbox 2228 2914 2382 2962; x_wconf 88' lang='lat' dir='ltr'>audia-</span> 
     </span>
     <span class='ocr_line' id='line_1_46' title="bbox 1353 2982 2377 3056; baseline 0 -12"><span class='ocrx_word' id='word_1_337' title='bbox 1353 3014 1490 3055; x_wconf 90' lang='lat' dir='ltr'>mus,</span> <span class='ocrx_word' id='word_1_338' title='bbox 1530 3008 1581 3045; x_wconf 89' lang='lat' dir='ltr'>ut</span> <span class='ocrx_word' id='word_1_339' title='bbox 1612 2982 1808 3045; x_wconf 66' lang='lat' dir='ltr'>romoni</span> <span class='ocrx_word' id='word_1_340' title='bbox 1842 2998 1952 3046; x_wconf 87' lang='lat' dir='ltr'>facti</span> <span class='ocrx_word' id='word_1_341' title='bbox 1994 2997 2166 3044; x_wconf 88' lang='lat' dir='ltr'>fuerint</span> <span class='ocrx_word' id='word_1_342' title='bbox 2207 2997 2377 3056; x_wconf 82' lang='lat' dir='ltr'>russi,</span> 
     </span>
     <span class='ocr_line' id='line_1_47' title="bbox 1351 3077 2378 3143; baseline 0 -17"><span class='ocrx_word' id='word_1_343' title='bbox 1351 3081 1484 3127; x_wconf 79' lang='lat' dir='ltr'>russi</span> <span class='ocrx_word' id='word_1_344' title='bbox 1542 3089 1699 3129; x_wconf 87' lang='lat' dir='ltr'>autem</span> <span class='ocrx_word' id='word_1_345' title='bbox 1736 3079 1947 3128; x_wconf 77' lang='lat' dir='ltr'>romani.</span> <span class='ocrx_word' id='word_1_346' title='bbox 1979 3077 2095 3143; x_wconf 85' lang='lat' dir='ltr'>Quis</span> <span class='ocrx_word' id='word_1_347' title='bbox 2138 3078 2235 3125; x_wconf 80' lang='lat' dir='ltr'>haec</span> <span class='ocrx_word' id='word_1_348' title='bbox 2283 3080 2378 3126; x_wconf 88' lang='lat' dir='ltr'>risu</span> 
     </span>
     <span class='ocr_line' id='line_1_48' title="bbox 1352 3160 2375 3228; baseline -0.001 -19"><span class='ocrx_word' id='word_1_349' title='bbox 1352 3179 1447 3210; x_wconf 90' lang='lat' dir='ltr'>non</span> <span class='ocrx_word' id='word_1_350' title='bbox 1473 3164 1707 3228; x_wconf 77' lang='lat' dir='ltr'>excipiat?</span> <span class='ocrx_word' id='word_1_351' title='bbox 1751 3161 1979 3209; x_wconf 78' lang='lat' dir='ltr'>mirabilis</span> <span class='ocrx_word' id='word_1_352' title='bbox 2022 3160 2234 3226; x_wconf 89' lang='lat' dir='ltr'>profecto</span> <span class='ocrx_word' id='word_1_353' title='bbox 2276 3160 2375 3209; x_wconf 86' lang='lat' dir='ltr'>haec</span> 
     </span>
    </p>
   </div>
   <div class='ocr_carea' id='block_1_4' title="bbox 1353 3244 2370 3392">
    <p class='ocr_par' dir='ltr' id='par_1_4' title="bbox 1353 3244 2370 3392">
     <span class='ocr_line' id='line_1_49' title="bbox 1353 3244 1942 3294; baseline -0.003 -1"><span class='ocrx_word' id='word_1_354' title='bbox 1353 3256 1467 3294; x_wconf 88' lang='lat' dir='ltr'>esset</span> <span class='ocrx_word' id='word_1_355' title='bbox 1499 3261 1655 3292; x_wconf 89' lang='lat' dir='ltr'>rerum</span> <span class='ocrx_word' id='word_1_356' title='bbox 1683 3244 1942 3292; x_wconf 87' lang='lat' dir='ltr'>conversio.</span> 
     </span>
     <span class='ocr_line' id='line_1_50' title="bbox 1364 3323 2370 3392; baseline -0.002 -18"><span class='ocrx_word' id='word_1_357' title='bbox 1364 3377 1376 3387; x_wconf 52' lang='lat'><em>,</em></span> <span class='ocrx_word' id='word_1_358' title='bbox 1420 3327 1488 3392; x_wconf 76' lang='lat'>(2)</span> <span class='ocrx_word' id='word_1_359' title='bbox 1523 3326 1594 3374; x_wconf 91' lang='lat' dir='ltr'>En</span> <span class='ocrx_word' id='word_1_360' title='bbox 1612 3325 1849 3391; x_wconf 91' lang='lat' dir='ltr'>quomodo</span> <span class='ocrx_word' id='word_1_361' title='bbox 1867 3326 1986 3372; x_wconf 89' lang='lat' dir='ltr'>circa</span> <span class='ocrx_word' id='word_1_362' title='bbox 2012 3323 2134 3372; x_wconf 90' lang='lat' dir='ltr'>hanc</span> <span class='ocrx_word' id='word_1_363' title='bbox 2163 3324 2370 3373; x_wconf 88' lang='lat' dir='ltr'>denomi-</span> 
     </span>
    </p>
   </div>
   <div class='ocr_carea' id='block_1_5' title="bbox 1351 3406 2371 3458">
    <p class='ocr_par' dir='ltr' id='par_1_5' title="bbox 1351 3406 2371 3458">
     <span class='ocr_line' id='line_1_51' title="bbox 1351 3406 2371 3458; baseline -0.004 0"><span class='ocrx_word' id='word_1_364' title='bbox 1351 3412 1586 3458; x_wconf 89' lang='lat' dir='ltr'>nationem</span> <span class='ocrx_word' id='word_1_365' title='bbox 1616 3407 1826 3455; x_wconf 86' lang='lat' dir='ltr'>Ecclesiae</span> <span class='ocrx_word' id='word_1_366' title='bbox 1854 3406 2087 3455; x_wconf 84' lang='lat' dir='ltr'>catholicae</span> <span class='ocrx_word' id='word_1_367' title='bbox 2122 3424 2204 3454; x_wconf 90' lang='lat' dir='ltr'>sua</span> <span class='ocrx_word' id='word_1_368' title='bbox 2241 3416 2371 3455; x_wconf 80' lang='lat' dir='ltr'>aetate</span> 
     </span>
    </p>
   </div>
   <div class='ocr_carea' id='block_1_6' title="bbox 242 3489 2368 3807">
    <p class='ocr_par' dir='ltr' id='par_1_6' title="bbox 242 3489 2368 3807">
     <span class='ocr_line' id='line_1_52' title="bbox 244 3489 2368 3560; baseline -0.001 -20"><span class='ocrx_word' id='word_1_369' title='bbox 244 3491 428 3560; x_wconf 66' lang='lat' dir='ltr'>finialis</span> <span class='ocrx_word' id='word_1_370' title='bbox 454 3503 547 3550; x_wconf 88' lang='lat' dir='ltr'>est,</span> <span class='ocrx_word' id='word_1_371' title='bbox 585 3495 776 3542; x_wconf 88' lang='lat' dir='ltr'>inscribi</span> <span class='ocrx_word' id='word_1_372' title='bbox 818 3509 1099 3560; x_wconf 83' lang='lat' dir='ltr'>synagogam</span> <span class='ocrx_word' id='word_1_373' title='bbox 1124 3495 1263 3541; x_wconf 87' lang='lat' dir='ltr'>russi·</span> <span class='ocrx_word' id='word_1_374' title='bbox 1348 3493 1501 3542; x_wconf 87' lang='lat' dir='ltr'>Patres</span> <span class='ocrx_word' id='word_1_375' title='bbox 1525 3491 1740 3540; x_wconf 85' lang='lat' dir='ltr'>Ecclesiae</span> <span class='ocrx_word' id='word_1_376' title='bbox 1757 3492 2044 3556; x_wconf 86' lang='lat' dir='ltr'>scripserint.</span> <span class='ocrx_word' id='word_1_377' title='bbox 2061 3490 2183 3538; x_wconf 91' lang='lat' dir='ltr'>Cum</span> <span class='ocrx_word' id='word_1_378' title='bbox 2201 3489 2237 3536; x_wconf 88' lang='lat' dir='ltr'><strong>F</strong></span> <span class='ocrx_word' id='word_1_379' title='bbox 2241 3499 2368 3538; x_wconf 88' lang='lat' dir='ltr'>ortu-</span> 
     </span>
     <span class='ocr_line' id='line_1_53' title="bbox 242 3573 2362 3638; baseline -0.002 -14"><span class='ocrx_word' id='word_1_380' title='bbox 242 3593 347 3624; x_wconf 90' lang='lat' dir='ltr'>cam</span> <span class='ocrx_word' id='word_1_381' title='bbox 371 3614 385 3636; x_wconf 90' lang='lat'><strong>,</strong></span> <span class='ocrx_word' id='word_1_382' title='bbox 419 3592 582 3624; x_wconf 86' lang='lat' dir='ltr'>veram</span> <span class='ocrx_word' id='word_1_383' title='bbox 602 3611 616 3634; x_wconf 91' lang='lat'>‚</span> <span class='ocrx_word' id='word_1_384' title='bbox 660 3575 980 3625; x_wconf 79' lang='lat' dir='ltr'>universalem</span> <span class='ocrx_word' id='word_1_385' title='bbox 1021 3575 1259 3624; x_wconf 75' lang='lat' dir='ltr'>unitatem</span> <span class='ocrx_word' id='word_1_386' title='bbox 1346 3579 1451 3624; x_wconf 92' lang='lat' dir='ltr'>nius</span> <span class='ocrx_word' id='word_1_387' title='bbox 1473 3575 1702 3623; x_wconf 86' lang='lat' dir='ltr'>donatista</span> <span class='ocrx_word' id='word_1_388' title='bbox 1720 3592 1852 3622; x_wconf 87' lang='lat' dir='ltr'>suam</span> <span class='ocrx_word' id='word_1_389' title='bbox 1872 3584 2041 3623; x_wconf 88' lang='lat' dir='ltr'>sectam</span> <span class='ocrx_word' id='word_1_390' title='bbox 2071 3573 2246 3638; x_wconf 89' lang='lat' dir='ltr'>ubique</span> <span class='ocrx_word' id='word_1_391' title='bbox 2270 3581 2362 3619; x_wconf 87' lang='lat' dir='ltr'>ter-</span> 
     </span>
     <span class='ocr_line' id='line_1_54' title="bbox 243 3654 2362 3722; baseline -0.003 -17"><span class='ocrx_word' id='word_1_392' title='bbox 243 3658 493 3708; x_wconf 73' lang='lat' dir='ltr'>orientalis</span> <span class='ocrx_word' id='word_1_393' title='bbox 540 3674 726 3706; x_wconf 69' lang='lat' dir='ltr'>nomm</span> <span class='ocrx_word' id='word_1_394' title='bbox 773 3658 1028 3708; x_wconf 80' lang='lat' dir='ltr'>Ecclesioe.</span> <span class='ocrx_word' id='word_1_395' title='bbox 1072 3657 1140 3706; x_wconf 87' lang='lat' dir='ltr'>Ex</span> <span class='ocrx_word' id='word_1_396' title='bbox 1178 3654 1255 3706; x_wconf 89' lang='lat' dir='ltr'>his</span> <span class='ocrx_word' id='word_1_397' title='bbox 1342 3675 1497 3707; x_wconf 89' lang='lat' dir='ltr'>rarum</span> <span class='ocrx_word' id='word_1_398' title='bbox 1517 3658 1706 3722; x_wconf 88' lang='lat' dir='ltr'>reperiri</span> <span class='ocrx_word' id='word_1_399' title='bbox 1746 3656 1996 3705; x_wconf 85' lang='lat' dir='ltr'>affirmaret</span> <span class='ocrx_word' id='word_1_400' title='bbox 2022 3693 2036 3716; x_wconf 92' lang='lat'>‚</span> <span class='ocrx_word' id='word_1_401' title='bbox 2069 3654 2120 3703; x_wconf 89' lang='lat' dir='ltr'>S.</span> <span class='ocrx_word' id='word_1_402' title='bbox 2148 3654 2362 3717; x_wconf 81' lang='lat' dir='ltr'>Augusti·-</span> 
     </span>
     <span class='ocr_line' id='line_1_55' title="bbox 243 3735 2349 3807; baseline -0.003 -19"><span class='ocrx_word' id='word_1_403' title='bbox 243 3741 632 3807; x_wconf 87' lang='lat' dir='ltr'>deprehendimus</span> <span class='ocrx_word' id='word_1_404' title='bbox 658 3778 671 3802; x_wconf 90' lang='lat'><strong>‚</strong></span> <span class='ocrx_word' id='word_1_405' title='bbox 729 3747 776 3789; x_wconf 86' lang='lat'>1⁰</span> <span class='ocrx_word' id='word_1_406' title='bbox 817 3757 911 3790; x_wconf 89' lang='lat' dir='ltr'>non</span> <span class='ocrx_word' id='word_1_407' title='bbox 960 3739 1252 3791; x_wconf 83' lang='lat' dir='ltr'>obstantibus</span> <span class='ocrx_word' id='word_1_408' title='bbox 1339 3757 1427 3789; x_wconf 89' lang='lat' dir='ltr'>nus</span> <span class='ocrx_word' id='word_1_409' title='bbox 1438 3738 1638 3805; x_wconf 86' lang='lat' dir='ltr'>petiitab</span> <span class='ocrx_word' id='word_1_410' title='bbox 1653 3756 1705 3788; x_wconf 88' lang='lat' dir='ltr'>eo</span> <span class='ocrx_word' id='word_1_411' title='bbox 1719 3738 1893 3788; x_wconf 82' lang='lat' dir='ltr'>litteras</span> <span class='ocrx_word' id='word_1_412' title='bbox 1909 3735 2349 3788; x_wconf 87' lang='lat' dir='ltr'>communicatorias</span> 
     </span>
    </p>
   </div>
  </div>
 </body>
</html>
