2514 4218
2075 214 2192 273 175

521 242 680 279 PAR-r.
724 242 765 277 1.
816 239 936 275 CAP.
983 239 1066 274 111.
1114 212 1182 274 πίε
1225 237 1493 274 Eccmsur.
1535 236 1712 273 noris.

164 386 308 445 278.
356 383 443 443 Ad
470 382 590 439 12³1
608 427 623 455 ‚
658 382 814 440 Dist.
856 380 1154 439 Immerito
1176 424 1192 453 ,
1223 390 1411 438 tram.
1452 376 1546 438 vel
1567 397 1728 436 conc.
1750 396 1773 444 ;
1784 380 1917 454 jure
1945 379 2152 437 merito
2172 423 2188 446 ,

84 505 215 563 neq.
242 483 320 540 Ut
347 500 485 540 vero
513 478 848 537 insistamus
871 476 932 536 in
964 473 1281 550 miraculis„
1312 496 1441 557 quae
1470 472 1729 533 Ecclesiis
1768 472 2146 536 orientalibus
2170 521 2188 549 .,

83 577 145 636 id
171 588 259 636 est
277 620 292 650 ,
320 573 581 633 Ecclesiae
605 592 795 653 graecae
823 570 1200 631 schismaticae
1232 569 1438 629 tribuit
1471 569 1769 629 Nectarius
1793 567 2190 650 hierosolymi-

83 684 254 730 tanus
289 668 652 744 patriarcha,
688 663 1238 736 animadvertimuS,
1269 682 1407 725 eum
1430 664 1598 746 plura
1626 685 1924 725 recensere
1958 685 2032 724 ex
2069 664 2190 724 sola

82 766 305 826 incerta
346 764 536 837 famat,
586 761 872 822 nonnulla
893 778 1019 842 quae
1059 757 1345 835 naturali,
1387 780 1624 840 prorsus
1646 761 1874 819 ratione
1913 759 2190 842 explicari

90 871 367 943 possunt3
407 859 554 919 illud
589 879 728 920 vero
750 904 766 932 .,
809 855 968 939 quod
1001 865 1281 936 tanquam
1303 856 1741 915 nobilissimum
1778 866 1945 935 urget
1966 867 2028 918 ct
2067 867 2191 915 tam

88 959 577 1027 Christianorum
605 973 792 1034 quam
834 950 1168 1029 infidelium
1206 950 1541 1012 testimonio
1583 949 1897 1031 probatum
1923 996 1939 1023 ‚
1988 961 2194 1033 utpote

86 1050 244 1134 quod
281 1050 521 1131 singulis
553 1049 720 1109 annis
755 1047 819 1121 in
852 1045 1115 1104 omnium
1145 1043 1456 1126 conspectu
1488 1057 1839 1121 renovatur,
1871 1045 1947 1106 de
1967 1040 2192 1107 lumine

84 1145 303 1205 scilicet
323 1191 339 1220 ,
379 1146 668 1206 emicante
699 1138 1239 1222 ad‘crepusculum,
1277 1161 1380 1199 seu
1413 1139 1553 1199 hora
1597 1151 1734 1201 ante
1769 1139 1904 1205 solis
1929 1163 2194 1202 occasum

86 1239 311 1299 sabbati
337 1241 552 1311 sancti,
586 1239 648 1296 in
672 1235 901 1297 vivifico
929 1223 1142 1294 Christi
1167 1234 1475 1315 sepulchro
1495 1281 1510 1309 ,
1548 1240 1709 1313 cujus
1742 1247 1802 1295 et
1828 1257 1950 1296 sese
1977 1247 2193 1298 testem
2273 1275 2275 1277 v

82 1334 321 1395 exhibet
372 1333 567 1416 paucis
607 1329 680 1389 ab
717 1329 855 1388 hinc
890 1329 1060 1389 annis
1105 1329 1411 1396 detectum*
1437 1326 1613 1411 plane
1653 1331 1761 1389 fuit
1812 1331 1997 1393 veluti
2036 1333 2192 1394 fraus

80 1429 454 1508 graeculorum
479 1414 952 1499 simoniacorum,
983 1424 1083 1506 qui
1112 1420 1435 1507 phosphori
1451 1444 1562 1506 ope
1594 1422 1797 1483 lumen
1819 1423 1966 1484 illud
1991 1447 2195 1488 accen·

81 1523 332 1600 debant3
377 1520 637 1603 adeoque
672 1524 812 1601 juge
865 1519 1014 1583 illud
1057 1541 1125 1579 ac
1171 1520 1504 1602 perinsigne
1555 1518 1901 1579 miraculum
1956 1542 2193 1600 prorsus

79 1611 316 1679 evanuit
340 1616 450 1698 (l).
482 1616 737 1675 Crimine
774 1637 950 1698 porro
989 1615 1063 1677 ab
1101 1637 1220 1674 uno
1259 1614 1424 1705 disces
1453 1620 1677 1689 omnes.
1719 1616 1858 1688 Quae
1889 1615 1963 1676 de
1990 1617 2194 1678 ceteris

78 1714 360 1780 haereticis
378 1724 545 1794 urget
572 1712 957 1786 adversarius,
991 1733 1114 1771 non
1142 1733 1473 1784 moramur3
1501 1711 1636 1793 quia
1660 1732 1794 1770 cum
1822 1710 2054 1772 nullum
2083 1711 2195 1772 do-

77 1821 418 1870 cumentum
446 1809 705 1892 proferat
723 1854 739 1882 ,
782 1830 905 1867 non
937 1807 1236 1890 potuimus
1267 1807 1619 1888 expendere.
1655 1804 1769 1866 Sed
1798 1808 2096 1889 responsio
2119 1829 2192 1868 ex

76 1904 238 1964 dictis
262 1905 323 1963 in
347 1914 626 1986 promptu
650 1915 760 1963 est.
1322 1902 1325 1907 ’

152 2001 232 2060 27
239 2001 296 2059 9.
347 1999 435 2059 Ad
475 2000 629 2074 13⁸1,
667 2001 832 2059 Dz'st.
878 1999 938 2058 Si
976 1997 1194 2080 absque
1242 1996 1426 2056 solido
1472 1996 1858 2057 fundamento
1890 1997 1950 2057 id
1995 2019 2193 2061 roma-

75 2117 283 2159 nenses
307 2094 731 2157 contenderent
756 2140 770 2167 ‚
808 2116 999 2170 conc.,·
1021 2095 1072 2153 si
1100 2093 1201 2157 tali
1231 2094 1420 2152 innixi
1447 2092 1835 2153 fundamento
1855 2139 1872 2168 .,
1906 2104 1974 2156 ut
2003 2115 2196 2175 neque

77 2188 151 2249 ab
196 2190 538 2251 adversariis
559 2191 905 2268 rejiciatur,
948 2212 1079 2271 ⁹229·
1123 2193 1300 2249 Porro
1333 2189 1428 2251 vel
1464 2190 1587 2272 ipse
1632 2189 1806 2271 Paley
1826 2235 1842 2265 ,
1882 2190 2194 2252 acerrimus

76 2305 329 2345 romanae
365 2284 625 2348 Ecclesiae·
650 2284 835 2344 hostis
856 2330 872 2359 ,
912 2285 1150 2358 fatetur,
1179 2284 1592 2366 probatissima
1635 2285 1790 2345 inter
1834 2285 2030 2344 omnia
2072 2307 2195 2345 esse

77 2381 383 2458 miracula,
426 2400 554 2463 quae
591 2381 655 2441 in
698 2380 878 2439 causis
917 2380 1368 2440 canonizationis
1412 2377 1485 2438 ab
1523 2377 1768 2444 Ecclesia
1805 2400 2047 2437 romana
2086 2379 2195 2439 ad*

139 2570 208 2633 (l)
246 2570 345 2619 Hoc
373 2571 589 2637 equidem
617 2573 771 2635 accepi
789 2588 846 2619 ex
865 2588 942 2619 ore
961 2571 1088 2621 illius

74 2655 236 2719 ipsius,
256 2647 336 2719 qui
350 2653 563 2702 fraudem
580 2653 907 2719 Hierosolymis
921 2654 1090 2703 detexit

75 2737 291 2784 universo
321 2746 556 2801 spectante
582 2736 782 2801 populo,
808 2740 858 2784 in
878 2753 970 2802 quo
985 2736 1090 2801 plu-

75 2834 145 2867 res
184 2819 382 2883 europaei
416 2816 569 2876 Galli,
601 2818 775 2882 Angli,
808 2817 914 2867 Itali
963 2816 1093 2867 inve-

71 2899 319 2948 niebantur
351 2917 432 2948 an.
467 2897 592 2947 1833
613 2937 626 2959 ‚
654 2901 829 2965 quique
854 2916 983 2948 nunc
996 2898 1092 2948 Ro-

80 2996 167 3028 mae
189 2980 426 3046 degit.Vix
443 2983 540 3046 ipse
568 2981 728 3047 effugit
750 2999 931 3040 necem,
950 2999 1092 3048 quam

82 3065 172 3127 ipsi
196 3065 292 3113 hac
320 3065 378 3114 de
402 3082 536 3113 cansa
560 3065 796 3114 schismati
818 3063 987 3117 inferre
1014 3082 1093 3113 vo-

77 3142 234 3197 lebant
269 3164 331 3202 3³
361 3146 524 3195 Tureis
550 3157 595 3196 et
623 3165 649 3196 a
689 3146 939 3196 Catholicis
959 3183 972 3206 ,
1010 3148 1092 3212 qui

81 3225 368 3290 triumphum
388 3230 656 3278 cecinerunt
677 3265 690 3288 ,
719 3245 771 3277 ex
786 3227 975 3276 illorum
996 3245 1092 3277 ma-

77 3305 216 3354 nibus
238 3318 418 3374 ereptus
444 3319 529 3359 est.
561 3309 633 3358 De
660 3310 919 3359 detectione
957 3311 1091 3358 istius

82 3389 255 3437 fraudis
279 3390 472 3454 publioae
489 3393 806 3458 ephemerides
830 3391 1091 3461 Smyrnen-

83 3486 156 3518 ses
180 3481 224 3520 et
251 3470 771 3541 Constantinopolitanae
795 3475 939 3525 verba
967 3476 1090 3528 fece-

84 3563 192 3601 runt
219 3571 343 3602 anno
372 3552 502 3616 1834
525 3592 539 3614 ,
564 3573 658 3622 quo
674 3573 799 3607 anno
820 3549 1089 3607 Patriarcha

83 3635 400 3685 schismaticus
446 3653 661 3689 armenus
707 3641 991 3708 encyclicam
1033 3642 1091 3691 ad

83 3734 188 3767 suos
230 3719 385 3779 dedit,
422 3737 511 3785 qua
545 3722 608 3768 eis
640 3722 873 3786 prohibuit
896 3761 910 3785 ,
944 3742 1005 3774 ne
1046 3742 1093 3774 se

1191 2572 1454 2620 conferrent
1482 2570 1542 2618 ad
1561 2571 1713 2634 ignem
1745 2586 1924 2618 sacrum
1950 2569 2000 2617 S.
2027 2569 2195 2637 Sepul-

1183 2657 1286 2712 cri,
1318 2656 1450 2719 cujus
1484 2653 1608 2700 fraus
1638 2662 1870 2716 comperta
1910 2652 2048 2718 plane
2077 2663 2191 2704 erat.

1182 2735 1418 2785 Nectarius
1459 2749 1597 2802 porro
1643 2733 1842 2783 furiosus
1875 2736 2194 2785 schismaticus

1159 2820 1317 2884 plura
1346 2819 1488 2869 refert
1520 2819 1618 2865 sine
1641 2818 1797 2865 critica
1817 2852 1831 2877 ,
1866 2835 1966 2883 quae
1992 2835 2119 2867 nunc
2136 2817 2193 2866 ab

1182 2901 1402 2950 omnibus
1428 2899 1617 2949 eruditis
1639 2901 1753 2947 risui
1778 2899 2008 2948 habentur
2038 2917 2052 2963 3
2079 2917 2194 2949 nus-

1182 2988 1307 3050 piam
1337 2983 1538 3032 affirmat
1554 2983 1820 3031 confectum
1836 2982 2086 3049 aliquando
2101 2982 2192 3033 ali-

1181 3068 1315 3133 cujus
1341 3066 1550 3115 miraculi
1591 3082 1852 3131 processum
1882 3065 2041 3115 fuisse.
2082 3066 2195 3133 Ejus

1182 3168 1298 3214 opus
1339 3167 1355 3199 ε
1394 3149 1674 3214 Confutatio
1708 3150 1906 3214 imperii
1946 3146 2098 3217 Papae
2135 3153 2194 3199 in

1180 3229 1452 3282 Ecclesiam
1471 3268 1484 3290 ‚
1529 3249 1555 3279 a
1604 3230 1906 3280 schismaticis
1944 3233 2194 3298 anglicanis

1179 3316 1383 3379 primum
1426 3311 1698 3362 translatum
1730 3328 1784 3360 ac
1821 3312 2056 3379 vulgatum
2104 3315 2194 3364 fuit

1180 3395 1382 3446 Londini
1410 3394 1536 3461 apud
1564 3394 1706 3444 Joan.
1741 3393 1908 3461 Taylor
1932 3414 2014 3446 an.
2046 3412 2190 3462 1702,

1180 3488 1234 3527 ut
1260 3479 1421 3529 odium
1439 3481 1490 3527 in
1519 3477 1773 3526 Ecclesiam
1802 3495 2040 3528 romanam
2067 3479 2193 3543 apud

1180 3579 1286 3611 suos
1309 3562 1626 3611 confoverent.
1648 3558 1740 3609 Sed
1760 3561 1874 3611 adeo
1902 3550 2192 3625 incomptum
2249 3621 2252 3623 -

1181 3653 1225 3692 et
1259 3643 1551 3693 inconditum
1588 3647 1658 3692 est
1691 3642 1921 3710 ejusmodi
1954 3659 2102 3707 opus,
2141 3651 2192 3690 nt

1180 3728 1339 3790 paucis
1370 3726 1533 3774 fucum
1563 3730 1686 3775 certe
1722 3725 1872 3775 facere
1903 3727 2119 3788 potuerit.
