2514 4218
283 136 405 197 342
874 156 1067 196 macr.
1114 158 1182 194 nr.
1229 159 1379 196 nocis
1423 161 1801 201 THEOLOGICIS.

366 302 506 361 505.
552 301 770 374 Quinta
810 300 1004 359 classis
1036 301 1411 383 componitur
1444 323 1517 362 ex
1543 303 1612 362 iis
1634 348 1651 378 ‚
1707 306 1806 386 qui
1841 304 2107 364 absolute
2158 307 2331 365 Petro
2362 327 2428 365 ea

285 396 560 458 tribuunt
616 396 877 479 epitheta
897 442 914 470 ,
981 417 1112 478 quae
1172 397 1409 456 nonnisi
1471 419 1743 480 suprema
1794 402 2138 461 auctoritate
2180 400 2429 483 praedito

284 503 617 576 competere
650 503 898 576 possunt
918 538 933 565 ,
960 494 1045 551 uti
1069 515 1202 553 cum
1230 505 1443 553 vocant
1469 495 1710 554 Petrum
1745 501 1973 576 Caput,
2006 501 2427 578 Apostolorum

275 594 656 670 principem,
696 590 1118 667 Apostolorum
1145 595 1420 649 verticem
1447 637 1463 660 ,
1493 601 1550 649 et
1572 613 1632 649 os
1667 594 2082 670 Apostolorum
2099 637 2122 666 ,
2145 599 2435 674 primum

283 688 511 747 mundi
525 687 899 767 proesidenz,·
939 685 1137 767 quales
1186 687 1343 745 inter
1398 697 1644 758 ceteros?
1673 698 1814 746 sunt
1850 688 2239 769 Hieronymus
2298 690 2387 771 (l)
2411 735 2426 763 ‚

285 783 539 843 Hilarius
574 782 666 861 (2)
686 827 702 854 ,
736 781 1184 862 Chrysostomus
1209 780 1335 862 (3),
1366 784 1479 842 Leo
1506 784 1582 841 M.
1619 781 1708 862 (4)
1726 827 1747 854 ,
1774 781 1988 865 aliique
2012 786 2264 865 passim3
2301 807 2435 845 cum

286 901 424 940 eum
462 877 668 937 dicunt
694 883 1040 958 primatum
1074 901 1259 958 super
1292 880 1620 959 discipulos
1654 880 1938 939 habuisse
1952 923 1971 952 ,
2012 892 2189 962 atque
2213 891 2436 960 aposto·

285 978 448 1034 latus
452 978 839 1054 primatum,
875 985 943 1032 ut
974 975 1326 1054 Augustinus
1359 975 1448 1055 (5)
1462 979 1484 1047 ’ς
1509 996 1642 1034 oum
1688 997 1824 1034 eum
1868 974 2173 1058 appellant
2197 987 2441 1056 petram

289 1072 611 1142 Ecclesia),
646 1081 892 1150 petram
926 1072 1391 1150 infranqibz'lcm
1410 1116 1428 1148 ,
1442 1073 1922 1150 fundamentum
1949 1118 1965 1147 7
2005 1084 2241 1151 petram
2259 1073 2411 1151 fidei
2424 1117 2440 1147 ‚

286 1179 353 1226 ut
394 1167 705 1247 OrigeneS‚
767 1165 1214 1248 Chrysostomus
1242 1211 1258 1241 7
1306 1178 1418 1225 eto.
1468 1166 1591 1247 (6);
1640 1188 1774 1226 cum
1805 1170 2045 1227 Petrum
2093 1178 2444 1250 nuncupant

286 1265 764 1323 clavicularium
808 1266 1124 1331 coelorum,
1170 1261 1265 1322 vel
1308 1264 1659 1343 clazwiyeruvz
1678 1308 1697 1335 ,
1760 1265 1894 1322 ooeli
1913 1268 2278 1342 janitorem,
2312 1266 2444 1323 cla-

289 1385 418 1422 vom
460 1362 547 1420 ad
584 1382 843 1442 reqnum
868 1403 889 1431 ,
936 1371 1046 1420 etc.
1079 1360 1186 1439 (7).

372 1458 514 1518 506.
545 1459 715 1518 Sexta
741 1456 935 1516 classis
960 1457 1251 1518 conflatur
1273 1479 1343 1518 ex
1358 1456 1470 1516 illis
1500 1455 1767 1516 Patribus
1785 1503 1801 1533 ,
1829 1458 1928 1540 qui
1945 1460 2187 1518 Petrum
2213 1479 2447 1541 semper

288 1556 356 1614 in
403 1554 541 1615 sede
582 1576 683 1613 sua
739 1554 940 1614 vivere
980 1566 1039 1613 et
1084 1546 1291 1614 omnes
1334 1553 1647 1615 veritatem
1680 1566 2006 1635 quaerentes
2056 1554 2263 1614 docere
2289 1599 2305 1629 ,
2344 1555 2447 1636 qui

293 1655 537 1711 Petrum
567 1672 675 1733 per
698 1651 953 1709 Leonem
975 1695 991 1724 7
1025 1651 1064 1708 A
1074 1650 1426 1729 gathonem‚
1454 1648 1669 1709 aliosve
1708 1650 2018 1710 Pontifices
2043 1650 2307 1710 locutum
2325 1671 2449 1710 esse

293 1748 594 1807 affirmant
618 1793 633 1822 ·,
679 1758 747 1804 ut
782 1748 842 1807 S.
885 1748 1092 1804 Petrus
1133 1745 1520 1826 Chrysologus
1549 1744 1671 1825 (8),
1711 1747 1913 1805 Patres
1938 1745 2179 1805 Concilii
2206 1745 2450 1805 Chalce-

293 1843 570 1902 donensis
610 1842 702 1921 (9)
753 1853 811 1901 et
865 1831 1064 1901 Patres
1109 1840 1353 1901 Concilii
1396 1841 1740 1901 oecumenici
1795 1843 1869 1901 Vl
1905 1841 2071 1923 (10),
2113 1862 2240 1923 quae
2268 1841 2449 1900 fusius

296 1961 401 1999 suo
426 1938 555 1998 loco
590 1937 1017 2023 expendemus,

380 2035 524 2094 507.
574 2035 835 2116 Septima
858 2033 1101 2094 demum
1130 2032 1292 2095 exiis
1328 2032 1654 2109 conficitur,
1680 2033 1777 2115 qui
1810 2030 2106 2093 extollunt
2123 2034 2451 2092 Romanam

296 2282 440 2331 Paris.
489 2279 649 2349 1572,
685 2299 788 2347 pag.
825 2280 954 2346 354,
1005 2285 1097 2332 col.
1149 2299 1211 2342 2,
1244 2282 1327 2331 ubi
1482 2282 1548 2347 (6)
1600 2281 1697 2330 Cfr.
1746 2281 2032 2348 Theophilus
2053 2281 2372 2349 Raynaudus‚
2404 2285 2455 2332 in

299 2366 399 2413 haec
436 2365 656 2430 leguntur
688 2382 701 2412 :
739 2365 884 2414 Petro
906 2382 1016 2414 cum
1046 2382 1237 2414 summa
1255 2383 1331 2414 re·
1414 2383 1492 2425 op.
1539 2367 1615 2413 cit.
1674 2364 1866 2413 Corona
1909 2381 2058 2412 aurea
2120 2381 2266 2431 super
2308 2373 2457 2432 caput

301 2464 414 2495 rum
453 2446 510 2493 de
535 2446 794 2513 pascendis
822 2447 990 2496 ovibus
1026 2449 1297 2498 traderetur
1314 2487 1328 2510 ‚
1413 2466 1534 2498 rom.
1558 2446 1820 2513 Pontificio
1842 2487 1855 2508 ‚
1883 2467 1995 2515 opp.
2023 2460 2135 2498 tom.
2158 2466 2209 2510 x,
2237 2468 2338 2514 pag.
2358 2466 2444 2514 90,

297 2539 343 2578 et
381 2547 529 2596 super
571 2533 736 2597 ipsum
789 2531 919 2579 velut
961 2550 1107 2598 super
1154 2543 1332 2581 terram
1416 2549 1478 2600 91
1509 2543 1555 2581 et
1569 2551 1701 2599 seqq.
1730 2533 1813 2580 ubi
1831 2535 2080 2580 innumera
2102 2549 2246 2596 prope
2263 2531 2454 2581 Patrum

299 2616 315 2675 (
348 2614 465 2661 forte
504 2615 712 2678 petram)
741 2615 1040 2679 fundaretur
1079 2613 1330 2675 Ecclesia,
1418 2626 1463 2664 et
1509 2618 1787 2680 scriptorum
1846 2612 2138 2663 ecclesiastic.
2189 2616 2455 2664 testimonia

299 2693 488 2742 nullius
530 2695 765 2760 consessio
809 2695 1006 2744 virtutis
1046 2695 1248 2745 alterius
1275 2696 1338 2744 ab
1419 2699 1650 2762 congessit
1690 2697 1747 2744 de
1790 2694 2025 2762 ejusmodi
2062 2696 2237 2756 titulis,
2284 2698 2458 2764 quibus

303 2795 354 2826 eo
380 2779 490 2826 nisi
516 2779 734 2826 charitas
758 2779 989 2842 exiyitur.
1419 2779 1470 2829 S.
1496 2779 1616 2828 Petri
1643 2778 1882 2844 privilegia
1906 2781 2084 2828 ratione
2111 2781 2255 2844 ipsius
2279 2782 2455 2845 prima-

373 2861 440 2924 (1)
467 2860 610 2910 Tom.
628 2878 663 2908 11
684 2899 696 2921 ‚
716 2879 821 2926 pag.
851 2876 950 2927 279
973 2899 984 2920 ‚
1004 2862 1116 2910 edit.
1135 2860 1333 2912 Vallars.
1421 2873 1498 2911 tus
1550 2862 1851 2911 celebrantur
1880 2899 1892 2922 ,
1946 2862 2004 2911 de
2065 2861 2237 2928 quibus
2286 2865 2456 2910 iterum

376 2944 439 3008 (ἓ)
478 2944 605 2994 Edit.
639 2944 814 2993 Veron.
852 2954 965 2991 tom.
1002 2960 1048 3006 1,
1084 2942 1175 2993 col.
1216 2941 1335 3012 749,
1421 2945 1564 3012 paulo
1591 2955 1707 3011 post.

309 3043 362 3075 n.
404 3044 455 3090 7.
1490 3029 1559 3092 (7)
1599 3028 1722 3077 lbid.
1753 3043 1863 3094 pag.
1900 3026 1984 3077 23.
2005 3025 2104 3074 Cfr.
2147 3026 2288 3074 etiam
2310 3025 2461 3075 Bene-

380 3104 446 3173 (3)
486 3109 613 3157 Edit.
639 3109 789 3159 Maur.
813 3120 931 3158 tom.
966 3127 1028 3157 vn
1051 3147 1064 3168 .,
1091 3127 1196 3175 pag.
1218 3107 1338 3177 549.
1424 3112 1536 3161 dict.
1569 3101 1863 3159 Ju'stinianus
1885 3146 1898 3168 ‚
1939 3126 2017 3174 op.
2051 3110 2134 3156 cit.
2181 3106 2362 3174 Prolog.
2386 3105 2461 3157 De

373 3190 439 3253 (Ιι)
479 3191 611 3240 Locis
636 3195 734 3241 citt.
768 3193 852 3241 His
883 3192 1002 3241 adde
1029 3191 1338 3256 Cassianum,
1425 3192 1740 3260 Apostolatu‚
1771 3191 1890 3257 disp.
1928 3202 1975 3251 i,
2001 3207 2103 3255 cap.
2142 3206 2222 3239 ιο.

307 3275 420 3323 edit·
468 3277 546 3323 cit·
583 3294 688 3342 pag.
720 3275 860 3344 9363
909 3276 1339 3342 Theophylactum‚
1496 3276 1562 3340 (8)
1602 3276 1657 3324 In
1693 3272 1945 3341 Epist.ad
1983 3272 2265 3339 Eutychen.
2291 3309 2306 3332 ‚
2342 3275 2462 3322 inter

303 3358 399 3407 loc.
423 3361 505 3406 cit.
539 3369 584 3406 et
614 3371 721 3408 ante
753 3362 838 3409 hos
868 3360 919 3410 S.
949 3361 1089 3426 Greg.
1117 3358 1341 3409 Nazianz.
1427 3361 1561 3425 epist.
1587 3359 1638 3408 S.
1676 3359 1843 3408 Leonis
1865 3396 1878 3418 ‚
1932 3359 2041 3407 edit.
2082 3358 2299 3406 Ballerin·
2336 3374 2459 3418 xxv,

308 3445 390 3506 qui
411 3445 460 3489 in
491 3441 721 3490 Carmine
739 3445 853 3491 vitoe
870 3461 970 3492 suoe
995 3452 1129 3492 vocat
1153 3441 1343 3491 Petrum
1428 3460 1530 3508 cap.
1553 3459 1601 3503 2,
1637 3442 1727 3490 col.
1762 3458 1883 3507 779.

318 3523 845 3590 Um‘versiproesidem.
1499 3524 1566 3588 (9)
1623 3523 1733 3572 Act.
1795 3524 1941 3573 Cone.
2007 3523 2154 3572 Hard.
2203 3533 2319 3571 tom.
2371 3539 2407 3569 11
2441 3556 2457 3578 ,

380 3608 444 3672 (5)
482 3606 722 3655 Enarrat.
750 3610 824 3655 in.
850 3610 940 3657 Ps.
963 3625 1098 3670 cvm,
1130 3627 1181 3656 n.
1217 3623 1235 3655 1
1254 3644 1269 3669 ‚
1299 3620 1345 3657 et
1430 3605 1519 3657 col.
1559 3604 1678 3655 306.

321 3690 489 3740 Tract.
520 3708 657 3740 cxxiv
687 3692 743 3738 in
757 3692 899 3739 Joan.
930 3709 979 3739 n.
1006 3690 1069 3753 5,
1106 3691 1196 3741 col.
1220 3688 1341 3740 822.
1502 3690 1601 3754 (10)
1640 3690 1763 3739 Ibid.
1799 3700 1909 3739 tom.
1949 3706 2002 3738 ιιι
2025 3725 2040 3747 ,
2068 3689 2161 3738 col.
2195 3684 2337 3750 1423.
