2514 4218
840 209 1037 248 raAC‘r.
1088 208 1157 243 ΒΕ
1200 206 1354 245 mels
1397 208 1775 249 Tussotoalcls.

246 198 367 258 200

249 363 471 434 fuerat,
496 364 622 415 arte
650 352 805 413 illius
825 348 1063 435 pessimi
1090 345 1348 406 hominis
1378 345 2084 413 seductaacommunione
2113 372 2371 416 romanae

246 454 411 516 Sedis
451 461 662 535 sponte
698 447 967 518 recessit,
1011 451 1076 502 ac
1109 444 1444 502 Graecorum
1474 461 1698 505 errores
1732 446 1986 528 professa
2016 459 2104 508 est
2128 448 2241 529 (l).
2276 449 2378 508 Ec·

248 550 419 612 clesia
447 568 689 609 romana
705 541 854 603 nihil
878 538 1118 599 interim
1136 560 1399 621 unquam
1427 538 1642 614 omisit,
1670 561 1786 622 quo
1805 541 1971 603 illam
1986 544 2063 603 ad
2086 545 2375 605 unitatem

243 654 562 708 revocaret.
598 637 831 700 Restitit
869 634 968 695 illa
996 646 1221 697 tamen.
1263 636 1489 716 Ergone
1527 629 1773 696 Ecclesia
1818 657 2061 700 romana
2102 641 2167 701 in
2203 640 2375 724 culpa

258 753 348 804 est
366 741 394 797 P
423 742 456 800 J
464 737 654 798 udicet
681 732 1048 794 adversarius
1082 733 1229 814 ipse.
1639 731 1642 733 *

326 820 467 897 310ss
518 830 607 891 Ad
629 830 715 889 7¹¹¹
739 874 755 904 a
792 828 943 909 Ney.
974 829 1177 907 Agitur
1201 826 1362 888 enim
1386 825 1460 886 cle
1492 826 1804 888 schismate
1831 828 2063 888 formali
2091 851 2164 890 ex
2192 843 2365 913 parte

247 924 902 1008 constantinopolitanae
943 923 1207 983 Ecclesiae
1244 922 1318 982 ab
1354 922 1600 983 Ecclesia
1632 923 1949 999 catholica3
1996 946 2255 986 romanae
2298 929 2378 986 si·

244 1025 481 1110 quidem
512 1022 776 1082 Ecclesiae
813 1020 1120 1080 adhaerent
1142 1041 1378 1094 omnes,
1416 1022 1529 1098 qui
1565 1031 1706 1079 sunt
1738 1021 2012 1100 undique
2052 1023 2277 1101 fideles,
2315 1033 2384 1082 ut

244 1123 504 1204 loquitur
537 1121 596 1178 S.
633 1119 883 1177 Irenaeus
909 1161 926 1191 ,
953 1115 1210 1197 exceptis
1240 1115 1524 1175 haereticis
1553 1127 1611 1175 et
1644 1115 2058 1194 schismaticiS‚
2098 1118 2199 1200 qui
2232 1117 2381 1178 fide-

242 1219 330 1279 les
359 1240 481 1277 non
510 1228 670 1275 sunt.
706 1214 877 1288 Quod
917 1234 1057 1274 vero
1096 1212 1309 1272 dicitur
1343 1256 1361 1287 .,
1394 1218 1563 1272 salva
1601 1216 1837 1272 unitate
1867 1214 2153 1274 Ecclesz'ae
2190 1216 2383 1275 catho—
2445 1278 2451 1284 ,

150 1384 162 1390 N
247 1318 413 1386 lices,
445 1335 567 1373 non
593 1311 748 1394 sapit
777 1310 888 1369 nisi
918 1320 1322 1368 monstrosum
1351 1319 1601 1389 systema
1634 1307 1707 1367 ab
1734 1308 2067 1369 adversario
2092 1312 2385 1390 excogita-

246 1424 377 1472 tum
398 1436 414 1483 ς
438 1421 690 1490 systema
714 1406 891 1490 plane
913 1404 1273 1466 contrarium
1293 1405 1468 1464 sacris
1491 1405 1742 1482 Litteris,
1767 1426 1836 1464 ex
1855 1405 2064 1487 quibus
2085 1407 2381 1482 novimuS‚

247 1530 279 1568 a
318 1507 549 1568 Christo
588 1504 931 1563 universum
980 1523 1213 1583 gregem
1256 1523 1429 1560 suum
1468 1503 1679 1576 Petr0,
1723 1522 1790 1560 ac
1827 1502 2077 1583 proinde
2109 1502 2382 1583 legitimis

250 1608 372 1682 ejus
401 1602 464 1660 in
491 1600 601 1660 hoc
639 1600 897 1681 primatu
934 1596 1358 1658 successoribus
1378 1642 1396 1673 .,
1432 1596 1607 1657 fuisse
1632 1598 2011 1656 commissum
2029 1643 2046 1675 ,
2088 1610 2157 1658 ut
2181 1610 2382 1680 postea

253 1695 666 1770 ostendemus;
695 1706 950 1776 systema
985 1693 1347 1753 contrarium
1390 1703 1479 1754 est
1517 1694 1628 1752 toti
1660 1693 2030 1775 antiquitati,
2069 1715 2196 1776 quae
2236 1693 2385 1754 illud

249 1813 486 1876 prorsus
518 1791 811 1872 ignoravit
849 1790 963 1870 (2).

320 2051 386 2116 (l)
423 2051 547 2102 Ibid.
565 2049 593 2119 §
611 2068 638 2119 7
657 2086 673 2111 ‚
689 2067 776 2101 nec
790 2068 888 2099 non
904 2052 988 2100 cit.
1007 2047 1269 2099 Dissertat.
1359 2049 1511 2099 Pater
1529 2067 1639 2099 eum
1654 2051 1844 2099 miserit
1858 2050 2148 2115 (Ioumxvtl,
2170 2065 2256 2115 20,
2275 2051 2338 2098 23
2353 2050 2388 2111 ).

247 2150 350 2201 cap.
382 2151 435 2200 7.
1357 2131 1410 2181 Ε
1412 2150 1493 2199 rqo
1520 2133 1847 2199 quodcumque
1874 2133 2085 2181 schisma
2113 2135 2247 2181 intra
2279 2131 2387 2181 Ee-

312 2215 388 2282 (2)
426 2214 600 2265 Verum
619 2216 745 2283 quod
766 2218 911 2282 magis
939 2218 1118 2266 mireris
1149 2215 1272 2266 illud
1356 2215 1551 2265 clesiam
1598 2216 1883 2265 adversatur
1908 2214 2148 2264 voluntati
2185 2230 2288 2264 suoe
2340 2223 2387 2264 et

252 2307 351 2358 est,
375 2298 503 2364 quod
535 2298 734 2358 Palmer,
772 2301 854 2364 qui
884 2308 949 2347 tot
975 2298 1172 2364 paginas
1193 2301 1271 2348 in·
1359 2307 1528 2366 aperta
1569 2300 1811 2365 separatio
1853 2298 1913 2348 ab
1939 2301 2049 2366 ipsa
2072 2337 2086 2359 ‚
2119 2307 2189 2348 est
2221 2300 2385 2347 mani-

252 2381 455 2445 sumpsit
498 2380 558 2427 ad
594 2379 975 2444 persuadendum
1016 2381 1272 2431 lectoribus
1352 2381 1477 2447 festa
1516 2382 1845 2431 inobedientia
1905 2381 2085 2433 aDeo.
2124 2382 2388 2448 Quumque

252 2463 380 2521 suis,
413 2478 545 2525 posse
579 2462 840 2511 conservari
882 2464 1113 2512 unitatem
1140 2467 1191 2513 in
1230 2475 1276 2513 et

251 2559 360 2592 cum
399 2542 604 2593 Ecclesia
648 2545 875 2594 catholica
892 2583 907 2606 ‚
933 2564 1031 2595 non
1059 2547 1275 2597 obstante

247 2625 417 2675 actuali
432 2627 718 2691 separatione
735 2664 748 2685 ‚
767 2630 960 2692 ipsemet
978 2639 1136 2693 postea
1158 2647 1278 2694 pau-

251 2710 318 2757 cis
330 2706 486 2757 verbis
502 2708 719 2770 destruat,
738 2710 863 2775 quod
885 2721 1011 2758 tanto
1031 2709 1276 2759 molimine

251 2791 476 2840 aedilicare
502 2793 630 2840 nisus
663 2802 747 2840 est.
773 2789 958 2840 Etenim
980 2810 1118 2856 agens
1140 2828 1153 2851 ‚
1192 2810 1270 2858 op.

255 2873 336 2920 cit.
375 2882 493 2937 part.
538 2890 587 2933 1,
615 2888 721 2939 cap.
761 2873 819 2921 13
842 2910 856 2934 ,
885 2875 1103 2923 adversus
1137 2891 1275 2941 sepa-

253 2954 449 3003 ratistas
467 2993 481 3017 ,
529 2973 609 3005 seu
650 2956 921 3005 dissidentes
971 2957 1029 3006 ab
1071 2943 1275 3007 Ecclesia

261 3037 500 3102 anglicana
517 3076 530 3098 ‚
586 3038 709 3087 hanc
753 3039 841 3087 sibi
885 3057 939 3088 ex
989 3056 1149 3088 eorum
1198 3058 1275 3090 ore

255 3124 449 3186 opponit
460 3122 783 3172 difficultatem
801 3139 815 3172 ε
835 3122 1000 3171 Potest
1013 3123 1122 3171 dari
1137 3141 1274 3191 sepa-

252 3204 381 3251 ratio
392 3203 569 3268 absque
592 3205 847 3254 schismate
863 3242 876 3266 ‚
895 3207 1127 3271 quoniam
1144 3206 1274 3255 chri-

256 3286 409 3334 stiani
431 3295 632 3350 possunt
661 3305 757 3336 esse
783 3290 914 3337 inter
942 3305 991 3336 se
1024 3291 1275 3355 conjuncti

254 3368 314 3416 in
341 3366 480 3416 corde
509 3378 557 3415 et
587 3371 644 3416 in
674 3374 858 3437 spiritu
876 3407 892 3433 ,
924 3373 1144 3438 quamvis
1169 3374 1269 3440 offi-

252 3449 333 3498 cia
367 3448 618 3514 reliqionis
650 3453 930 3518 expleantur
971 3456 1030 3503 in
1068 3454 1271 3506 diversis

251 3530 410 3583 cultus
422 3530 558 3582 locis.
580 3532 840 3598 Respondet
873 3553 888 3586 τ
921 3536 1144 3601 Christus
1148 3540 1267 3603 jus-

248 3616 316 3663 sit
345 3615 596 3684 Apostolos
619 3633 730 3666 suos
750 3636 850 3668 esse
861 3622 1070 3687 perfecte
1088 3625 1263 3691 unitos,

248 3706 303 3746 ut
341 3699 553 3748 mundus
587 3717 863 3765 coquo-scere
907 3713 1094 3769 posset,
1141 3704 1270 3768 qaod

1357 2472 1580 2531 separata
1614 2464 1938 2532 conciliabula
1973 2481 2058 2513 seu
2107 2479 2384 2528 congressus

1359 2549 1614 2595 constituti
1638 2555 1791 2607 sunt,
1820 2555 1863 2594 et
1881 2545 2049 2595 oemuli
2074 2546 2295 2593 ministri
2305 2561 2387 2594 sa-

1358 2636 1532 2691 taqunt
1552 2627 1812 2692 proselytos
1829 2628 1992 2692 facere
2031 2644 2090 2676 ea·
2122 2626 2345 2676 Ecclesia
2367 2664 2382 2688 ‚

1359 2709 1652 2757 declarantes
1668 2712 1773 2775 ejus
1794 2709 1976 2758 cultum
1996 2747 2011 2769 ‚
2034 2712 2248 2774 reqimen
2269 2745 2283 2772 ,
2309 2726 2387 2758 re·-

1356 2790 1496 2855 9ulas
1526 2792 1598 2839 ita
1641 2792 2062 2858 antiscriptarales
2097 2809 2195 2840 esse
2231 2800 2275 2839 et
2308 2808 2386 2839 er-

1359 2889 1528 2921 roneas
1544 2911 1557 2934 ‚
1588 2882 1642 2921 ut
1662 2873 1926 2922 christiani
1943 2882 2200 2923 ten-eantur
2218 2873 2279 2921 ab
2296 2873 2382 2921 illa

1359 2956 1491 3002 exire
1522 2972 1579 3003 ac
1600 2972 1650 3004 se
1680 2972 1903 3022 separare
1923 2958 2155 3022 3quinam
2171 2963 2382 3020 proetea-

1358 3045 1436 3084 tus
1439 3046 1600 3104 potest
1612 3041 1768 3104 maqis
1782 3040 1952 3087 inanis
1959 3038 2227 3101 escoqitari
2237 3053 2384 3101 quam

1358 3121 1884 3189 ille‚qnopraetenditur
1896 3122 2098 3170 interior
2111 3137 2259 3168 comm
2267 3121 2385 3168 unio

1355 3208 1665 3273 affectionum
1685 3246 1698 3265 ‚
1726 3224 1832 3272 qaae
1856 3223 1888 3254 a
1912 3206 2079 3270 quovis
2093 3204 2224 3269 facto
2241 3203 2382 3269 salsi-

1356 3289 1468 3338 tatis
1508 3289 1779 3354 arquitur!⁹
1821 3287 2069 3354 Quomodo
2106 3288 2200 3336 hicv
2220 3297 2381 3336 auctor

1355 3373 1446 3421 sibi
1461 3374 1705 3432 cohaereat,
1721 3374 1818 3436 ipse
1834 3370 2001 3419 viderit
2023 3372 2157 3434 3satis
2170 3380 2238 3418 est
2255 3373 2381 3418 enim

1354 3456 1452 3504 haec
1479 3455 1710 3520 applicare
1738 3452 1975 3512 Ennianis,
1995 3469 2117 3519 quas
2133 3456 2230 3518 ipse
2246 3461 2378 3501 vocat

1352 3537 1640 3587 britannicas
1657 3573 1672 3597 ,
1699 3547 1909 3601 respectu
1925 3536 2140 3586 Ecclesiae
2155 3550 2376 3592 romanae,

1352 3639 1379 3670 a
1405 3637 1498 3687 qua
1531 3622 1682 3668 scissae
1718 3630 1826 3668 sunt
1848 3655 1862 3682 ,
1898 3630 1948 3669 ut
1989 3630 2082 3669 tota
2112 3614 2213 3685 ejus
2253 3615 2376 3665 labe-

1351 3703 1545 3752 factetur
1571 3701 1765 3752 theoria.
1787 3701 1935 3752 Tanta
1956 3712 2022 3753 est
2040 3705 2106 3751 vis
2135 3701 2334 3751 veritatis
2355 3698 2365 3746 !
