2514 4218
2075 163 2199 226 315

396 201 565 239 PART.
612 199 654 235 1.
698 196 851 235 SECT.
900 196 963 234 11.
1009 194 1136 233 CAP..
1183 195 1223 231 1.
1269 193 1339 230 m:
1382 190 1538 230 emm
1580 188 1853 228 PRIMA-Tu.

72 358 265 407 matus
289 343 572 423 dignitate
595 338 680 399 illi
703 339 809 398 soli
831 336 1038 399 collata
1062 337 1171 418 (l).
1207 336 1445 395 Certum
1464 332 1655 409 est‚2⁰
1670 330 1866 412 >ipsam
1888 327 2198 390 Ecclesiam

72 439 467 504 universalem
489 483 506 512 ,
537 435 884 497 orientalem
905 446 965 494 et
987 430 1408 492 occidentalem
1421 427 1696 491 eumdem
1714 447 1950 486 sensum
1963 424 2182 485 horum

75 537 388 600 verborum
423 533 744 615 professam
776 552 898 592 esse
923 531 984 587 in
1017 527 1266 586 formula
1296 525 1369 585 ab
1407 523 1717 585 Horinisda
1740 543 1889 581 rom.
1921 521 2202 583 Pontifice

75 628 488 693 subscribenda
527 627 821 710 proposita
841 622 1217 697 orientalibus
1236 624 1346 699 (2).
1370 623 1611 681 Certum
1628 630 1715 679 est
1737 615 1982 692 proinde
2005 616 2090 693 30,
2113 639 2206 677 re-

71 728 258 808 liquas
283 738 399 784 tres
426 724 958 806 interpretatione&
978 729 1180 801 postea
1203 718 1452 796 adjectas
1467 763 1482 792 ‚
1509 740 1631 776 non
1647 738 1772 777 esse
1795 714 1906 774 nisi
1926 714 2205 774 secunda·

72 825 185 883 rias
205 870 220 900 Ἰ
251 823 601 882 adventitias
623 867 638 896 .,
664 817 1062 902 temporaria5‚
1079 837 1149 874 ex
1166 815 1445 896 peculiari
1470 815 1766 874 occasione
1789 814 1954 872 datas
1971 858 1989 883 ,
2014 824 2074 872 et
2097 833 2204 894 per

75 919 396 1001 quamdam
416 963 431 992 .,
464 928 531 975 ut
552 917 717 974 aiunt
734 960 749 989 ‚
768 911 1171 974 extensionem
1188 909 1505 992 applicatas
1520 909 1644 967 aliis
1661 921 2052 991 praeterquam
2073 929 2202 988 per-

75 1036 233 1073 sonae
262 1013 418 1072 Petri
437 1055 459 1085 ,
488 1023 549 1072 et
572 1010 893 1093 genuinum
930 1027 1169 1065 sensum
1219 1007 1478 1065 minime
1500 1004 1806 1066 excludere
1824 1051 1840 1080 a
1886 1003 1989 1065 sed
2013 1003 2209 1065 eidem

77 1110 250 1168 inniti
290 1130 540 1190 eumque
576 1124 904 1188 supponere
937 1100 1053 1180 (3).

162 1205 304 1264 471.
357 1206 428 1263 Et
457 1224 595 1262 sane
622 1212 689 1260 ut
716 1222 757 1258 a
782 1202 974 1281 prima
1003 1197 1490 1279 interpretatione
1510 1243 1526 1272 7
1561 1217 1689 1279 quae
1721 1196 1990 1275 objicitur
2011 1242 2026 1272 ,
2055 1194 2209 1255 inci-

79 1301 309 1383 piamus
355 1323 370 1359 ε
410 1295 689 1360 Nonnulli
727 1298 925 1354 Patres
960 1293 1143 1356 verba
1183 1292 1399 1353 Christi
1437 1304 1748 1375 exponunt
1780 1293 1864 1352 de
1918 1290 2210 1374 Apostolis

77 1397 139 1454 in
171 1417 383 1475 genere
404 1440 421 1470 ‚
445 1396 608 1454 Disc.
638 1390 880 1451 Ratione
902 1389 1259 1472 apostolatus
1282 1434 1298 1463 ,
1327 1410 1490 1448 conc.
1541 1388 1768 1447 ratione
1799 1386 2208 1464 fundamenti,

79 1493 254 1551 subd.
277 1499 579 1571 exponunt
597 1486 669 1546 de
692 1485 979 1568 Apostolis
1014 1485 1100 1544 uti
1121 1484 1505 1545 fundamento
1529 1483 1891 1555 secundario,
1917 1483 2213 1551 conc.,·uti

79 1586 358 1669 primario
380 1631 398 1654 ,
413 1606 545 1664 wey.
566 1585 706 1656 Quae
723 1594 787 1641 ut
814 1581 993 1663 magis
1010 1582 1315 1662 patefiant,
1341 1577 1939 1640 animadvertendum
1967 1589 2056 1638 est
2078 1599 2212 1637 cum

80 1679 252 1740 Card.
271 1680 362 1739 Du
386 1682 626 1756 perron,
648 1677 940 1760 duplicem
960 1677 1236 1757 distingui
1261 1679 1327 1735 in
1346 1675 1632 1759 Apostolis
1647 1686 2001 1758 potestatem
2024 1721 2040 1750 ,
2064 1673 2216 1734 alte-

78 1798 206 1835 ram
239 1779 639 1834 intrinsecam
675 1787 736 1834 et
774 1776 1180 1847 essentialemg
1224 1772 1470 1833 alteram
1517 1794 1657 1834 vero
1698 1772 2127 1831 accidentalem
2154 1779 2215 1829 et

78 1874 470 1930 eatrinsecam
497 1914 514 1945 ,
559 1892 661 1929 seu
690 1869 896 1928 clarius
920 1868 1046 1928 aliis
1072 1868 1266 1929 verbis
1283 1877 1666 1950 ‚potestatem
1688 1868 1926 1933 ordinis
1958 1887 2024 1925 ac
2051 1875 2215 1947 pote·

80 1978 293 2027 statem
313 1968 801 2045 jurisdictionis.
845 1964 959 2029 Illa.
986 1977 1114 2026 erat
1136 1976 1392 2047 potestas
1443 1962 1757 2043 evulgandi
1793 1961 2175 2043 Evangelium
2196 2003 2214 2035 ,

82 2062 426 2121 conficiendi
455 2063 828 2122 Sacramenta
857 2107 874 2138 ‚
920 2062 1231 2145 Episcopos
1266 2072 1326 2121 et
1372 2059 1750 2141 Presbyteros
1788 2056 2168 2118 consecrandi
2196 2101 2214 2130 .,

85 2157 364 2216 Ecclesias
413 2157 738 2233 fundandi,
777 2169 838 2217 et
882 2157 1126 2231 similia3
1181 2156 1383 2217 isthaec
1413 2167 1538 2216 erat
1573 2165 1831 2237 potestas
1861 2151 2217 2238 praesidendi

85 2253 354 2316 fidelibus
378 2299 395 2330 ‚
444 2276 657 2337 eosque
695 2254 971 2334 regendi,
1012 2265 1275 2314 errantes
1308 2253 1626 2315 revocandi
1655 2263 1717 2313 et
1751 2250 2116 2331 corrigendi,
2153 2250 2218 2309 in

157 2542 222 2607 (l)
259 2540 359 2590 Cfr.
395 2541 538 2590 Card.
568 2541 646 2590 Du
676 2542 851 2591 Perron
870 2578 885 2602 ‚
921 2559 998 2607 op.
1025 2549 1110 2591 cit.

86 2640 187 2687 cap.
223 2620 320 2683 56,
353 2639 463 2690 pag.
503 2620 636 2686 448,
676 2625 757 2672 ubi
795 2623 955 2672 scribit
991 2641 1005 2671 ε
1036 2623 1112 2671 La

87 2705 343 2771 differem-e
363 2706 420 2753 de
447 2722 523 2754 ces
559 2705 688 2754 dena·
711 2707 1004 2771 eoepositions
1021 2713 1108 2767 est,

85 2803 176 2852 que
216 2785 344 2834 l'une
395 2794 464 2834 est
516 2787 792 2836 immediate
842 2796 887 2836 et
943 2787 1113 2838 l’autre

87 2868 293 2916 mediate
313 2905 328 2926 ,
367 2868 495 2916 l’une
524 2868 699 2917 directe
739 2878 783 2917 et
820 2868 987 2919 l’autre
1018 2868 1113 2918 col-

87 2947 316 3007 laterale,
353 2949 480 2998 l'une
509 2950 708 2999 litterale
732 2959 778 2999 et
811 2950 978 3000 l'autre
1011 2969 1112 3000 nto-

91 3031 189 3079 rale
208 3052 227 3090 ;
255 3031 384 3080 l'une
438 3032 677 3098 oriqinale
710 3041 755 3081 et
792 3032 1076 3100 perpetuelle
1094 3072 1108 3095 ,

94 3118 139 3158 et
152 3111 319 3162 l’outre
335 3117 590 3163 accessoire
608 3123 652 3164 ee
667 3115 933 3181 temporelle
946 3137 964 3172 ;
980 3109 1112 3165 l’u'ne

97 3197 346 3259 consi-ques
378 3197 459 3245 des
493 3197 535 3246 le
589 3207 988 3247 commencemem
1015 3236 1030 3258 ‚
1067 3209 1112 3249 et

96 3272 267 3325 l’autre
289 3281 550 3330 introducite
567 3299 668 3349 par
696 3283 937 3331 occasion.

167 3357 234 3422 (2)
272 3358 327 3407 ln
355 3362 442 3411 hac
485 3367 610 3414 enim
654 3364 855 3414 formula
886 3364 1057 3413 dicitur
1091 3380 1105 3414 ε

100 3438 280 3486 Prima
318 3440 449 3490 salus
484 3454 551 3494 est
577 3455 714 3495 recem
736 3447 859 3511 fidei
893 3445 1105 3511 requlam

92 3519 364 3584 custodire,
410 3529 456 3570 et
494 3539 526 3573 a
574 3526 786 3577 Patr-um
846 3529 1106 3578 traditione

92 3600 371 3650 nullatenus
388 3602 603 3668 deviare;
631 3611 748 3672 quia
763 3627 860 3660 non
867 3619 1022 3677 potest
1044 3609 1104 3660 D.

93 3682 161 3732 Ν.
198 3682 255 3735 J.
293 3681 481 3735 Christi
505 3691 808 3752 proetermiui
837 3695 1071 3743 sententia
1092 3730 1106 3749 ,

1196 2541 1399 2588 dicentis
1417 2561 1434 2587 .-
1465 2540 1546 2588 Tu
1575 2556 1623 2588 es
1646 2538 1826 2587 Petrus
1839 2576 1854 2596 ‚
1872 2548 1917 2586 et
1929 2555 2075 2605 super
2092 2538 2220 2588 hanc

1186 2631 1377 2688 petram
1423 2622 1671 2686 <edificabo
1718 2620 1993 2672 Ecclesiam
2039 2638 2218 2671 meam.

1195 2705 1320 2755 Hoec
1336 2743 1348 2767 ,
1370 2723 1478 2771 quoe
1515 2706 1647 2753 dicta
1669 2714 1811 2767 sunt,
1830 2705 2218 2770 rerum'proban·

1191 2796 1275 2836 tar
1306 2788 1552 2855 effectibus
1571 2805 1584 2851 3
1606 2790 1721 2852 qui-a
1749 2789 1805 2835 in
1828 2787 1934 2835 sede
1958 2787 2220 2853 apostolica

1191 2869 1494 2918 inviolabilis
1525 2886 1710 2936 semper
1743 2868 1980 2917 catholica
2008 2869 2219 2918 custodi-

1191 2960 1274 2999 tur
1309 2952 1495 3018 relz'qio.
1530 2952 1636 3002 Jam
1672 2970 1780 3002 vero
1815 2952 2038 3001 Bossueto
2070 2954 2220 3002 adno-

1191 3045 1355 3087 tante:
1397 3035 1521 3084 Hoec
1560 3034 1798 3101 professio
1844 3036 1905 3083 ab
1949 3035 2219 3084 Hormi-sola

1194 3120 1339 3183 Papa
1373 3117 1582 3177 dictata,
1623 3117 1683 3164 ab
1720 3117 1944 3166 omnibus
1960 3116 2220 3186 Episcopis

1190 3199 1505 3247 orientalibus
1568 3215 1828 3264 eorumque
1885 3202 2219 3266 antesiqnam‘s

1193 3280 1743 3348 Constantinopolim—nis
1802 3283 2100 3348 patriarchis
2148 3291 2220 3331 est

1189 3373 1441 3430 recepta...
1471 3373 1524 3411 ut
1559 3371 1738 3412 certum
1780 3364 1844 3414 sit
1872 3365 1999 3413 hanc
2027 3365 2216 3429 formu-

1189 3445 1288 3494 lam
1316 3463 1347 3494 a
1372 3454 1467 3494 tota
1490 3443 1711 3495 Ecclesia
1747 3446 1978 3496 catholica
2007 3462 2219 3511 compro·

1187 3527 1367 3579 batam.
1409 3527 1632 3593 Defensio
1691 3528 1903 3578 declarat
1938 3528 2055 3579 cleri
2087 3525 2214 3579 Gall.

1190 3611 1278 3663 lib.
1301 3630 1362 3661 xx
1383 3650 1398 3670 ,
1432 3613 1543 3661 alias
1567 3631 1626 3662 xv
1645 3648 1661 3677 ‚
1689 3631 1793 3681 cap.
1820 3629 1872 3679 7.

1261 3692 1330 3760 (3)
1358 3694 1456 3746 Crf.
1493 3695 1711 3747 Ballerin.
1751 3714 1826 3762 op.
1865 3697 1943 3745 cit.
1991 3711 2094 3760 cap.
2131 3710 2210 3743 12.
