2514 4218
358 263 515 302 PAn'r.
562 263 602 298 1.
653 262 801 299 SBCT.
847 263 909 300 11.
961 263 1083 301 CAP.
1130 263 1192 301 11.
1243 266 1310 301 DE
1358 265 1585 304 ans‘r.
1635 268 1856 307 PBRPET.

2054 248 2168 310 371
2217 322 2219 326 Α

57 410 186 467 nius
209 452 226 482 .,
262 405 335 465 de
362 404 475 463 fide
502 424 624 463 esse
648 425 958 463 romanum
979 405 1320 464 Pontificem
1351 427 1474 466 esse
1508 420 1893 467 successorem
1918 412 1980 470 B.
2013 412 2171 471 Petri

60 502 337 583 Principis
391 499 797 581 Apostolorum
819 544 834 574 ,
897 511 958 559 et
998 514 1204 560 verum
1247 500 1460 560 Christi
1506 502 1820 578 vicarium5
1875 511 2173 589 totiusque

61 597 318 657 Ecclesiae
356 607 560 677 caput„
604 607 780 676 atque
804 595 1070 654 omnium
1099 595 1564 657 Christianorum
1609 610 1838 681 patrem
1875 620 1941 659 ac
1969 595 2172 661 docto-

56 714 212 765 rem,
269 692 495 772 ipsique
545 691 604 748 in
669 692 729 749 Β.
788 694 961 751 Petro
1002 693 1335 767 pascendi,
1377 696 1625 772 regendi
1668 716 1741 754 ac
1772 698 2172 775 ymbernandi

59 788 455 846 universalem
506 787 840 846 Ecclesiam
880 807 910 844 a
955 785 1185 844 Christo
1233 785 1473 866 plenam
1511 798 1860 869 potestatem
1898 791 2174 853 traditam

61 905 203 942 esse.
257 883 318 940 Si
361 883 554 963 itaque
597 903 667 940 ex
706 880 901 960 regula
930 880 1162 940 Veronii
1205 878 1279 939 de
1314 881 1430 941 fide
1463 895 1552 941 est
1580 929 1595 956 .,
1638 907 1786 943 rom.
1832 887 2174 947 Pontificem

58 1000 182 1038 esse
208 978 364 1036 Petri
399 970 782 1036 successorem
801 1021 816 1049 .,
847 987 906 1034 et
942 975 1181 1056 plenam
1205 976 1266 1032 in
1312 978 1482 1036 Petro
1511 989 1861 1059 potestatem
1883 1003 1913 1040 a
1944 981 2174 1041 Christo

58 1068 342 1154 accepisse
375 1071 688 1153 pascendi,
729 1069 968 1150 regendi
1020 1091 1084 1129 ac
1129 1069 1497 1150 gubernandi
1536 1074 1931 1134 universalem
1975 1076 2173 1137 Eccle-

59 1169 238 1241 siam,
281 1189 478 1227 nonne
521 1165 837 1225 includitur
870 1164 930 1222 in
964 1167 1136 1224 verbo
1164 1172 1278 1225 Dei
1310 1168 1605 1228 motivum
1639 1170 2023 1230 institutionis
2051 1172 2175 1253 pri-

58 1273 251 1321 matus
271 1308 287 1337 ,
320 1262 393 1321 ad
424 1259 894 1321 constituendam
917 1260 1136 1320 scilicet
1158 1271 1218 1320 et
1240 1263 1706 1322 conservandam
1733 1267 1796 1323 in
1821 1277 2175 1347 perpetuum

60 1358 322 1419 Ecclesiae
355 1357 684 1418 unitatem?
720 1357 867 1416 Cum
899 1378 1038 1417 vero
1075 1357 1272 1436 'regula
1306 1376 1339 1417 a
1377 1359 1624 1418 Veronio
1669 1360 1883 1420 tradita
1925 1361 2177 1422 admissa

58 1455 133 1513 sit
176 1453 251 1514 ab
283 1452 552 1515 omnibus
589 1452 885 1512 catholicis
928 1452 1207 1533 theologis
1229 1499 1245 1527 7
1287 1474 1409 1512 non
1447 1464 1535 1513 est
1574 1475 1678 1514 cur
1710 1455 1772 1513 in
1814 1455 2178 1535 singulorum

57 1552 372 1610 sententias
399 1545 641 1608 ulterius
681 1549 1044 1630 inquiramus
1082 1550 1194 1628 (l)

143 1645 281 1707 541.
331 1643 417 1705 Ad
448 1641 565 1718 3¹¹¹,
596 1644 749 1725 Ney-
782 1649 1159 1724 suppositum
1178 1689 1193 1718 ,
1224 1642 1492 1704 videlicet
1515 1643 1707 1703 solum
1724 1645 2174 1726 Hieronymum,

64 1866 250 1931 exponit
274 1862 300 1930 S
327 1863 356 1912 3
376 1902 390 1927 ,
410 1865 462 1911 in
477 1861 740 1923 corollariis‚
760 1878 864 1928 quae
893 1862 1082 1910 deducit

68 1965 123 1997 ex
141 1965 231 1997 suae
246 1947 416 2013 regulae
444 1945 775 1995 declaratione.
797 1942 918 1992 Cum
942 1945 1083 2009 igitur

71 2044 126 2078 ex
153 2030 398 2078 traditione
437 2038 593 2093 aperte
638 2034 815 2076 constet
850 2025 988 2086 finis,
1019 2025 1080 2074 ob

75 2128 213 2175 quem
247 2109 456 2159 Christus
482 2111 677 2158 instituit
703 2112 981 2174 primatum,
1026 2094 1083 2156 li÷

73 2202 200 2258 quet,
231 2193 359 2241 hunc
374 2192 618 2242 articulum
637 2191 746 2240 fidei
769 2194 820 2239 in
833 2190 972 2240 verbo
997 2190 1083 2239 Dei

71 2272 281 2324 fundari.
340 2329 347 2336 ,

143 2358 209 2423 (l)
244 2356 473 2422 Quoniam
496 2373 603 2405 vero
634 2355 919 2404 adversarius
946 2353 1083 2402 nobis

76 2443 294 2505 opposuit
322 2439 639 2487 auctoritatem
673 2438 875 2486 Bossueti
905 2454 959 2484 ex
985 2434 1087 2501 ejus

78 2521 373 2585 Defensione
404 2520 630 2570 declarat.
665 2519 784 2567 cleri
815 2517 1051 2583 qallicani
1070 2556 1083 2576 ‚

75 2622 171 2653 non
191 2604 272 2653 ahs
289 2622 337 2652 re
351 2606 436 2652 erit
453 2603 699 2651 Meldensis
718 2600 932 2666 Episcopi
951 2601 1087 2648 verba

77 2688 127 2733 in
155 2687 361 2735 medium
405 2685 667 2744 adducere,
705 2683 876 2749 quihus
916 2681 1085 2730 thesim

79 2778 286 2817 nostram
307 2768 515 2816 adstruit.
543 2767 649 2815 Haec
674 2775 828 2814 autem
855 2758 1088 2813 habentur

81 2853 131 2898 in
161 2850 241 2898 illo
270 2851 369 2914 ipso
395 2850 526 2906 loco,
561 2867 615 2897 ex
645 2866 738 2914 quo
767 2847 945 2896 Palmer
980 2864 1087 2911 pro·

82 2933 204 2996 tulit,
221 2948 323 2998 quae
347 2932 481 2981 nobis
497 2931 674 2998 objicit.
690 2930 766 2979 Sic
781 2933 919 2996 igitur
933 2930 1089 2978 scribit

83 3013 323 3063 Bossuetus
346 3049 360 3072 ‚
399 3011 484 3062 lib.
511 3032 538 3061 x
565 3050 577 3072 ‚
608 3030 710 3078 eap.
750 3029 767 3060 ι
814 3030 827 3060 :
862 3011 940 3060 Ne
971 3011 1091 3076 quid

86 3098 360 3144 necessariae
376 3095 698 3162 disputationi
738 3094 861 3141 desit
879 3131 894 3152 ‚
933 3093 1092 3160 placet

86 3189 314 3246 exponere
340 3177 630 3226 luculentias
654 3176 777 3224 illud
808 3179 1055 3224 immotum
1075 3214 1087 3234 ‚

88 3257 211 3321 quod
233 3263 291 3306 in
315 3258 409 3321 fide
438 3259 579 3307 Petri
621 3272 779 3307 omnes
811 3258 871 3306 ab
906 3260 1093 3323 oriqi‘ne

89 3340 286 3403 aqnovit
320 3341 599 3405 antiquitas.
644 3340 711 3388 Id
745 3339 932 3407 duplici
959 3340 1094 3388 modo

91 3437 122 3468 a
148 3419 381 3468 Patribus
409 3421 692 3472 intellectum
720 3440 734 3471 ε
759 3424 980 3489 primum
997 3460 1010 3482 ,
1041 3429 1098 3469 ut

93 3499 316 3561 Ecclesia
342 3499 571 3551 catholica
605 3506 660 3552 in
703 3500 839 3552 Petri
876 3503 974 3568 fide
1003 3504 1097 3550 im-

91 3591 217 3631 mota
260 3583 492 3631 consistat
528 3621 541 3642 ,
607 3592 709 3632 tum
753 3594 808 3634 ut
847 3584 1095 3633 immotum

93 3663 280 3729 aliquid
299 3672 343 3713 et
359 3666 594 3713 invictum
609 3667 666 3713 in
691 3664 960 3717 Ecclesiam
974 3683 1092 3731 quo-

94 3763 182 3810 que
219 3746 511 3811 peculiarem
549 3763 794 3797 romanam
840 3765 897 3796 ao
939 3747 1094 3797 sedem

1162 1859 1468 1927 apostolicam
1485 1898 1499 1921 ‚
1523 1861 1666 1910 Petri
1671 1860 1789 1927 fide,
1805 1860 2179 1928 praedicatione,

1162 1946 1435 2008 sanquine,
1479 1945 1759 1993 auctoritate
1793 1961 1850 1993 ac
1888 1948 2183 1995 successione

1162 2025 1453 2099 translatura
1498 2025 1667 2090 fuerit.
1719 2026 1903 2075 Deinde
1923 2064 1936 2086 ,
1981 2030 2179 2077 recitatis

1164 2107 1334 2156 Christi
1351 2108 1502 2157 verbis
1521 2124 1535 2156 ε
1559 2110 1638 2156 Tu
1663 2123 1711 2155 es
1734 2103 1908 2156 Petrus
1926 2142 1943 2169 ,
1965 2119 2055 2158 etc.
2076 2127 2181 2174 pro-

1166 2193 1376 2256 sequitur
1422 2207 1436 2238 :
1485 2189 1678 2256 Quibus
1717 2189 1876 2238 verbis
1926 2190 2182 2254 Christus,

1164 2272 1251 2336 qui
1274 2289 1417 2319 suam
1441 2273 1653 2319 maxime
1683 2288 1834 2320 unam
1870 2271 2047 2321 volebat
2079 2271 2182 2323 Ec-

1166 2354 1358 2402 clesiam
1379 2391 1392 2412 ‚
1424 2356 1606 2402 creavit
1628 2347 1964 2418 maqistratum
1982 2354 2186 2421 amplis-

1167 2441 1291 2486 sima
1321 2455 1421 2497 proe
1456 2438 1641 2485 coeteris
1663 2445 1889 2502 potestate
1915 2452 1973 2484 ac
2009 2439 2185 2502 majes-

1169 2528 1260 2568 tate
1297 2521 1560 2586 praeditum
1585 2554 1600 2577 ,
1655 2521 1744 2583 qui
1780 2534 1941 2566 omnes
1985 2529 2189 2567 moveret

1168 2601 1233 2650 ad
1264 2604 1501 2650 unitatem
1521 2638 1534 2661 ‚
1556 2602 1769 2647 maxime
1798 2601 1853 2646 in
1878 2599 1995 2663 fide.
2029 2599 2189 2665 Atque
2260 2620 2273 2629 ·

1169 2683 1246 2731 his
1274 2683 1367 2732 duo
1382 2683 1577 2748 quidem
1595 2682 1899 2746 confir-mavit
1918 2698 1932 2730 ε
1962 2680 2186 2743 alterum,

1168 2764 1302 2814 haud
1330 2766 1571 2813 immerito
1617 2763 1822 2811 Petrum
1852 2765 2074 2811 omnium
2099 2780 2188 2812 no-

1170 2851 1302 2896 mine
1328 2846 1627 2914 respondisse
1646 2883 1660 2907 ,
1689 2845 1774 2910 qui
1796 2846 2013 2893 omnium
2034 2846 2184 2912 prin-

1171 2947 1281 2996 ceps
1310 2929 1370 2978 ab
1396 2931 1503 2995 ipso
1528 2928 1756 2993 maqistro
1797 2925 1988 2976 Christo
2015 2928 2190 2977 consti-

1172 3021 1302 3059 tutas
1329 3019 1446 3060 esset
1471 3030 1490 3073 ;
1519 3009 1720 3058 alterum
1742 3046 1754 3067 ‚
1792 3010 1975 3073 quoties
2004 3026 2188 3059 succes-

1173 3103 1298 3143 sores
1343 3092 1486 3141 Petri
1525 3107 1825 3140 communem
1852 3088 2186 3159 Ecclesiae-um

1170 3174 1346 3240 fidem,
1392 3192 1450 3224 ea·
1481 3173 1728 3223 conimuni
1763 3171 2058 3234 traditione,
2095 3191 2189 3240 pro

1174 3258 1326 3324 officio
1352 3243 1653 3324 promerent,
1706 3271 1870 3302 eorum
1907 3253 2182 3316 decretum,

1170 3339 1564 3406 praedicationem
1582 3374 1596 3397 ‚
1619 3336 1766 3401 fidem
1788 3374 1802 3398 ‚
1825 3335 1933 3402 sore
1956 3326 2188 3386 Ecclesioe

1169 3423 1562 3489 fundamentum.
1585 3420 1750 3471 Nescio
1767 3459 1779 3477 ,
1809 3431 1966 3471 utrum
1993 3423 2089 3470 hoec
2117 3440 2190 3471 ar-

1178 3504 1357 3554 rideant
1373 3503 1669 3573 Anglicanis.
1686 3502 1787 3552 cfr.
1806 3521 1915 3570 opp.
1944 3504 2056 3552 edit.
2076 3502 2188 3553 Ver-

1178 3589 1327 3637 sailles
1376 3586 1505 3637 1818
1527 3626 1540 3649 ‚
1576 3598 1690 3637 tom.
1736 3603 1882 3637 xxxin
1904 3622 1916 3644 ‚
1959 3603 2058 3651 pag.
2093 3582 2186 3649 148

1177 3679 1221 3718 et
1251 3685 1383 3736 seqq.

1850 3843 1950 3901 24.
