2514 4218
2078 165 2210 226 -379

407 191 566 226 Psn'r.
610 190 665 230 1..
700 187 855 224 SBG'r.
905 188 968 224 11.
1015 187 1138 225 cu.
1188 188 1255 223 11.
1306 188 1374 224 DE
1417 186 1645 226 PRIMAT.
1696 187 1918 226 marm·-

86 335 380 417 proposito
416 332 609 407 Pauli,
650 333 711 390 in
751 331 818 390 iis
855 343 1089 390 tantum
1129 331 1266 391 locis
1304 330 1659 412 praedicandi
1706 331 2112 412 Evangelium,
2148 331 2211 389 in

90 431 301 512 quibus
349 428 445 489 alii
504 426 760 508 Apostoli
804 427 1070 487 nondum
1123 426 1566 508 praedicassent,
1623 447 1728 495 ne,
1760 437 1826 485 ut
1870 427 1993 508 ipse
2030 425 2215 507 loqui-

87 539 224 596 tur,
267 545 451 602 super
490 525 757 582 alienum
793 524 1271 601 fundamentum
1311 523 1637 600 oedz'ficaret
1675 519 1895 601 (1).ἕίΟ
1935 521 2212 602 Explora-

87 633 214 679 tum
252 618 509 699 denique
553 629 640 676 est
673 617 829 699 apud
858 617 1113 678 eruditos
1134 661 1151 688 7
1189 617 1435 676 Petrum
1472 615 1807 698 Babylone,
1841 617 2213 696 Assyriorum

86 714 383 795 quondam
414 712 758 794 metropoli7
794 713 1049 795 priorem
1091 732 1254 768 suam
1291 712 1583 790 scripsisse
1611 710 1918 793 epistolam
1932 754 1955 782 ,1
1991 723 2057 770 ut
2080 733 2212 771 con-

85 821 202 869 stat
229 832 300 869 ex
336 811 357 867 Ι
396 811 556 869 Petr.
590 811 635 866 V
655 854 671 883 .‚
703 807 806 883 13,
836 828 900 866 ac
930 817 1242 888 propterea
1268 807 1443 868 etiam
1475 808 1856 887 posteriorem
1878 807 1952 866 ad
1977 806 2210 866 easdem

88 904 415 985 provincias
455 904 685 978 datam,
729 913 904 984 prout
934 923 1003 963 ex
1057 921 1182 981 cap.
1230 901 1346 974 ΙΙΙ,
1388 903 1455 972 l,
1505 900 1740 961 abunde
1788 902 1992 984 liquet.
2034 904 2211 962 Porro

87 1023 221 1060 cum
250 1001 401 1060 hanc
441 999 747 1081 epistolam
772 997 1034 1079 proxime
1068 1007 1205 1056 ante
1246 1009 1498 1056 mortem
1533 998 1740 1059 Petrus
1764 998 2208 1080 conscripserit,

89 1097 175 1155 uti
216 1101 336 1174 ejus
381 1095 557 1156 verba
604 1092 920 1154 ostendunt
965 1114 1093 1174 cap.
1127 1093 1181 1166 Ι,
1216 1092 1326 1165 14„
1384 1106 1585 1175 aperte
1629 1094 1843 1155 exinde
1887 1094 2209 1177 colligitur,

88 1193 447 1270 argumentis
469 1189 693 1249 biblicis
723 1187 934 1260 evinci,
959 1209 1152 1269 neque
1180 1190 1422 1249 Petrum
1454 1191 1697 1249 Romam
1716 1190 1943 1251 venisse
1965 1235 1980 1265 ,
2019 1210 2213 1271 neque

86 1287 150 1344 in
190 1308 255 1345 ea
302 1284 451 1347 urbe
498 1305 621 1347 esse
659 1285 937 1364 martyrio
984 1281 1278 1342 sublatum
1320 1283 1428 1361 (2).
1476 1284 1543 1342 40
1590 1284 1659 1343 Id
1701 1285 1895 1367 ipsum
1930 1295 2092 1367 patet
2138 1306 2214 1346 ex

88 1381 460 1463 chronologia
476 1399 703 1460 ,quam
726 1377 1009 1437 exhibent
1030 1383 1169 1437 Acta
1202 1377 1523 1460 apostolica
1543 1399 1610 1438 ac
1632 1380 1797 1448 Pauli
1821 1378 2109 1463 epistolas,
2140 1399 2215 1441 ex

87 1476 298 1558 quibus
319 1475 638 1536 certissime
662 1483 914 1548 constat,
949 1494 1107 1532 anno
1135 1493 1264 1533 aerae
1299 1473 1624 1536 christianas
1647 1474 1750 1548 66,
1777 1475 1840 1534 in
1868 1496 1985 1557 quo
2010 1477 2215 1534 Petrus

87 1573 365 1653 martyrio
402 1572 636 1630 functus
667 1567 1010 1650 perhibetur
1035 1614 1052 1643 ,
1104 1570 1302 1629 Romae
1328 1570 1526 1651 ipsum,
1574 1570 1817 1630 minime
1867 1570 2078 1650 degere
2102 1590 2216 1651 po-

90 1669 284 1733 tuisse.
325 1667 391 1731 5⁰
439 1668 571 1726 Haec
609 1676 806 1724 autem
853 1676 1196 1746 argumenta
1245 1665 1529 1724 infirmari
1589 1665 1929 1727 nullatenus
1971 1676 2216 1748 possunt

87 1783 158 1822 ex
199 1762 561 1844 antiquitatis
583 1760 934 1834 traditione3
970 1760 1175 1820 ceteris
1213 1760 1372 1819 enim
1407 1762 1655 1834 omissis,
1684 1784 1814 1843 quae
1838 1761 1959 1842 peti
1981 1770 2216 1841 possent

158 1954 224 2017 (1)
262 1953 400 2002 Rom.
427 1969 510 2013 xv,
552 1968 634 2002 20.
680 1951 748 1999 Ita
793 1951 1115 2000 Roscnmiillcr
1196 1955 1385 2017 proprio
1402 1963 1445 2001 et
1465 1971 1564 2001 non
1584 1954 1798 2018 figurato,
1822 1949 1954 2019 flag,
1975 1953 2099 2019 apud
2116 1952 2217 2003 Cel-

95 2038 277 2095 senior‚
323 2037 374 2083 in
403 2033 561 2084 Schol.
601 2037 655 2082 in
697 2035 832 2100 epist.
866 2032 931 2081 od
961 2035 1109 2081 Rom..

96 2117 208 2166 edit.
233 2135 280 2175 v,
306 2135 409 2182 pag.
445 2117 496 2165 3.

168 2198 233 2262 (2)
271 2198 336 2246 Ita
369 2198 638 2258 michaeus,
686 2198 1026 2246 Introduction
1045 2214 1112 2244 au

94 2279 331 2328 Nouveau
375 2279 682 2342 Testament‚
715 2279 895 2329 Geneve
940 2278 1065 2328 1823
1095 2315 1109 2338 ,

95 2373 210 2411 tom.
240 2379 320 2424 lv,
361 2372 472 2428 part.
500 2375 535 2409 ιι
554 2398 569 2421 ,
604 2363 680 2411 cb.
721 2378 782 2426 ²7
808 2398 822 2421 ‚
858 2380 906 2426 p.
941 2359 1040 2410 328
1069 2372 1112 2409 ct

91 2463 222 2511 seqq.
266 2447 341 2493 cui
378 2448 648 2510 praeiverant
673 2452 836 2510 praeter
862 2444 1113 2497 Calvinum

91 2527 179 2577 loc.
203 2531 286 2577 cit.
325 2527 544 2580 Erasmus
563 2566 577 2589 ‚
609 2528 804 2577 Drusius
821 2565 833 2586 ‚
862 2526 1076 2592 Capellus
1094 2566 1108 2589 ‚

89 2610 420 2676 Lyghtfootus‚
456 2609 726 2674 Bengelius,
775 2607 1071 2659 Wetstenius
1094 2649 1108 2671 ‚

90 2692 345 2756 Basnagius
368 2729 381 2751 ‚
427 2691 733 2740 Beausobrius
768 2689 939 2758 aliique
985 2693 1110 2758 apud

89 2772 193 2821 Pott
215 2811 228 2832 ‚
256 2776 306 2820 in
340 2791 418 2838 op.
443 2772 635 2821 Novum
668 2772 1111 2839 Testamentqroece

79 2866 318 2922 perpetua
336 2856 647 2906 adnotatione
659 2856 978 2921 illu-stratam,
999 2858 1108 2907 edit.

89 2939 339 3004 Kopianae‚
374 2940 465 2989 vol.
500 2944 549 2988 ix
570 2977 585 3003 ‚
626 2941 741 2989 fasc.
775 2944 841 3001 11,
885 2939 1110 3007 Gottingae

94 3019 220 3071 1810
240 3059 253 3082 ‚
287 3023 459 3088 proleg.
484 3039 592 3089 pag.
621 3022 681 3072 15
706 3033 751 3072 et
767 3041 903 3090 seqq.
927 3023 1011 3072 ubi
1033 3025 1110 3074 hic

90 3115 246 3153 auctor
258 3105 499 3154 Michaelis
515 3105 808 3172 aliorumque
829 3112 1108 3156 sententiam

92 3188 288 3234 maxime
310 3194 514 3236 statuere
527 3189 898 3254 confirmareque
920 3191 1106 3239 nititur.

95 3266 174 3313 His
204 3268 442 3318 addendus
464 3288 518 3319 ex
551 3271 888 3320 recentioribus
909 3271 1107 3337 exegetis

90 3349 276 3398 biblicis
307 3351 542 3403 Eichhorn
561 3393 575 3415 ‚
607 3353 881 3404 Introduct.
914 3356 969 3402 in
1005 3352 1106 3404 Νο-

90 3449 203 3478 vum
230 3431 362 3482 Test.
392 3435 502 3484 edit.
538 3452 588 3486 2.
619 3437 746 3501 Lips.
787 3435 912 3485 1820
935 3474 948 3496 ‚
978 3436 1107 3502 cujus

90 3513 229 3562 verba
260 3515 455 3564 inferius
487 3517 623 3567 dabo.
650 3518 716 3568 Ex
732 3518 978 3584 Catholicis
998 3536 1105 3568 vero

92 3596 162 3643 his
198 3599 507 3646 assentiuntur
526 3633 542 3658 ,
573 3600 732 3650 saltem
776 3602 928 3668 quoad
954 3604 1102 3652 inter-

90 3680 393 3742 pretationem
424 3682 550 3730 vocis
579 3680 848 3747 Babylonis
882 3686 933 3733 in
968 3702 1104 3733 seusu

1194 2035 1361 2094 leder,
1397 2031 1740 2083 Introduction
1758 2040 1772 2092 ,¹
1803 2047 1894 2085 etc.
1929 2054 2034 2102 pag.
2071 2034 2172 2103 467
2199 2074 2213 2098 ,

1194 2128 1238 2165 et
1264 2116 1430 2165 Scholz
1451 2154 1464 2177 ‚
1499 2121 1580 2184 qui
1615 2135 1698 2166 suo
1724 2117 1861 2169 Novo
1909 2118 2217 2168 Testamento

1191 2215 1341 2263 qroeoe
1366 2238 1381 2258 ,
1411 2199 1535 2264 Lips.
1566 2197 1691 2248 1830
1710 2237 1723 2259 ‚
1754 2201 1928 2265 proleg.
1966 2215 2072 2266 pag.
2099 2197 2213 2260 158,

1195 2282 1392 2330 scribere
1409 2299 1506 2330 non
1531 2283 1758 2330 dubitavit
1782 2299 1797 2330 ε
1817 2280 2052 2347 Epistola?
2077 2280 2219 2331 Petri

1195 2365 1253 2411 in
1292 2364 1647 2429 [Mesopotamia
1682 2363 1800 2411 inde
1830 2364 1891 2411 ab
1932 2379 2015 2411 an.
2060 2362 2126 2413 53
2153 2363 2219 2411 ad

1194 2462 1282 2494 on.
1310 2462 1373 2512 70
1406 2445 1932 2509 (tran-scribebantur).
1953 2445 2020 2494 Ex
2047 2445 2220 2512 quibus

1194 2539 1319 2593 patet
1336 2565 1350 2585 ,
1381 2529 1509 2577 hunc
1539 2539 1770 2579 auctorem
1796 2545 1893 2578 non
1918 2528 2069 2577 solum
2097 2528 2219 2577 affir-

1195 2628 1321 2659 mare
1338 2646 1355 2672 ‚
1384 2611 1572 2658 Petrum
1599 2610 1835 2677 Babylone
1863 2611 2216 2676 Mesopotamiae

1194 2695 1390 2758 priorem
1440 2695 1666 2758 scripsisse
1709 2693 1952 2759 epistolam
1991 2730 2005 2754 ‚
2051 2710 2214 2742 verum

1192 2778 1330 2826 etiam
1340 2777 1666 2841 posteriorem,
1690 2786 1734 2824 et
1759 2775 1947 2842 quidem
1973 2774 2031 2823 ab
2055 2793 2131 2824 an.
2148 2772 2214 2825 53

1193 2859 1251 2906 ad
1277 2876 1355 2906 an.
1392 2875 1469 2924 70.
1500 2858 1620 2906 Cum
1659 2876 1765 2907 vero
1801 2857 1962 2906 Petrus
1997 2859 2213 2924 martyrio

1191 2939 1399 2990 sublatus
1426 2941 1565 2989 fuerit
1589 2944 1723 3006 juxta
1749 2957 2050 2989 communem
2081 2950 2210 2990 vete-

1190 3039 1296 3070 rum
1321 3025 1600 3072 sententiam
1618 3040 1696 3071 an.
1719 3024 1904 3072 circiter
1928 3019 1997 3071 66
2020 3059 2033 3082 ,
2050 3039 2215 3074 conse-

1192 3121 1342 3170 quens
1373 3116 1469 3165 est,
1497 3122 1549 3152 ex
1575 3115 1730 3153 mente
1763 3100 1907 3170 hujus
1944 3106 2177 3171 scriptoris
2194 3145 2207 3167 ‚

1190 3186 1376 3234 Petrum
1391 3203 1479 3235 nec
1489 3186 1645 3235 Romae
1661 3187 1822 3249 fuisse,
1844 3180 1996 3254 neque
2011 3187 2211 3238 ibimor-

1191 3278 1285 3317 tem
1305 3269 1472 3318 obiisse
1500 3271 1635 3335 juxta
1658 3280 1983 3338 argumentum
2007 3270 2206 3320 Calvini.

1191 3351 1364 3401 Omitto
1396 3389 1410 3411 ‚
1451 3362 1499 3401 ut
1534 3362 1659 3415 patet
1687 3390 1700 3412 ‚
1746 3353 2157 3403 anachronismum
2185 3387 2202 3414 ,

1188 3436 1313 3501 quod
1342 3452 1509 3500 nempe
1536 3436 1632 3484 dari
1665 3439 1900 3500 potuerint
1927 3455 1951 3485 a
1974 3437 2106 3485 Petro
2125 3453 2202 3489 an.

1193 3534 1257 3583 70
1277 3519 1480 3584 epistolae
1503 3557 1516 3579 ‚
1541 3537 1689 3587 quum
1706 3523 1802 3587 ipse
1825 3521 1965 3571 fuerit
1985 3520 2204 3584 martyrio

1188 3601 1373 3651 functus
1391 3620 1470 3651 an.
1500 3598 1586 3651 66.
