2514 4218
383 181 539 222 PARr.
584 182 626 216 1.
675 178 827 217 SECT‘.
877 181 942 217 11.
993 177 1116 218 CAP.
1165 179 1204 217 1.
1250 180 1317 216 DE
1361 178 1518 216 PETRI
1560 174 1829 216 PRIMATU.

2057 155 2173 216 317

58 327 421 390 concinniter
437 369 455 400 ‚
480 323 664 381 immo
686 321 1032 404 insipienter
1049 343 1172 382 esse
1186 321 1447 382 locutum
1461 322 1490 379 ?
1514 321 1715 403 Itaque
1735 343 1858 380 non
1872 320 2135 382 Christus
2156 368 2174 400 ,

53 425 154 485 sed
190 426 392 483 Petrus
422 438 530 500 per
573 416 718 476 illud
740 429 934 497 petrae
983 403 1336 476 vocabulum
1379 416 1546 498 apud
1580 415 1925 477 Matthaeum
1952 419 2178 498 signifi·

53 531 216 580 catur
236 561 253 591 ,
280 524 458 597 prout
488 513 679 597 reipsa
714 513 1008 574 versiones
1031 532 1239 571 omnes
1268 557 1284 586 ,
1314 512 1361 570 si
1399 510 1698 591 vulgatam
1734 510 1986 593 excipias
2004 557 2023 588 ,
2049 532 2178 594 quae

58 613 319 695 sequitur
342 620 572 671 textum
599 629 849 689 graecum
867 608 959 690 (l)
973 653 990 677 ,
1013 604 1238 667 habent
1259 616 1600 667 constanter
1626 629 1641 666 ε
1679 608 1766 666 Tu
1791 627 1851 666 es
1868 617 2043 685 petra
2065 651 2086 680 ,
2116 618 2180 668 et

54 885 285 932 immerito
330 898 502 930 nomen
549 889 674 945 gerat
707 881 748 928 ei
785 878 1070 944 impositum.

56 964 164 1012 Haec
183 974 337 1012 autem
352 964 574 1011 correctio
593 961 768 1026 duplici
787 962 963 1008 ratione
982 958 1036 1005 fit
1055 974 1069 1005 z

56 1058 135 1094 aut
158 1046 330 1094 scilicet
363 1061 446 1110 per
468 1045 756 1109 negationem
791 1058 846 1090 ac
876 1039 956 1104 per
987 1055 1073 1088 an-

58 1127 258 1175 tithesim
278 1164 291 1187 ,
335 1129 404 1175 uti
436 1142 544 1174 cum
583 1123 754 1172 Noemi
800 1122 917 1171 dixit
949 1137 964 1168 t
998 1117 1073 1169 Ne

55 1211 227 1257 vocetis
252 1224 326 1255 me
353 1206 532 1256 Noemi
547 1242 563 1267 ‚
585 1205 636 1254 id
659 1214 759 1265 est,
779 1201 1036 1269 pulchram
1053 1239 1068 1263 ‚

60 1291 140 1339 sed
173 1300 331 1338 vocate
362 1306 437 1337 me
467 1288 640 1346 Mara,
659 1286 707 1334 id
723 1294 790 1334 est
807 1284 1068 1350 Amaram3

58 1382 135 1420 aut
159 1390 238 1437 per
269 1371 614 1420 translationem
634 1405 648 1428 ‚
678 1377 906 1434 quatenus
933 1369 1073 1432 signi-

58 1454 223 1502 ficatur
263 1453 390 1502 alteri
417 1452 569 1516 potius
610 1467 751 1515 quam
790 1448 863 1497 illi
898 1466 1070 1497 nomen

58 1537 200 1599 aptari
222 1572 236 1595 ,
277 1535 351 1583 eui
376 1533 642 1597 impositum
675 1539 776 1594 est3
801 1532 945 1580 veluti
971 1549 1078 1580 curn

60 1615 111 1665 S.
150 1615 431 1682 Augustinus
475 1614 672 1680 loquens
719 1614 776 1662 de
818 1611 1078 1676 Absalom‚

61 1702 193 1765 cujus
222 1688 395 1745 nomen
444 1696 674 1760 significat
691 1703 883 1760 patrem
916 1697 1078 1761 pacis,

63 1781 218 1829 asserit
283 1794 445 1827 verum
513 1776 735 1826 Absalom
789 1794 888 1825 esse
946 1777 1082 1824 Chri-

60 1873 160 1911 tum
206 1861 385 1911 Jesum.
442 1860 584 1917 Porro
615 1863 655 1909 si
712 1877 821 1908 cum
874 1859 1083 1908 Christus

60 1944 174 1992 dixit
203 1961 218 1992 ε
254 1944 337 1991 Tu
374 1960 422 1991 es
454 1939 632 1990 Petrus
655 1979 668 2003 ‚
708 1950 752 1990 et
787 1958 932 2007 super
958 1940 1109 1989 Itane.

54 2033 243 2089 petram
269 2024 518 2089 oedificabo
551 2023 776 2072 Eeesiam
795 2040 976 2084 meam,
998 2041 1083 2089 pe·-

65 2116 145 2154 trae
178 2123 290 2155 voce
329 2107 604 2171 significavit
648 2105 773 2154 Petri
806 2123 1083 2170 personam,

65 2187 222 2236 facere
244 2185 394 2236 voluit
412 2187 686 2236 allusionem
703 2178 1048 2252 approbationis
1068 2204 1083 2251 ;

67 2270 194 2335 quod
237 2272 274 2317 si
309 2269 604 2318 intellexisset
643 2272 877 2334 seipsum,
906 2270 1086 2318 fecisset

68 2352 342 2401 allusionem
381 2351 702 2400 translationis
735 2388 749 2411 ,
799 2367 854 2399 ac
894 2350 1088 2415 proinde

70 2436 384 2482 correctioni&
434 2432 497 2481 At
540 2436 696 2483 omnia
734 2433 953 2498 adjuncta
990 2432 1088 2480 cla-

39 2510 43 2514 ’
70 2525 229 2575 mant,
250 2514 485 2563 Christum
504 2515 583 2562 hic
609 2514 741 2562 nullo
761 2514 900 2562 modo
933 2516 1092 2562 inten-

69 2597 189 2645 disse
241 2597 471 2663 ejusmodi
518 2598 849 2645 correctionem
885 2606 966 2643 aut
1007 2598 1091 2643 im-

70 2678 389 2746 probationem
417 2678 554 2729 Petro
584 2680 733 2727 Facere
760 2715 773 2738 ‚
809 2678 1002 2743 perinde
1037 2695 1091 2726 ac

74 2765 111 2812 si
151 2762 398 2829 Apostolus
439 2763 629 2828 indigne
664 2762 787 2811 Petri
827 2779 910 2811 seu
946 2767 1087 2827 petrae

77 2862 249 2893 nomen
291 2844 360 2892 illi
398 2845 669 2908 impositum
708 2845 950 2909 gessisset,
989 2853 1090 2891 tum

75 2928 180 2992 quia
213 2928 408 2991 ipsemet
438 2925 648 2975 Christus
685 2925 753 2973 illi
786 2925 875 2972 hoc
919 2942 1092 2973 nomen

77 3008 356 3072 imposuerat
382 3046 395 3069 ‚
424 3018 526 3056 tum
555 3010 666 3074 quia
703 3007 852 3056 voluit
882 3005 1092 3056 Christus

80 3093 357 3139 remunerari
374 3089 476 3156 ejus
489 3090 598 3140 fidei
614 3091 947 3139 confessionem
966 3126 979 3147 ‚
993 3099 1093 3138 tum

80 3167 275 3236 denique
301 3176 409 3239 quia
437 3173 567 3222 hunc
597 3190 782 3221 sensum
812 3172 1016 3221 excludit
1034 3171 1092 3219 il-

80 3251 164 3299 lud
179 3253 415 3304 exordium
436 3272 449 3306 ε
467 3257 650 3305 Beatus
667 3273 716 3304 es
729 3294 745 3313 ,
773 3254 946 3303 Simon
961 3255 1092 3303 Bar-

79 3331 226 3383 Jona.
244 3333 400 3386 Restat
413 3341 572 3404 igitur,
591 3350 644 3388 ut
661 3339 876 3388 Christus
899 3338 1096 3387 voluerit

77 3414 222 3464 facere
277 3416 547 3469 allusionem
609 3421 954 3487 approbationis
986 3458 1000 3482 ,
1043 3438 1097 3469 ac

81 3497 275 3560 proinde
288 3497 376 3547 hoc
398 3503 587 3550 nomine
615 3501 736 3552 Petri
748 3520 991 3568 personam
1017 3502 1096 3552 de-

80 3581 356 3644 signaverit,
402 3600 498 3631 non
531 3571 686 3633 autem
724 3588 944 3652 seipsum.
993 3586 1092 3638 Cfr.

82 3679 159 3727 op.
187 3665 261 3711 cit.
294 3681 397 3730 pag.
426 3661 526 3727 465
557 3676 602 3715 et
632 3683 758 3733 seqq.
813 3725 820 3734 Ι

1235 876 1302 940 (1)
1340 875 1472 925 Ratio
1500 876 1644 943 hujus
1674 881 1973 940 mutationis,
1991 880 2042 926 in
2054 888 2183 929 textu

1158 973 1309 1022 graeco
1334 995 1346 1018 ,
1369 958 1515 1010 Petri
1543 967 1589 1006 et
1606 958 1770 1007 Petroe
1793 998 1806 1018 ‚
1840 960 2099 1010 desumitur
2125 978 2183 1011 ex

1156 1041 1430 1103 proprietate
1454 1041 1626 1105 linguae
1645 1057 1798 1107 graecae
1815 1078 1829 1102 ‚
1861 1045 1912 1090 in
1933 1060 2027 1108 qua
2045 1059 2181 1093 voees

1157 1117 1327 1187 Πέτρας
1354 1131 1399 1169 et
1423 1118 1570 1188 πέτραι
1601 1125 1653 1170 in
1680 1124 1938 1172 masculino
1964 1141 2019 1172 ac
2043 1125 2181 1174 femi-

1155 1206 1273 1252 nino
1305 1222 1469 1268 genere
1499 1208 1758 1270 promiscue
1797 1217 2080 1273 usurpantur
2123 1207 2186 1258 ad

1154 1284 1278 1335 idem
1299 1287 1678 1350 significandum.
1694 1288 1815 1337 Cum
1829 1291 1967 1354 igitur
1979 1289 2190 1340 Christus

1153 1367 1324 1416 dixerit
1359 1370 1534 1433 syriace
1562 1385 1576 1416 ε
1629 1369 1703 1417 Tu
1733 1388 1780 1418 es
1811 1371 1957 1435 cepha
1991 1373 2188 1437 (petra),

1155 1460 1201 1499 et
1240 1468 1376 1516 super
1416 1452 1538 1500 hanc
1574 1452 1721 1517 cepha
1776 1452 2024 1518 (petram)
2075 1457 2189 1506 aedi-

1161 1533 1310 1582 ficabo
1361 1533 1614 1582 Ecclesiam
1661 1519 1812 1582 meam
1831 1571 1845 1593 ‚
1897 1553 2065 1600 graecus
2112 1539 2189 1586 in-

1162 1624 1361 1680 terpreS,
1419 1618 1641 1681 quoniam
1685 1616 1735 1664 id
1786 1617 1944 1682 lingua
1986 1619 2190 1680 ferebat,

1162 1699 1475 1747 masculinum
1495 1716 1638 1763 genus
1657 1698 1780 1747 Petri
1800 1716 2006 1763 personae
2023 1738 2037 1761 ‚
2055 1701 2191 1750 femi-

1163 1794 1308 1825 neum
1334 1780 1419 1837 rei,
1449 1793 1552 1843 quae
1579 1777 1927 1842 significabatur
1947 1815 1961 1839 ‚
1996 1796 2185 1828 accom-

1165 1860 1390 1909 modavit.
1426 1860 1655 1925 Vulgatus
1686 1861 1853 1909 latinus
1879 1873 2103 1928 sequutus
2123 1873 2192 1913 est

1164 1946 1462 2009 interpretem
1506 1960 1723 2008 graecum.
1761 1943 1949 1999 Grotius
1986 1949 2190 2011 penitio-

1166 2043 1262 2074 rem
1292 2027 1521 2074 rationem
1550 2025 1779 2085 exhibet,
1810 2044 1953 2093 quare
1986 2027 2193 2083 Matthaei

1163 2109 1391 2173 interpres
1426 2109 1670 2157 mutaverit
1695 2125 1838 2173 genus
1860 2147 1873 2169 ,
1907 2111 2017 2176 quia
2043 2113 2188 2159 nimi-

1166 2207 1271 2238 rum
1289 2187 1447 2256 πέτρος
1462 2191 1636 2238 usitate
1667 2190 1716 2238 id
1741 2208 1838 2238 non
1870 2191 2159 2255 significabat
2175 2231 2190 2254 ‚

1168 2273 1292 2338 quod
1318 2271 1530 2319 Christus
1553 2271 1813 2319 indicatum
1831 2273 2014 2321 volebat
2030 2311 2044 2334 ‚
2061 2274 2193 2324 vide-

1167 2354 1276 2402 licet
1296 2368 1468 2399 saxum
1490 2353 1582 2400 tale
1601 2389 1615 2412 ‚
1634 2370 1771 2417 super
1783 2370 1876 2418 quo
1890 2354 2066 2420 aliquid
2086 2355 2195 2404 aedi-

1169 2435 1298 2483 ficari
1333 2434 1475 2483 soleat
1498 2449 1513 2495 3
1539 2434 1652 2482 hinc
1678 2436 1878 2499 positum
1908 2452 2002 2484 esse
2021 2434 2187 2503 πέτραι.

1171 2515 1386 2566 Ceterum
1419 2533 1550 2564 nunc
1576 2518 1719 2564 etiam
1763 2520 2037 2567 recentiores
2077 2518 2192 2568 Pro-

1174 2608 1386 2647 testantes
1425 2600 1843 2663 interpretationem
1902 2603 2095 2664 petitam
2134 2620 2191 2651 ex

1171 2680 1364 2729 vocibus
1378 2678 1538 2746 πέτρας
1557 2690 1602 2728 et
1623 2679 1768 2747 πέτραι
1785 2679 2058 2746 explodunt.
2076 2680 2194 2733 Satis

1172 2765 1231 2811 sit
1243 2764 1321 2811 hic
1334 2763 1592 2812 exscribere
1607 2763 1746 2812 verba
1758 2763 1990 2812 Kuinoiilii
2004 2768 2056 2813 in
2065 2766 2195 2815 hune

1174 2845 1266 2894 loc.
1283 2843 1437 2904 Male,
1459 2847 1630 2911 inquit,
1640 2846 1806 2909 plures
1822 2847 2096 2911 interpretes
2102 2864 2196 2914 per

1172 2924 1335 2994 πέτραν
1368 2926 1703 2976 intellexeram
1734 2925 1810 2974 vel
1834 2926 2079 2976 Christum
2117 2930 2194 2994 ip-

1173 3027 1280 3058 sum
1299 3009 1378 3058 vel
1391 3009 1735 3076 professionem
1759 3009 1896 3057 Petri
1919 3019 2029 3058 ante
2050 3028 2098 3060 v.
2134 3008 2195 3060 16

1173 3092 1370 3143 editam.
1416 3091 1475 3140 V
1468 3093 1538 3142 id.
1577 3087 1774 3141 Suieers'
1786 3127 1802 3148 ,
1846 3091 1995 3141 Thes.
2033 3091 2194 3149 eccles.

1173 3173 1265 3222 leae
1292 3190 1395 3223 voc.
1415 3191 1438 3235 ,·
1478 3170 1696 3235 Wolfius
1741 3172 1800 3219 in
1848 3171 2031 3232 Cur-iu
2052 3173 2193 3223 ’Κοθ-

1173 3255 1343 3304 cherus
1360 3294 1374 3316 ‚
1424 3254 1556 3307 ana-l.
1606 3253 1672 3301 ad
1715 3253 1843 3302 hunc
1885 3254 1977 3305 loe.
2030 3256 2195 3320 Neque

1176 3355 1282 3387 vero
1309 3338 1376 3387 ad
1400 3338 1489 3386 has
1521 3344 1758 3384 contortas
1781 3338 2195 3403 interpretationes

1179 3421 1502 3487 confuqissent
1514 3421 1791 3485 interpretes
1805 3454 1821 3480 ‚
1846 3422 1893 3467 si
1912 3436 2010 3467 non
2027 3420 2195 3485 ponti-

1170 3503 1278 3566 ficii
1293 3521 1319 3552 e
1351 3502 1505 3551 verbis
1521 3498 1598 3550 καὶ
1619 3497 1692 3551 ἐπὶ
1715 3523 1856 3564 ταυτῃ
1879 3524 1933 3562 τῃ
1953 3498 2113 3565 πέτρᾳ,
2130 3501 2196 3548 ad

1177 3584 1381 3634 Petrum
1401 3583 1584 3647 relatis,
1608 3582 1732 3632 maele
1749 3602 1806 3632 ac
1814 3599 2067 3650 perperam
2086 3583 2197 3631 vin-

1180 3667 1343 3717 dicare
1367 3666 1628 3717 voluissent
1647 3669 1792 3716 Petri
1815 3664 2160 3715 successoribus
2176 3701 2192 3725 ‚
