2514 4218
2095 195 2212 255 483

337 218 494 256 PART.
542 219 583 253 1.
627 216 779 253 SEC'I'.
808 215 871 253 11.
921 215 1043 253 GAP.
1096 216 1184 252 111.
1229 215 1300 252 DE
1346 213 1476 254 NAT.
1526 215 1594 252 ΕΤ
1638 216 1760 253 JUR.
1815 217 1971 253 Pam.

95 358 299 416 classes
331 357 698 438 dispescunt7
730 377 983 436 quorum
1006 354 1115 413 alia
1143 356 1482 414 essentialia
1507 347 1720 415 vocant
1738 399 1754 429 ,
1790 365 1993 437 utpote
2020 377 2215 416 neces-

96 455 242 511 sario
269 473 423 519 nexu
451 471 585 508 cum
616 451 874 531 primatu
901 451 1030 530 ipso
1065 447 1329 529 colligata
1346 494 1364 524 ‚
1390 460 1566 530 atque
1589 470 1622 507 a
1645 470 1794 507 rom.
1826 450 2206 510 Pontificibus

96 569 194 605 sex
229 556 329 604 aut
359 555 586 626 septem
623 543 914 624 prioribus
944 543 1208 603 Ecclesiae
1237 543 1442 602 seculis
1474 545 1724 603 exercita
1761 544 1888 624 (l);
1921 544 2031 604 alia
2070 567 2210 606 vero

93 651 441 721 nuncupant
481 640 880 698 accidentalia
920 638 1042 698 sive
1087 641 1446 707 accessoria,
1489 660 1556 698 eo
1598 638 1756 720 quod
1800 637 1874 698 ab
1909 638 2013 698 illo
2054 660 2210 700 nexu

94 735 337 793 minime
369 734 781 815 dependeant,
825 754 889 792 ac
927 732 1159 792 illorum
1195 732 1533 792 exercitium
1570 731 1808 792 nonnisi
1850 734 2042 794 medio
2088 755 2210 797 aevo

94 852 278 912 penes
318 851 471 888 rom.
517 830 823 889 Pontifices
855 828 1129 909 coeperit3
1166 849 1311 909 quos
1340 840 1440 887 aut
1470 850 1580 910 ope
1609 829 1940 890 Isidorianae
1968 831 2207 906 mercis,

93 937 194 984 aut
233 936 432 1005 aperta
474 925 884 1005 usurpatione,
932 923 1110 982 fretos
1154 923 1471 984 universali
1519 923 1617 983 illa
1665 925 1992 1004 ignorantia
2020 969 2038 1000 ,
2078 947 2208 1008 quae

93 1032 235 1079 tunc
264 1021 545 1101 temporis
579 1019 1022 1092 dominabatur,
1059 1029 1235 1099 atque
1260 1018 1507 1100 proinde
1526 1019 1752 1098 jurium
1784 1021 2048 1079 omnium
2069 1042 2212 1080 con-

93 1116 319 1174 fusione
343 1136 411 1174 ea
442 1114 553 1173 sibi
575 1134 864 1195 arrogasse
892 1114 1263 1172 contendunt
1289 1115 1396 1193 (2).
1431 1114 1717 1174 Nimirum
1755 1117 2068 1197 pontificias
2105 1138 2211 1175 au-

94 1209 374 1267 ctoritatis
405 1209 696 1270 vaferrimi
717 1209 908 1266 hostes
937 1206 1086 1266 nihil
1101 1209 1458 1269 intentatum
1486 1209 1779 1291 reliquum
1803 1210 2025 1270 faciunt
2043 1257 2059 1286 ,
2095 1233 2212 1293 quo

95 1303 171 1362 ad
210 1315 556 1385 pertenuem
602 1301 871 1362 umbram
915 1304 1243 1384 speciemve
1288 1304 1610 1385 primatum
1658 1307 2021 1387 pontificium
2064 1307 2213 1386 deji-

96 1400 251 1458 ciant
270 1445 285 1475 ,
326 1400 407 1459 ita
441 1411 506 1459 ut
536 1398 771 1457 nonnisi
796 1419 1016 1457 nomen
1048 1409 1150 1457 aut
1178 1397 1495 1479 quamdam
1516 1403 1990 1481 praeeminentiae
2017 1414 2076 1462 et
2100 1402 2213 1462 ho-

96 1497 254 1554 noris
300 1494 741 1578 praerogativam
787 1492 943 1553 inter
984 1515 1153 1575 pares
1199 1515 1352 1552 rom.
1409 1494 1675 1552 Pontifici
1725 1494 2098 1577 relinquant,
2149 1518 2214 1556 re

97 1602 295 1650 autem
322 1610 559 1649 omnem
591 1610 790 1649 veram
807 1588 1274 1666 jurisdictionem
1297 1589 1565 1670 eripiant.
1595 1588 1887 1650 Videntur
1907 1590 1970 1649 hi
1997 1590 2215 1651 scilicet

94 1684 206 1744 sibi
240 1684 608 1767 triumphum
643 1705 812 1764 agere
834 1728 851 1757 ,
898 1683 1041 1743 dum
1063 1728 1080 1759 ,
1114 1684 1551 1766 conspiratione
1583 1705 1715 1743 cum
1750 1684 2212 1746 Protestantibus

94 1954 190 1992 mat
216 1961 271 1991 ex
295 1946 396 2008 jure
419 1944 627 1991 humano
644 1979 658 2003 ‚
685 1959 739 1990 ac
762 1951 1000 2007 propterea
1023 1941 1109 1989 ad-

95 2026 289 2073 scititiis
316 2024 615 2082 adnumerat,
644 2024 859 2089 pleraque
882 2030 992 2072 sunt
1007 2059 1020 2081 ,
1041 2033 1109 2071 at-

96 2124 189 2172 que
244 2108 390 2169 ipsam
441 2105 804 2171 jurisdictionem
825 2121 839 2167 3
879 2107 946 2152 sic
984 2108 1109 2153 enim

94 2188 301 2253 loquitur
314 2189 363 2235 in
377 2187 535 2235 eodem
554 2204 630 2252 op.
643 2197 758 2235 tom.
775 2203 811 2233 11
823 2223 837 2245 ‚
855 2204 961 2251 pag.
977 2185 1006 2235 3
1018 2187 1105 2235 13:

102 2268 322 2317 Canones
350 2275 395 2315 et
422 2266 651 2316 Consilia
679 2263 1001 2331 Pontificibus
1017 2269 1110 2330 ju-

95 2351 426 2400 risdictionem
440 2367 546 2399 vere
565 2349 707 2399 talem
723 2359 865 2416 atque
883 2349 986 2399 alia
1001 2366 1112 2398 eon-

93 2432 331 2490 tulerunt,
372 2450 478 2497 quoe
498 2434 695 2498 proprio
731 2441 775 2480 et
808 2433 972 2479 nativo
991 2434 1111 2496 jure

94 2531 194 2563 non
220 2515 411 2563 habent.
441 2515 539 2563 Cfr.
564 2515 775 2563 Zaccaria
794 2549 809 2577 ‚
840 2516 892 2562 in
914 2512 1108 2578 Amise-

20 2641 22 2645 .
96 2596 266 2644 bronio
295 2595 540 2644 vindicato
560 2633 574 2654 ‚
607 2607 725 2662 part.
758 2611 841 2654 111,
879 2595 990 2644 diss.
1026 2612 1107 2655 v1,

97 2696 197 2743 cap.
241 2696 260 2727 ι
290 2718 303 2739 ,
349 2689 393 2726 et
429 2679 540 2726 diss.
571 2695 633 2726 vn
654 2715 667 2737 ‚
696 2696 801 2744 cap.
840 2694 880 2726 1.
905 2677 1111 2743 Quaeque

98 2762 235 2808 etiam
255 2778 307 2808 ex
332 2763 436 2825 jure
465 2760 670 2809 humano
688 2761 852 2809 tribuit
872 2763 973 2827 jura
991 2778 1108 2808 rom.

97 2840 309 2889 Pontifici
335 2841 615 2903 Febronius‚
653 2844 855 2890 maxima
887 2859 940 2890 ex
979 2852 1109 2906 parte

97 2923 299 2972 derivata
327 2923 523 2972 affirmat
552 2940 609 2971 ex
640 2921 1109 2988 pseudo-Isidorianis

97 3005 349 3054 mercibus.

167 3084 232 3146 (1)
269 3085 366 3135 cfr.
384 3086 662 3150 Roskovany
676 3122 690 3146 ‚
710 3102 789 3150 op.
814 3088 894 3134 cit.
917 3084 989 3135 De
1003 3089 1111 3151 pri-

99 3172 234 3211 matu
250 3181 366 3213 rom.
385 3167 533 3215 Pom.
549 3165 575 3231 S
591 3164 658 3229 44
677 3177 717 3214 et
739 3184 870 3232 seqq.
894 3166 982 3215 Hic
1000 3184 1109 3215 vero

98 3256 275 3304 auctor,
299 3249 500 3310 apprime
529 3247 782 3296 catholicus
799 3258 845 3296 et
873 3249 1106 3308 eruditus,

99 3345 152 3375 eo
186 3330 349 3393 majori
365 3327 500 3376 laude
527 3330 693 3394 dignus
727 3340 813 3389 est,
837 3331 963 3395 quod
998 3348 1109 3378 con-

99 3420 170 3457 tra
187 3410 375 3474 plenum
393 3409 572 3458 alveum
588 3412 818 3476 impavide
849 3414 962 3460 sein
978 3411 1111 3460 Hun-

101 3494 226 3556 garia
256 3494 518 3556 opposuerit
544 3495 767 3556 grassanti
793 3495 1027 3543 doctrinae.

172 3574 237 3638 (2)
277 3573 376 3621 cfr.
396 3573 580 3638 Hor-lig,
601 3573 876 3623 Handbuch
895 3575 981 3624 der
996 3575 1113 3623 Kir-

101 3657 462 3724 ehenqesch.seu
476 3658 712 3707 Manuale
730 3657 942 3709 historia»
957 3661 1115 3710 eccles.

1192 1951 1309 1991 tom.
1347 1959 1393 2002 1,
1441 1957 1551 2008 pag.
1594 1938 1691 1990 382
1729 1954 1773 1991 et
1815 1960 1946 2010 seqq.
1980 1944 2094 1993 edit.
2141 1962 2206 2003 11,

1191 2021 1431 2072 Landshut
1464 2021 1614 2089 1827,
1644 2026 1725 2089 qui
1750 2025 1946 2086 evolvit,
1975 2027 2205 2091 quomodo

1192 2123 1246 2153 ex
1271 2106 1500 2171 ejusmodi
1532 2105 1829 2155 distinctione
1854 2107 2070 2156 nonnulli
2100 2125 2209 2173 pro-

1192 2191 1329 2253 gressi
1358 2190 1450 2236 sint
1480 2205 1627 2253 usque
1653 2188 1712 2237 ad
1741 2189 1928 2253 plenam
1953 2189 2206 2256 Episcopo-

1192 2288 1297 2318 rum
1315 2288 1340 2318 a
1352 2287 1472 2318 rom.
1483 2269 1782 2318 Pontificibus
1797 2271 2209 2336 independentiam

1194 2352 1348 2418 procla
1357 2353 1600 2410 mandam,
1622 2362 1668 2400 et
1684 2352 1744 2400 ad
1764 2368 1950 2400 omnem
1977 2352 2212 2419 denegan-

1193 2435 1301 2483 dam
1323 2437 1552 2500 primatus
1570 2435 1962 2499 praeeminentiam
1980 2436 2030 2482 in
2043 2434 2211 2484 Eccle-

1192 2519 1288 2575 sia;
1328 2515 1407 2565 alii
1447 2534 1552 2565 vero
1580 2532 1631 2564 eo
1659 2515 1980 2576 devenerunt,
2019 2526 2074 2565 ut
2100 2534 2210 2566 con-

1192 2600 1349 2648 silium
1380 2599 1589 2647 dederint
1618 2598 1855 2664 Episcopis
1876 2598 2130 2648 Germanias
2150 2601 2209 2649 de

1193 2682 1464 2730 excutiendo
1488 2699 1608 2730 rom.
1628 2680 1863 2729 Pontificis
1891 2683 2004 2747 jugo
2022 2718 2035 2739 ‚
2071 2692 2208 2748 atque

1193 2763 1250 2812 de
1288 2763 1529 2817 statuenda
1588 2762 1787 2828 quadam
1834 2761 1990 2811 stabili
2032 2763 2208 2828 synodo

1193 2855 1516 2909 permanente,
1538 2862 1639 2910 quae
1657 2846 1920 2892 universam
1952 2859 2206 2908 repraesen-

1192 2933 1258 2975 tet
1292 2927 1543 2975 Ecclesiam
1574 2925 1662 2974 sub
1699 2925 1884 2974 Caesaris
1916 2928 2127 2991 auspiciis
2155 2944 2210 2976 ac

1192 3027 1404 3074 suprema
1440 3011 1752 3073 inspectione,
1795 3008 2037 3064 admissis,
2070 3011 2108 3056 si
2144 3011 2206 3058 ita

1192 3093 1343 3139 visum
1378 3091 1547 3148 fuerit,
1591 3091 1726 3137 etiam
1764 3088 1959 3136 aliarum
2000 3092 2207 3154 gentium

1193 3172 1428 3236 Episcopis
1449 3208 1463 3231 ‚
1495 3174 1611 3236 quin
1648 3180 1693 3218 et
1728 3187 1922 3218 romano
1955 3170 2204 3231 Antistite,

1194 3255 1263 3300 uti
1293 3253 1508 3318 simplici
1532 3250 1760 3317 praelato,
1792 3269 1880 3301 nec
1918 3254 2028 3316 ipsis
2055 3262 2207 3317 prote-

1193 3335 1420 3384 stantibus
1436 3334 1651 3383 exclusis.
1690 3333 1814 3382 Inter
1827 3334 1911 3382 hos
1932 3337 2106 3382 eminet
2123 3352 2209 3382 au-

1193 3428 1294 3466 ctor
1315 3417 1462 3465 libelli
1479 3435 1490 3463 z
1508 3414 1730 3480 Beitrc‘iqe
1754 3431 1847 3464 zur
1860 3413 2205 3479 Ausklc’irunq,

1195 3508 1283 3547 etc.
1318 3515 1399 3546 seu
1433 3497 1733 3545 Documenta
1772 3497 1836 3545 ad
1873 3496 2099 3545 illustrat.
2137 3513 2209 3546 se-

1196 3579 1299 3628 culi
1324 3582 1502 3637 nostri,
1538 3589 1624 3630 etc.
1655 3578 1942 3628 Francofurti
1979 3575 2121 3643 1787.

1862 3750 1959 3810 31.
