2514 4218
285 126 408 188 306

907 138 1108 177 ΤΒΑῦΤ.
1157 140 1226 176 DE
1270 139 1422 179 LOCIS
1464 141 1848 184 'runomalcls-

283 287 469 372 gulari
499 301 733 366 semper
757 281 1026 365 loquitur
1068 278 1141 338 de
1183 279 1459 339 Ecclesia
1492 300 1642 351 sua,
1679 285 1751 344 de
1781 308 1963 367 reyno
2007 307 2151 358 suc,
2188 288 2258 346 de
2294 293 2444 349 ovili

282 405 411 445 suc.
461 378 775 465 Apostolus
828 398 971 438 vero
1016 388 1443 435 commemorat
1491 397 1708 455 corpus
1759 380 2018 458 Christi,
2065 404 2190 442 non
2240 397 2440 446 autem

282 477 550 541 membra
577 478 694 538 huc
723 474 979 555 illucque
1009 470 1271 555 dispersa
1289 516 1307 550 ‚
1338 483 1440 532 aut
1463 493 1675 555 corpus
1702 473 1829 535 sine
1848 478 2074 560 capite3
2103 489 2247 539 tunc
2276 482 2440 542 enim

283 588 578 637 truncum
613 572 790 654 plane
831 579 1095 630 vocasset
1126 569 1238 651 (l).

368 672 513 733 456.
564 668 654 728 Ad
674 668 762 725 2¹1²
783 711 799 741 ,
837 667 1000 726 Dist.
1025 664 1091 724 Id
1110 676 1224 740 est,
1259 677 1512 748 quatuor
1534 663 1723 735 allafftae
1750 685 1823 725 ex
1850 666 1949 726 SS.
1981 668 2249 731 Patribus
2275 674 2447 731 ratio-

285 794 392 832 nes
439 790 509 828 eo
545 765 887 826 referuntur
930 773 998 822 ut
1046 762 1303 836 motiva,
1358 782 1538 843 quare
1584 760 1849 821 Christus
1904 762 2232 843 primatum
2272 770 2443 829 Petro

284 866 482 951 potius
499 860 820 922 contulerit
844 881 1024 942 quam
1050 858 1221 918 alteri
1247 857 1526 940 Apostolo
1548 904 1562 928 ,
1591 878 1792 927 conc.,·
1814 858 2158 919 referuntur
2175 862 2250 921 ad
2273 866 2447 924 ratio·

282 983 425 1022 nem
478 955 849 1019 reddendam
898 976 1007 1016 cur
1050 954 1319 1015 Christus
1374 955 1699 1037 primatum
1746 955 1944 1036 ipsum
2003 955 2338 1018 instituerit
2383 961 2446 1021 in

284 1055 568 1131 Ecclesia,
609 1075 742 1135 neq.
788 1054 892 1112 11ae
941 1071 1160 1132 nempe
1197 1048 1327 1110 duae
1365 1051 1720 1133 quaestiones
1764 1051 1828 1109 in
1883 1051 2153 1113 doctrina
2204 1056 2448 1116 Patrum

284 1152 462 1215 simul
510 1148 933 1235 permiscendae
984 1169 1107 1207 non
1161 1158 1337 1222 sunt,
1388 1147 1474 1205 uti
1515 1146 1838 1207 adversarii
1886 1147 2130 1208 faciunt.
2194 1150 2450 1211 Adducti

285 1251 446 1313 enim
479 1251 682 1308 Patres
723 1246 786 1305 in
819 1245 961 1304 loce.
991 1245 1118 1303 citt.
1153 1252 1222 1301 ut
1256 1265 1355 1304 eos
1383 1242 1601 1324 legenti
1631 1255 1826 1324 patet,
1878 1246 2134 1305 rationes
2178 1245 2401 1329 aliquas
2425 1292 2444 1324 ,

287 1366 502 1428 easque
533 1340 960 1422 conjecturales
985 1338 1283 1413 indicant,
1322 1361 1502 1421 quare
1537 1339 1802 1399 Christus
1839 1342 2013 1400 Petro
2037 1342 2232 1424 potius
2264 1365 2446 1424 quam

286 1441 388 1504 alii
417 1462 491 1502 ex
525 1438 818 1522 Apostolis
870 1436 1125 1499 voluerit
1163 1435 1489 1518 primatum
1520 1436 1820 1512 conferre,
1869 1438 2028 1520 quod
2070 1461 2194 1497 non
2235 1438 2450 1498 abnui-

289 1560 445 1599 mUS.
494 1535 745 1610 Quando
779 1555 921 1595 vero
962 1532 1143 1592 iidem
1179 1534 1380 1591 Patres
1434 1531 1733 1591 disserunt
1770 1533 1845 1592 de
1873 1534 2135 1615 primatu
2172 1534 2302 1617 ipso
2327 1581 2342 1609 ,
2389 1546 2450 1595 et

291 1634 584 1695 rationem
622 1631 915 1707 afferunt,
939 1650 1121 1714 quare
1159 1627 1331 1686 illum
1366 1627 1430 1685 in
1489 1626 1738 1687 Ecclesia
1766 1650 1885 1688 *sua
1923 1630 2231 1691 instituere
2279 1631 2453 1691 Chri-

294 1744 419 1792 stus
448 1728 727 1803 voluerit,
755 1728 1069 1787 unanimes
1093 1726 1318 1785 suntin
1343 1724 1702 1786 adstruenda
1730 1727 1957 1788 unitate
1976 1728 2239 1789 Ecclesiae
2266 1729 2451 1790 veluti

294 1828 554 1904 motiVO,
587 1848 690 1886 cur
719 1825 981 1885 Christus
1011 1824 1085 1884 ad
1123 1823 1295 1883 illum
1326 1823 1759 1883 instituendum
1791 1838 2094 1906 permotus
2128 1828 2226 1886 sit.
2260 1827 2453 1886 Nimi-

294 1948 430 1986 rum
468 1923 716 1997 docent,
758 1924 1054 1981 unitatem
1097 1919 1364 1979 Ecclesiae
1413 1918 1722 1980 Catholicae
1769 1921 2069 1982 induxisse
2109 1923 2447 1998 Christum,

297 2034 366 2081 ut
411 2021 656 2080 unicum
704 2039 1051 2101 supremum
1099 2026 1400 2098 pastorem
1453 2015 1506 2075 ei
1558 2017 1920 2098 praeficeret,
1980 2040 2174 2077 unum
2237 2030 2449 2100 caput,

299 2139 491 2177 unu-m
537 2115 879 2199 pontificem
915 2112 1244 2174 necessaria
1293 2123 1587 2195 potestate
1627 2124 1689 2172 et
1739 2113 2087 2174 auctoritate
2134 2114 2455 2197 praeditum

299 2212 381 2276 ad
424 2214 719 2272 unitatem
763 2208 1279 2284 constituendam,
1334 2207 1786 2269 custodiendam
1836 2231 1903 2269 ac
1945 2211 2451 2287 conservandam,

306 2333 441 2371 cum
476 2299 733 2372 voluerit
772 2306 1089 2368 Ecclesiam
1125 2328 1292 2365 suam
1332 2327 1516 2364 unam
1556 2326 1722 2381 esse,
1755 2327 1820 2366 ac
1866 2305 2048 2367 talem
2067 2306 2290 2388 jugiter
2326 2329 2458 2389 per-

310 2426 579 2467 severare
617 2403 728 2485 (2).
759 2402 931 2478 Quod
967 2423 1075 2463 nec
1109 2401 1491 2466 'infensissimi
1517 2399 1680 2461 Sedis
1740 2403 2068 2485 apostolicae
2102 2402 2299 2464 hostes
2341 2402 2458 2460 dif-

310 2504 554 2564 fitentur
613 2501 735 2584 (3)3
797 2522 864 2561 ac
908 2522 1056 2576 nOS,
1106 2498 1283 2582 paulo
1320 2509 1456 2582 post
1500 2497 1789 2577 ejusmodi
1837 2501 2077 2558 Patrum
2119 2499 2456 2559 testimonio

312 2599 663 2674 afferenteS,
710 2596 1042 2658 luculenter
1086 2595 1491 2656 ostendemus·

314 2794 444 2859 pium
466 2791 587 2842 illud
613 2808 629 2842 e
656 2788 814 2858 Cujus
829 2796 899 2839 est
920 2790 1081 2856 reqio,
1099 2787 1236 2838 illius
1269 2796 1339 2837 est
1420 2806 1564 2856 quam
1585 2788 1720 2838 alteri
1749 2786 2085 2853 Apostolorum
2109 2787 2318 2837 Christus
2346 2806 2458 2838 con-

311 2875 501 2942 reliqio.

386 2959 451 3024 (l)
488 2957 585 3007 Nee
606 2956 767 3019 obest,
786 2954 914 3023 quod
931 2953 1140 3004 Christus
1168 2957 1227 3004 sit
1248 2953 1340 3003 Ec—

316 3041 465 3091 clesiae
494 3051 665 3107 caput;
695 3059 808 3089 nam
835 3039 913 3089 hic
934 3042 1082 3106 agitur
1107 3039 1165 3088 de
1188 3040 1343 3104 capite

316 3123 507 3174 visibila·
529 3122 766 3175 Ecclesiae
788 3121 1000 3172 visibilis
1019 3157 1035 3186 ,
1068 3122 1195 3188 quod
1217 3131 1342 3170 certe

320 3206 530 3257 Christus
557 3224 656 3255 non
696 3214 766 3257 est
786 3243 800 3268 ,
833 3223 889 3256 ex
922 3223 1018 3272 qno
1051 3204 1256 3254 ascendit
1291 3206 1341 3251 in

315 3290 502 3341 eoelum.

391 3371 457 3438 (2)
494 3369 631 3437 Quod
647 3370 803 3421 Patres
820 3372 1014 3422 minime
1030 3373 1150 3421 inter
1163 3387 1209 3419 se
1231 3387 1340 3436 per-

324 3457 594 3506 miscuerint
623 3453 738 3504 duas
764 3455 846 3504 has
869 3457 1141 3522 quaestiones
1161 3491 1174 3514 ,
1205 3471 1342 3518 argu-

325 3548 485 3588 mento
510 3536 803 3594 ineluctabili
830 3549 898 3587 est
927 3539 1107 3589 diversa
1134 3539 1341 3603 ipsorum

323 3621 492 3687 agendi
514 3621 630 3670 ratio
654 3622 705 3668 in
734 3637 1019 3688 unaquaque
1036 3637 1218 3671 earum.
1234 3618 1342 3668 Ete-

319 3706 422 3754 nim
447 3721 556 3755 cum
582 3711 824 3772 quaerunt,
857 3720 997 3770 quare
1030 3702 1163 3753 Petro
1190 3706 1342 3768 potius

1422 2871 1581 2922 tulerit
1619 2874 1910 2937 primatum,
1948 2874 2173 2937 ancipites
2211 2881 2355 2929 sunt,
2404 2889 2456 2919 ac

1425 2957 1541 3003 mira
1574 2956 1693 3003 inter
1728 2957 1851 3020 ipsos
1889 2963 2079 3020 apparet
2120 2956 2457 3002 sententiarum

1425 3041 1621 3086 varietas
1646 3054 1660 3101 ς
1685 3054 1832 3104 quum
1849 3055 1956 3084 vero
1981 3039 2227 3102 inquirunt
2245 3039 2294 3084 in
2313 3040 2457 3086 ratio-

1428 3137 1575 3179 nem,
1623 3137 1765 3186 quare
1814 3116 2026 3166 Christus
2073 3121 2321 3167 instituerit
2365 3122 2458 3184 pri-

1427 3214 1608 3252 matum
1627 3205 1677 3251 in
1695 3201 1895 3250 Ecclesia
1925 3219 2036 3261 sua,
2069 3220 2163 3250 una
2200 3201 2460 3268 eademque

1428 3292 1654 3340 sententia
1666 3306 1720 3338 ac
1731 3289 1942 3338 doctrina
1957 3299 2042 3348 est,
2058 3289 2301 3355 exploratae
2319 3290 2461 3336 tradi·-

1427 3375 1540 3422 tioni
1557 3374 1740 3432 innixa,
1765 3389 1935 3437 nempe
1960 3371 2081 3422 hanc
2094 3373 2230 3421 aliam
2246 3390 2343 3421 non
2360 3389 2457 3420 esse

1427 3458 1517 3504 nisi
1555 3457 1782 3531 unitatebm
1809 3454 2024 3506 Ecclesiae
2064 3455 2319 3505 catholicae.
2354 3452 2457 3502 Cfr.

1428 3537 1550 3587 Petr.
1592 3535 1870 3586 Ballerinius
1898 3573 1913 3598 ,
1956 3536 2029 3589 De
2065 3538 2118 3586 vi
2159 3554 2218 3587 ac
2267 3537 2452 3584 ratione

1419 3621 1665 3688 primatus
1683 3656 1698 3680 ,
1716 3636 1819 3685 cap.
1846 3618 1900 3670 3.

1499 3701 1564 3768 (3)
1602 3701 1723 3753 Sane
1767 3701 1907 3770 Hugo
1951 3700 2140 3753 Grotius
2169 3738 2184 3764 ,
2227 3703 2277 3749 in
2321 3697 2447 3747 Volo
