2514 4218
514 239 673 277 mar.
707 240 762 275 ¹1.
812 239 933 275 car.
980 241 1058 278 ιν.
1105 241 1171 276 nn
1215 240 1487 278 aceresia:
1530 240 1780 278 noranS.
2084 217 2204 276 229

95 384 158 439 in
193 381 492 440 Christum
517 379 871 439 crediderint
891 427 906 456 a
935 402 1000 440 ac
1023 404 1083 442 se
1109 382 1172 441 in
1208 382 1515 442 Ecclesiam
1547 382 1877 464 receperint
1894 405 1918 457 ,·
1946 394 2004 441 et
2031 404 2204 465 prop-

98 489 255 536 terea
298 475 373 535 ad
409 496 600 534 seram
643 497 824 557 usque
864 478 1265 558 posteritatem
1308 477 1421 536 illis
1483 488 1766 560 tanquam
1807 476 2205 538 credibilitat'is

96 570 325 631 motivis
369 569 613 629 Ecclesia
642 571 1047 630 auctoritatem
1076 570 1184 629 sibi
1210 572 1638 647 conciliaverit,
1677 571 1752 631 ad
1789 592 2030 653 scopum
2068 577 2205 632 nos·

94 679 253 725 trum
300 666 543 747 perinde
584 679 692 725 est.
741 668 982 748 Semper
1029 667 1192 727 enim
1236 688 1441 727 verum
1476 669 1662 744 foret,
1710 669 1898 727 Deum
1931 668 2207 750 prodigiis

94 762 455 820 concurrisse
491 761 566 818 ad
604 760 1156 842 obsignandam.uti
1198 760 1461 834 divinam
1491 762 1645 821 illius
1687 762 1947 822 Ecclesiae
1977 763 2209 822 missio—

95 876 234 914 nem
253 900 269 928 ,
295 875 421 935 quae
444 867 639 937 posset
667 857 872 936 quovis
896 866 1158 935 tempore
1174 853 1440 914 homines
1459 857 1524 914 in
1548 878 1853 916 erroneam
1880 869 1980 916 aut
2001 858 2206 917 falsam

95 949 417 1009 doctrinam
451 950 723 1010 inducere
746 996 762 1026 ,
799 961 860 1010 et
879 969 1008 1031 quae
1031 949 1136 1008 Dei
1169 950 1408 1009 nomine
1436 962 1496 1012 et
1532 952 1871 1011 auctoritate
1905 945 2211 1035 propone-

96 1055 278 1104 retur.
317 1044 649 1103 Absurdum
666 1045 884 1126 pariter
909 1055 998 1101 est
1026 1045 1236 1118 Deum7
1270 1066 1370 1104 seu
1392 1044 1688 1104 Christum
1717 1048 1910 1126 gratiae
1934 1069 2051 1108 suae
2079 1048 2208 1107 sub-

95 1138 241 1198 sidio
267 1138 536 1199 homines
564 1138 843 1198 inclinare
861 1181 878 1212 ,
921 1136 1152 1197 allicere
1187 1159 1252 1197 ac
1276 1139 1510 1200 flectere
1537 1162 1642 1221 per
1666 1141 1831 1222 pium
1855 1142 2211 1202 credulitatis

96 1233 369 1292 affectum
399 1232 473 1293 ab
500 1232 842 1313 obsequium
865 1242 925 1291 et
946 1230 1351 1291 obedientiam*
1372 1235 1766 1314 praestandam
1795 1236 2056 1296 Ecclesiae
2085 1260 2118 1296 a
2146 1259 2208 1296 se

96 1331 414 1403 institutae,
455 1330 504 1388 si
543 1329 666 1388 haec
696 1338 892 1409 posset
934 1349 1042 1409 pro
1085 1328 1332 1387 veritate
1376 1349 1670 1403 errorem,
1714 1351 1818 1410 pro
1866 1353 2006 1392 vero
2049 1332 2210 1391 cultu

99 1425 602 1506 superstitionem,
632 1444 739 1503 pro
761 1421 980 1481 sanctis
1007 1444 1242 1481 morum
1272 1422 1480 1501 regulis
1508 1424 1857 1504 perniciosas
1879 1427 2210 1507 propinare.

98 1520 282 1579 Multo
340 1539 478 1579 vero
530 1518 726 1576 minus
780 1528 978 1599 posset
1024 1520 1178 1576 Deus
1242 1528 1460 1576 aeterna
1522 1517 1861 1577 comminari
1933 1519 2212 1601 supplicia

95 1614 403 1676 incredulis
440 1625 501 1673 et
530 1612 924 1674 obedientiam
957 1611 1450 1688 detrectantibus
1492 1610 1539 1672 si
1574 1625 1814 1696 possent
1842 1612 1916 1675 ab
1960 1614 2206 1676 Ecclesia

96 1711 356 1771 absolute
403 1709 611 1794 decipi

180 1806 319 1865 353.
365 1806 681 1864 Diximus
664 1827 906 1885 insuper
940 1805 1052 1865 hoc
1089 1806 1341 1866 docendi
1369 1827 1584 1865 munus
1612 1806 1916 1866 Christum
1951 1805 2215 1866 Ecclesiae

97 1922 210 1961 suae
253 1900 637 1960 demandasse
678 1899 1037 1982 explendum
1075 1901 1241 1982 apud
1270 1923 1474 1961 omnes
1504 1901 1772 1961 homines
1818 1913 1878 1962 et
1907 1902 1973 1961 in
2009 1923 2212 1960 omnes

98 2007 290 2056 aetates
311 2042 328 2071 7
371 1996 650 2055 nimirum
689 1994 846 2076 apud
881 2016 1084 2055 omnes
1122 1996 1389 2055 homines
1422 2007 1550 2054 tum
1585 2006 1899 2078 praesentes
1950 2007 2079 2055 tum
2115 1996 2214 2054 fu-

98 2101 257 2149 turos
291 2112 475 2172 usque
498 2090 572 2149 ad
595 2090 771 2150 seculi
790 2091 969 2150 finem
991 2135 1010 2167 ‚
1044 2091 1177 2172 quia
1199 2091 1323 2172 ipse
1355 2093 1485 2150 vult
1508 2112 1709 2150 omnes
1735 2085 2002 2150 homines
2026 2093 2215 2151 salvos

96 2185 234 2262 fieri
250 2196 303 2242 et
323 2186 408 2243 ad
429 2188 796 2264 aynitz'onem
824 2189 1096 2244 veritatis
1117 2191 1319 2264 venire
1343 2183 1499 2266 (l)...
1524 2196 1582 2246 et
1597 2206 1717 2265 pro
1745 2188 2026 2245 omnibus
2051 2207 2212 2245 mmu

103 2289 243 2338 tuus
274 2289 357 2337 est
391 2278 552 2359 (2)...
585 2290 640 2336 et
663 2285 976 2357 (equaliter
1012 2302 1167 2338 cura
1203 2291 1287 2337 est
1321 2283 1422 2339 illi
1462 2283 1532 2339 de
1570 2283 1851 2339 omnihus
1885 2281 1994 2360 (3).
2031 2283 2211 2340 Porro

99 2373 524 2432 infallibilitatis
551 2373 989 2454 praerogativam
1021 2373 1097 2432 ad
1122 2374 1185 2431 id
1206 2395 1421 2432 munus
1450 2375 1562 2433 rite
1597 2373 1971 2460 obeundum2,
1996 2395 2068 2432 ex
2093 2396 2210 2454 quo

99 2468 319 2550 pendet
340 2478 555 2526 aeterna
582 2467 889 2526 hominum
912 2466 1064 2525 salus
1083 2511 1100 2541 .,
1137 2466 1519 2526 necessariam
1550 2467 1616 2525 in
1637 2466 1843 2548 primis
1865 2488 1991 2526 esse
2014 2467 2209 2548 quoad

100 2583 302 2621 omnes
326 2562 594 2620 homines
619 2573 951 2642 praesenteS,
980 2560 1288 2620 ostendere
1310 2582 1618 2643 operosum
1640 2582 1763 2619 non
1786 2572 1895 2620 est.
1927 2562 2208 2621 Homines

99 2658 258 2717 enim
283 2659 344 2716 in
372 2657 515 2715 duas
530 2656 971 2736 distinguuntur
996 2655 1203 2715 classes
1224 2701 1240 2730 .,
1276 2657 1339 2714 in
1372 2677 1470 2716 eos
1505 2656 1742 2731 scilicet,
1778 2657 1878 2738 qui
1901 2660 2026 2734 jam
2054 2658 2207 2716 intra

98 2764 261 2836 septa
288 2752 551 2813 Ecclesiae
578 2762 744 2829 sunt,
770 2763 828 2812 et
851 2753 912 2809 in
939 2772 1034 2812 eos
1053 2797 1071 2828 ,
1102 2752 1201 2833 qui
1234 2762 1373 2810 sunt
1399 2763 1563 2811 extra
1591 2749 1934 2825 Ecclesiam3
1978 2773 2210 2810 rursum

101 2850 202 2931 qui
236 2862 399 2909 extra
431 2847 741 2908 Ecclesiam
775 2859 1082 2908 versantur
1101 2895 1119 2926 ‚
1153 2858 1292 2906 sunt
1321 2859 1423 2906 aut
1454 2847 1722 2907 infideles
1744 2892 1761 2924 ,
1794 2858 1895 2906 aut
1917 2846 2174 2906 haeretici
2193 2892 2211 2922 ,

103 2955 203 3004 aut
241 2942 606 3003 schismatici.
647 2944 781 3002 Jam
815 2964 952 3002 vero
985 2942 1179 3024 quoad
1218 2940 1419 3001 ambas
1458 2942 1663 3002 classes
1695 2963 1860 3024 aeque
1893 2942 2211 3001 necessaria

103 3051 187 3100 est
224 3039 485 3099 Ecclesiae
515 3037 919 3097 infallibilitas.
955 3038 1034 3097 Ac
1055 3037 1256 3119 primo
1283 3037 1523 3118 quidem
1553 3035 1871 3096 necessaria
1908 3046 1992 3096 est
2019 3035 2211 3117 quoad

106 3155 232 3206 eoS‚
265 3135 365 3216 qui
387 3138 510 3213 jam
548 3134 611 3193 in
653 3133 899 3193 Ecclesia
926 3132 1344 3207 inveniuntur,
1388 3143 1454 3190 ut
1483 3143 1635 3192 recte
1662 3130 1872 3190 instrui
1915 3151 1981 3189 ac
2016 3129 2208 3190 doceri

108 3231 354 3307 queant,
386 3251 463 3289 ne
489 3230 550 3288 in
575 3250 800 3289 errores
829 3249 984 3286 sanoe
1018 3226 1298 3286 doctrinae
1329 3227 1705 3295 adversantes
1732 3235 2052 3307 proruant,
2083 3237 2210 3283 tum

108 3321 282 3380 etiam
308 3324 458 3383 utin
482 3326 707 3384 unitate
732 3333 1152 3385 conserventur
1173 3333 1236 3382 et
1258 3322 1688 3382 contineantur.
1714 3320 1773 3379 Si
1797 3319 2030 3379 nullum
2053 3320 2211 3379 enim

108 3427 258 3476 esset
280 3416 581 3480 infallibile
614 3419 872 3479 tribunal
887 3463 910 3492 ,
947 3416 1107 3501 quod
1129 3416 1348 3499 absque
1370 3416 1577 3478 erroris
1601 3413 1916 3476 formidine
1939 3414 2211 3475 dirimere

178 3637 238 3699 (Ι)
276 3635 294 3682 1
326 3619 594 3683 Timoth.i1
621 3672 634 3689 ,
661 3635 694 3699 4
730 3647 774 3686 et
802 3655 933 3704 seqq.
1284 3635 1347 3699 (3)
1385 3633 1585 3699 Sapient.
1618 3651 1663 3682 vi
1683 3669 1697 3694 ,
1732 3631 1776 3681 8.

178 3718 247 3781 (2)
284 3717 330 3765 ll
369 3717 474 3767 Cor.
515 3736 559 3778 v,
603 3716 677 3766 15.
