2514 4218
2056 216 2168 278 177

420 213 424 217 ’
495 232 655 270 mar.
699 230 740 270 ι.
789 230 908 271 car.
956 233 1046 270 111.
1084 233 1155 272 nn
1197 231 1469 273 auctusne
1511 233 1689 272 nous.

64 386 225 435 trata
253 372 360 455 (l).
405 371 578 450 Quod
610 394 751 434 vero
782 384 1005 456 spectat
1043 374 1118 434 ad
1154 373 1582 435 distinctionem
1618 375 1773 434 inter
1801 387 1969 436 notas
1999 384 2170 458 posi-¹

66 477 219 530 tz'vas
244 481 304 529 et
330 473 636 549 neqativas
669 470 867 549 (secus
889 490 954 528 ac
987 468 1157 528 nobis
1185 470 1452 530 videatur
1471 515 1487 544 ,
1512 470 1610 552 qui
1634 471 1984 530 contrariam
2012 474 2170 534 viam

64 566 386 649 inivimus7
413 584 588 644 quam
623 563 745 644 ipse
782 585 917 622 cum
946 562 1131 622 Card.
1152 565 1235 622 De
1276 564 1330 622 la
1367 567 1621 625 Luzerne
1654 566 1943 644 ingressus
1999 580 2086 626 est
2109 571 2167 647 ),

63 658 281 739 poterit
311 655 707 735 abundarein
741 680 913 717 sensu
958 678 1093 736 suo.
1123 658 1244 716 Nec
1277 659 1436 718 enim
1472 660 1641 719 nobis
1675 681 1809 720 cum
1839 660 2168 738 catholiciS,

65 750 169 811 sed
204 772 336 811 cum
373 751 701 812 acatholicis
730 774 822 812 res
847 762 952 812 est.

348 930 652 991 Adversus
683 938 849 989 notas
869 912 1301 986 ·catlzolic‘⁷itatis
1333 939 1389 987 et
1411 932 1880 1008 apostolz'cz'tatiS.

146 1103 286 1165 283.
331 1104 463 1183 Obj.
507 1105 717 1187 prima.
743 1103 826 1184 ⁴10
864 1101 924 1160 Si
952 1100 1200 1161 Ecclesia
1244 1115 1334 1163 est
1374 1125 1666 1180 romana,
1712 1128 1834 1165 non
1875 1118 1964 1166 est
2000 1107 2175 1187 igitur

67 1199 379 1275 catholica,
419 1199 522 1260 sed
554 1202 924 1275 romanensis
968 1197 1248 1272 vocanda.
1293 1199 1362 1256 20
1403 1200 1648 1260 Ecclesia
1698 1203 1856 1261 enim
1896 1223 2031 1263 vere
2076 1224 2175 1263 ca-

68 1295 278 1354 tholica
320 1305 583 1355 constare
610 1290 785 1350 debet
816 1292 1100 1351 universis
1142 1292 1354 1351 Christi
1391 1293 1694 1370 fidelibus,
1731 1297 1832 1376 qui
1870 1297 2079 1371 saltem
2111 1299 2175 1358 in

67 1389 320 1448 articulis
342 1384 873 1458 fundamentalibus
895 1386 1239 1467 profitendis
1258 1389 1644 1448 consentiant.
1675 1391 1824 1448 Cum
1854 1412 1994 1450 vero
2019 1414 2175 1452 com—

65 1486 368 1543 muniones
391 1502 592 1541 omnes
615 1526 632 1554 ,
670 1503 813 1562 quas
849 1493 1032 1548 sectas
1058 1493 1223 1543 vocat
1242 1527 1259 1557 ‚
1297 1482 1544 1543 Ecclesia
1567 1483 1667 1542 illa
1698 1483 1969 1569 repudiet
1997 1487 2179 1546 veluti

66 1577 524 1638 antichristianas
539 1618 562 1647 ,
597 1597 905 1657 nunquam
939 1598 1070 1636 eam
1103 1577 1446 1637 catholicam
1484 1599 1586 1638 seu
1617 1577 2041 1657 universalem,
2076 1580 2181 1640 sed

63 1672 467 1756 particularem
499 1673 826 1745 vocaveriS‚
864 1684 996 1731 utut
1034 1664 1340 1749 diffusam,
1385 1676 1450 1732 ut
1481 1674 1608 1755 ipsa
1642 1686 1928 1735 autumat.
1980 1673 2046 1733 30
2091 1675 2180 1735 Ad

63 1789 355 1828 summum
379 1767 491 1826 dici
516 1778 711 1849 potest
729 1811 746 1842 ,
771 1788 899 1826 eam
925 1769 1278 1835 constituere
1302 1780 1532 1850 partem
1555 1768 1815 1828 Ecclesiae
1846 1769 2138 1829 catholicae
2159 1816 2175 1844 ‚

63 1862 381 1942 cujusmodi
407 1873 602 1945 partes
632 1873 772 1920 sunt
807 1861 1049 1922 Ecclesia
1075 1883 1252 1944 graeca
1275 1909 1291 1939 ‚
1320 1857 1506 1922 multo
1543 1885 1683 1925 Vero
1718 1865 1898 1945 magis
1927 1865 2141 1924 russica
2160 1910 2176 1939 ,

65 1958 439 2040 Ecclesiaeque
473 1956 851 2032 britannicae,
886 1979 1018 2017 cum
1051 1959 1261 2040 quibus
1300 1964 1606 2037 conjuncta
1645 1959 1892 2018 Ecclesia
1935 1982 2181 2020 romana

63 2075 263 2115 veram
294 2053 504 2113 efficiet
539 2052 848 2112 Ecclesiam
884 2053 1248 2113 catholicam.
1287 2054 1629 2135 40fReipsa,
1672 2052 1872 2133 subdit
1907 2054 2136 2115 Palmer
2159 2101 2176 2130 ,

65 2147 174 2206 hoc
224 2148 678 2208 universalitatis
726 2146 1077 2207 attributum
1119 2147 1380 2208 Ecclesiae
1416 2136 1784 2228 permanens
1826 2148 2179 2208 attributum

28 2276 39 2291 ι
67 2252 154 2300 est
173 2286 189 2315 .,
227 2262 352 2322 quae
375 2243 578 2323 quovis
609 2254 874 2324 tempore
906 2242 1083 2303 debet
1105 2265 1228 2303 esse
1250 2246 1630 2303 universali&
1660 2247 1841 2303 Porro
1861 2244 2053 2303 seculo
2078 2246 2180 2304 XV

68 2334 397 2395 obedientia
419 2357 658 2395 romana
681 2337 863 2396 ferme
884 2337 1038 2396 intra
1061 2337 1242 2396 solam
1267 2340 1557 2418 Europam
1585 2336 2016 2411 coarctabature,
2045 2359 2180 2397 cum

68 2452 132 2490 ea
164 2442 330 2490 aetate
362 2431 628 2491 nondum
650 2431 908 2491 fundatae
933 2443 1130 2492 essent
1153 2431 1411 2490 Ecclesiae
1436 2431 1499 2489 in
1522 2431 1704 2490 altero
1733 2430 2176 2512 hemisphaeri03

67 2525 315 2585 Ecclesia
344 2526 638 2586 orientalis
663 2526 1066 2608 independens
1097 2538 1241 2586 erat.
1276 2525 1445 2600 Quod
1471 2526 1519 2584 si
1548 2525 1872 2585 identidem
1899 2547 2012 2607 pax
2046 2547 2180 2585 cum

68 2621 276 2680 Graecis
306 2630 366 2680 et
389 2620 756 2702 Eutychianis
778 2621 1168 2702 redintegrata
1192 2632 1280 2681 est
1297 2665 1315 2696 .,
1342 2620 1466 2679 haec
1497 2643 1616 2680 non
1647 2621 1752 2679 fuit
1773 2620 1884 2678 nisi
1908 2642 2179 2680 momen-

67 2726 235 2778 tanea
258 2763 274 2789 ,
315 2739 639 2800 apparem,
684 2705 991 2799 nunquam
1021 2739 1161 2781 vero
1193 2717 1495 2799 generaliS.
1542 2719 1608 2776 5⁰
1642 2717 1902 2778 Ecclesiae
1933 2717 2178 2799 proinde

136 2966 204 3032 (l)
242 2966 362 3017 lbid.
391 2944 525 3034 prop.
544 2983 609 3031 ιι,
641 2986 690 3035 p.
711 2947 830 3019 285.
861 2967 1084 3017 Consulto
1166 2977 1332 3031 tuum3
1362 2968 1452 3016 nisi
1481 2967 1675 3033 proinde
1702 2969 1859 3016 omnia
1884 2967 2056 3016 fuerint
2084 2967 2175 3015 dis-

72 3050 224 3111 omisi,
243 3067 342 3115 quae
360 3049 541 3101 Palmer
562 3050 722 3117 objicit
745 3069 799 3099 ex
832 3051 1083 3099 Benedicto

71 3127 216 3180 Labra
233 3169 250 3191 ,
266 3132 449 3181 addicto
462 3134 596 3198 juxta
612 3133 765 3197 ipsum
778 3134 1080 3200 jansenismo,

74 3210 184 3274 quia
209 3227 447 3278 nunquam
475 3216 525 3261 in
564 3216 753 3279 paroecia
785 3212 956 3279 pascha
980 3230 1080 3261 sus·

74 3292 223 3354 cepit,
252 3293 429 3362 aliaque
461 3297 688 3363 ejusmodi
712 3315 725 3355 ς
757 3305 960 3345 attamen
987 3298 1077 3344 mi-

71 3371 237 3420 raculis
278 3373 474 3440 claruit,
518 3380 580 3428 ita
624 3387 679 3429 ut
717 3379 789 3427 his
842 3380 1079 3444 permotus

75 3453 252 3519 Thayer
277 3454 337 3502 ad
366 3455 614 3509 Ecclesiam
637 3460 912 3510 catholicam
941 3461 1079 3510 fuerit

74 3551 338 3583 conversus.
362 3534 470 3585 Haec
491 3541 614 3590 enim
632 3544 788 3590 omnia
805 3541 964 3591 Romae
982 3559 1077 3591 non

75 3618 360 3680 ignorantur.
386 3615 532 3666 Causa
564 3618 799 3671 Benedicti
815 3622 975 3672 ‘Labre
1000 3624 1081 3672 ad-

76 3697 169 3746 huc
197 3701 389 3764 agitatur
414 3701 464 3747 in
496 3716 592 3749 sac.
623 3706 967 3768 congregatione
1000 3704 1082 3753 Ri-

159 3778 224 3841 T.
278 3779 419 3838 VIII.

1164 3066 1295 3098 cussa
1331 3060 1376 3099 et
1409 3051 1546 3116 plane
1597 3051 1784 3115 disjecta
1806 3087 1819 3109 ‚
1873 3068 1974 3115 quae
2019 3060 2179 3098 contra

1163 3133 1313 3196 ipsam
1360 3133 1508 3182 facere
1541 3132 1786 3190 videntur,
1826 3142 1946 3180 certe
1984 3132 2177 3181 ulterius

1161 3230 1234 3262 res
1260 3231 1358 3262 non
1386 3214 1618 3279 procedet.
1665 3213 1836 3261 Inutile
1879 3214 2073 3278 proinde
2112 3226 2177 3263 est

1162 3294 1221 3343 de
1247 3295 1318 3343 his
1343 3298 1396 3344 in
1419 3297 1656 3361 praesentia
1687 3294 1815 3343 litem
1846 3313 2007 3345 serere.
2039 3295 2176 3360 Quod

1161 3379 1326 3425 attinet
1354 3378 1413 3426 ad
1447 3378 1791 3426 conversionem
1828 3375 2030 3443 Thayer,
2070 3392 2174 3442 quae

1160 3457 1316 3506 Romae
1367 3461 1594 3523 contigit,
1642 3461 1933 3508 verissimum
1981 3469 2048 3507 est
2076 3493 2092 3518 ,
2130 3467 2174 3505 et

1159 3542 1321 3590 merito
1338 3541 1396 3590 de
1412 3558 1463 3589 ea
1494 3540 1746 3605 gloriantur
1774 3539 2036 3600 Catholici,
2064 3555 2175 3587 cum

1164 3620 1204 3670 is
1218 3623 1583 3672 ferventissimus
1609 3626 1800 3673 evaserit
1818 3623 2034 3671 Americae
2060 3622 2172 3695 mis-

1164 3707 1405 3756 sionarius.

1860 3783 1934 3839 12
