2514 4218
297 195 411 254 140

887 220 1089 257 TRAGT.
1134 219 1204 256 DE
1248 215 1398 257 LOCIS

1443 222 1816 261 THEOLonlS.

291 360 360 418 2⁰
391 380 461 417 ex
499 380 569 419 eo
598 359 757 442 quod
791 359 1067 421 adversus
1098 358 1262 418 illam
1298 360 1484 420 solam
1529 361 1777 426 haereses
1805 387 2011 426 omnes
2033 411 2049 441 ‚
2079 365 2427 445 schismata,

290 456 600 534 factioneS,
633 468 798 517 sectae
820 502 836 531 ,
870 454 1157 515 increduli
1186 477 1390 515 omnes
1415 458 1622 539 quovis
1655 470 1921 543 tempore
1956 463 2429 544 conspiraverint

303 563 364 612 et
397 551 589 612 adhuc
619 551 958 631 conspirent
979 596 994 623 ,
1037 563 1098 610 et
1122 571 1255 610 cum
1282 552 1392 611 illis
1431 553 1584 614 vires
1618 566 1820 614 contra
1855 578 1985 616 eam
2019 560 2431 637 conjunxerint

282 647 515 726 judaica
554 646 799 730 perfidia
836 657 896 706 et
929 668 1157 728 pagana
1198 649 1536 730 superstitio
1569 674 1584 722 ς
1630 648 1696 709 30
1730 671 1803 709 ex
1846 651 1971 732 ipsa
2020 652 2182 713 haud
2212 676 2432 737 pauco-

290 765 426 803 rum
467 742 940 803 adversariorum
984 743 1199 825 agendi
1237 744 1466 803 ratione
1493 790 1508 820 5
1552 745 1653 826 qui
1691 746 1958 827 quamvis
1996 759 2197 829 aperte
2247 749 2321 808 ab
2364 771 2431 810 ea

298 840 471 900 divisi
510 849 681 914 sunt,
716 838 906 898 adhuc
941 860 1003 898 se
1039 851 1243 899 tamen
1278 841 1354 899 ad
1390 840 1555 900 illam
1588 842 1889 923 pertinere
1915 841 2318 919 contendunt,
2355 867 2436 904 ne

295 935 647 994 schismatici
683 946 784 994 aut
814 934 1071 996 haeretici
1102 935 1346 995 audiant
1382 937 1491 1017 (1).

371 1031 512 1092 238.
572 1033 725 1092 Nota
784 1032 1040 1114 denique
1095 1034 1534 1115 apostolicitatis
1560 1036 1890 1094 Romanam
1938 1035 2049 1095 frui
2079 1035 2433 1112 Ecclesiam,

291 1139 660 1211 compertum
698 1129 767 1189 fit
806 1150 877 1188 ex
909 1151 1219 1211 nunquam
1259 1129 1590 1213 interrupta
1631 1133 2036 1191 Romanorum
2080 1133 2432 1192 Pontificum

290 1226 649 1286 successione
678 1247 711 1284 a
744 1226 802 1285 S.
823 1227 998 1285 Petro
1021 1225 1097 1283 ad
1122 1246 1229 1284 nos
1255 1248 1438 1308 usque
1459 1272 1475 1302 ,
1505 1237 1564 1286 et
1585 1228 2002 1309 Episcoporum
2035 1229 2304 1287 omnium
2328 1250 2438 1310 perv

291 1319 497 1380 orbem
523 1319 909 1380 Ecclesiarum
931 1365 948 1396 ,
988 1342 1120 1403 quae
1154 1342 1289 1380 cum
1318 1322 1445 1403 ipso
1475 1323 1987 1385 communicarunt
2011 1334 2070 1382 et
2103 1323 2437 1382 communi-

291 1428 429 1477 cant
450 1417 513 1476 in
538 1418 766 1476 unitate
784 1416 925 1477 fidei
951 1427 1011 1477 et
1039 1418 1472 1477 communionis
1504 1417 1579 1477 ad
1601 1418 1726 1478 haec
1749 1441 1931 1500 usque
1955 1430 2248 1501 tempora.
2276 1418 2434 1480 Adeo

288 1513 417 1574 haec
444 1514 726 1573 successio
763 1513 1065 1596 explorata
1106 1525 1229 1589 est,
1270 1525 1337 1572 ut
1374 1534 1569 1595 neque
1600 1514 1673 1572 ab
1701 1513 2049 1576 adversariis
2086 1517 2149 1574 in
2189 1514 2438 1575 dubium

290 1620 634 1683 revocetur,
659 1610 783 1673 sive
815 1610 1011 1692 quoad
1049 1620 1281 1692 partem
1311 1614 1434 1689 ejus
1473 1609 1840 1670 materialem
1867 1656 1883 1685 ,
1927 1611 2048 1670 sive
2083 1611 2279 1693 quoad
2317 1611 2435 1671 for-

290 1706 531 1766 malem.
584 1708 907 1789 Extorquet
954 1707 1220 1788 ipsorum
1268 1706 1723 1766 admirationem
1769 1706 2056 1785 ejusmodi
2105 1708 2394 1767 successio
2419 1753 2433 1781 ,

294 1823 409 1884 qua
437 1803 504 1863 fit
524 1848 540 1878 ,
585 1814 651 1861 ut
691 1801 1009 1885 apostolica
1044 1801 1220 1863 Sedes
1262 1801 1467 1863 decem
1492 1813 1552 1863 et
1583 1814 1714 1862 octo
1754 1802 2085 1863 seculorum
2117 1813 2308 1862 tractu
2339 1801 2438 1861 ad-

291 1996 462 2046 tudine
472 1998 587 2063 jam
625 1998 770 2045 sciret
788 2033 802 2057 ‚
821 2004 865 2045 te
880 2013 1041 2044 secum
1061 2034 1075 2059 ‚
1103 1996 1189 2044 hoc
1219 2006 1287 2044 est
1303 2035 1315 2056 ‚

292 2097 405 2128 cam
433 2078 669 2127 catholica
689 2077 910 2127 Ecclesia
938 2080 1316 2132 communicare.

293 2158 345 2209 S.
378 2159 697 2226 AugustinuS‚
741 2172 905 2210 contra
952 2160 1121 2226 Epist.
1169 2160 1221 2208 F
1224 2178 1318 2209 vm-

292 2243 541 2302 damenti,
573 2262 679 2310 cap.
719 2243 784 2309 43
829 2243 900 2291 In
929 2243 1163 2293 catholica
1188 2246 1318 2292 enim

291 2323 515 2376 Ecclesia
530 2363 546 2388 ‚
574 2329 728 2393 inquit
745 2362 827 2387 ‚...
846 2334 974 2374 tenet
997 2327 1059 2374 ab
1078 2329 1188 2393 ipsa
1211 2326 1319 2375 sede

293 2405 431 2458 Petri
456 2401 711 2477 Apostoli,
749 2412 838 2458 cui
864 2409 1166 2475 pascendam
1213 2427 1319 2458 oves

292 2510 408 2541 suas
445 2501 558 2559 post
614 2495 1011 2542 resurrectionem
1069 2492 1320 2540 Dominus

291 2575 683 2638 commendavit,
735 2593 884 2641 usque
930 2575 997 2623 ad
1030 2584 1319 2642 praesentem

294 2658 645 2726 Episcopatum
689 2660 925 2706 successio
964 2658 1264 2706 sacerdotum
1303 2673 1317 2716 ;

296 2751 422 2791 tenet
427 2751 667 2808 postremo
683 2743 847 2808 ipsum
861 2740 1108 2802 catholica?
1124 2756 1316 2788 nomen.

298 2825 376 2874 Sic
394 2824 550 2874 Patres
573 2862 587 2886 ,
616 2827 756 2873 ceteri
773 2824 960 2890 ..quibus
984 2823 1178 2886 perinde
1215 2830 1316 2872 erat

298 2926 540 2957 romanam
575 2925 630 2956 ac
660 2906 936 2956 catholicam
965 2905 1214 2955 Ecclesiam
1234 2922 1318 2953 no-

300 2993 495 3045 minare,
527 2990 663 3055 Quod
692 2990 881 3039 uberius
912 3006 972 3039 ex
1001 2989 1209 3038 dicendis
1238 3006 1320 3054 op-

301 3083 504 3138 portuno
535 3074 638 3122 loco
656 3073 906 3122 constabit.

370 3156 435 3219 (Ι)
474 3155 573 3205 Hoc
599 3172 774 3204 novum
804 3172 902 3203 non
932 3164 997 3203 est
1024 3170 1039 3217 3
1084 3153 1319 3219 siquidem

302 3239 528 3288 habemus
570 3258 625 3288 ex
661 3240 969 3288 remotissima
1003 3239 1282 3303 antiquitate
1303 3274 1317 3295 ‚

303 3323 432 3390 quod
471 3324 611 3371 etiam
649 3333 822 3372 veteres
861 3323 1068 3370 haeretici
1098 3330 1141 3368 et
1175 3320 1322 3369 schis-

304 3407 464 3455 matici
487 3442 501 3466 ‚
539 3405 734 3471 perinde
763 3423 819 3454 ac
863 3406 1063 3454 haeretici
1099 3413 1145 3452 et
1179 3402 1323 3452 schis-

305 3490 461 3536 matici
500 3488 644 3535 nostri
697 3490 915 3552 temporis
951 3523 969 3549 ‚
1010 3484 1323 3535 «affectaverint

304 3589 387 3637 pro
422 3572 516 3619 suis
556 3568 750 3618 coetibus
787 3568 1027 3618 Ecclesiae
1071 3566 1323 3616 catholiam

305 3653 754 3702 denominationem.
803 3648 868 3700 At
907 3652 1075 3700 frustra
1108 3660 1207 3700 tum
1248 3652 1322 3698 isti

307 3748 403 3785 tum
431 3737 516 3786 illi.
551 3734 628 3785 Sic
662 3734 790 3784 enim
822 3733 870 3783 S.
906 3736 1189 3800 Augustinus
1221 3732 1322 3781 illos

1416 1997 1655 2047 refellebat
1686 2015 1699 2046 ε
1752 1996 1870 2048 Una
1911 2006 1981 2046 est
2019 1996 2261 2045 catholica
2291 2034 2304 2057 ,
2356 1997 2441 2044 cm'

1415 2077 1617 2127 hoereses
1663 2077 1775 2127 alioe
1817 2078 2009 2127 diversa
2036 2079 2239 2126 nomina
2279 2078 2436 2143 impo-

1415 2169 1545 2209 nunt
1566 2198 1580 2221 ,
1609 2177 1723 2210 cum
1749 2163 1870 2227 ips-ce
1891 2160 2097 2226 sinqulae
2127 2161 2343 2227 propriis
2356 2176 2441 2208 nc-

1415 2244 1634 2292 minibus
1656 2283 1669 2304 ‚
1700 2261 1808 2309 quae
1840 2261 2015 2309 neqare
2054 2261 2155 2292 non
2182 2243 2396 2292 audeant
2422 2281 2436 2303 ‚

1415 2325 1735 2392 appellentur.
1773 2325 1858 2374 Ex
1877 2343 1968 2391 quo
2003 2325 2214 2391 intelliqi
2256 2325 2436 2386 datur,

1401 2407 1749 2474 judicantibus
1776 2406 1976 2457 a'rbieris
1992 2446 2006 2470 ,
2039 2425 2156 2474 quos
2181 2407 2316 2456 nulla
2345 2409 2438 2455 im—

1409 2491 1550 2558 pedit
1578 2493 1774 2556 qratia,
1813 2496 1897 2539 cui
1923 2493 1988 2539 sit
2031 2489 2315 2539 catholicum
2354 2505 2439 2536 nc-

1416 2591 1528 2621 men
1548 2612 1562 2635 ‚
1588 2575 1653 2621 ad
1666 2573 1794 2638 quod
1812 2590 1972 2621 omnes
1987 2572 2160 2620 abiunt
2180 2610 2192 2632 ‚
2219 2571 2439 2620 tribuen—
2473 2621 2477 2625 Α

1416 2655 1532 2702 dum
1551 2660 1567 2718 (
1586 2656 1667 2702 lib.
1689 2653 1762 2704 De
1774 2653 1919 2703 utilit.
1938 2654 2168 2703 credendi
2183 2692 2197 2716 ‚
2227 2671 2328 2719 cap.
2351 2669 2378 2719 7
2397 2651 2438 2719 )›

1417 2736 1477 2785 Et
1513 2737 1625 2784 alibi
1680 2753 1695 2785 ε
1737 2737 1971 2784 Tenenda
2013 2745 2081 2784 est
2121 2736 2260 2784 nobis
2306 2734 2439 2783 chri-

1417 2821 1580 2868 stiana
1611 2818 1795 2884 Reliqio
1812 2856 1826 2880 ,
1858 2831 1902 2867 et
1932 2821 2037 2886 ejus
2055 2816 2289 2869 Ecclesioe
2311 2835 2440 2867 com-

1416 2903 1686 2950 municatio
1705 2940 1717 2962 ,
1754 2919 1861 2966 quoe
1889 2901 2125 2950 catholica
2151 2910 2220 2949 est
2243 2940 2256 2962 ‚
2293 2909 2338 2949 et
2365 2917 2438 2950 ca-

1417 2986 1593 3034 tholica
1619 2988 1933 3048 nominatur,
1962 3003 2062 3034 non
2091 2983 2244 3034 solum
2262 3002 2293 3033 a
2309 2986 2438 3045 suis,

1417 3087 1581 3118 verum
1626 3071 1773 3118 eciam
1813 3070 1874 3118 ab
1917 3067 2143 3118 omnibus
2195 3068 2438 3116 inimicis.

1424 3151 1598 3201 Velim
1630 3150 1788 3199 nolint
1819 3153 1976 3212 enim,
2010 3151 2110 3217 ipsi
2135 3166 2317 3214 quoque
2342 3148 2443 3198 Ῐιω-

1421 3237 1558 3284 retici
1589 3244 1633 3283 et
1649 3234 1963 3282 schismatum
2003 3232 2228 3293 alumni,
2248 3231 2440 3297 quando

1420 3336 1519 3367 non
1545 3335 1656 3366 cam
1677 3318 1781 3365 suis
1800 3351 1817 3378 ,
1849 3315 1933 3364 sed
1961 3332 2073 3364 cum
2100 3317 2344 3363 extraneis
2371 3314 2439 3363 lo-

1420 3410 1640 3467 quuntur
1654 3437 1667 3462 ‚
1684 3397 1967 3448 catholicam
1991 3397 2122 3445 nihil
2136 3397 2276 3445 aliud
2292 3413 2440 3462 quam

1422 3483 1703 3534 catholicam
1731 3490 1901 3531 vocant
1915 3498 1936 3543 ,-
1961 3498 2058 3529 non
2076 3482 2209 3529 enim
2232 3488 2440 3546 possunt

1421 3566 1636 3632 intelliqi
1655 3602 1667 3626 ‚
1686 3566 1789 3613 nisi
1801 3563 1885 3615 hoc
1903 3581 2009 3611 eam
2037 3565 2233 3612 nomine
2260 3562 2436 3610 discer-

1423 3658 1545 3699 nam
1564 3686 1579 3711 ‚
1612 3664 1703 3714 quo
1740 3647 1800 3696 ab
1831 3650 2056 3696 universo
2104 3646 2215 3695 orbe
2248 3660 2436 3693 nuncu·

1418 3740 1566 3799 patur
1593 3731 1706 3794 (De
1730 3747 1840 3778 vera
1857 3729 1995 3794 reliq.
2033 3747 2134 3795 cap.
2175 3745 2202 3794 7
2227 3729 2262 3788 ).
