2514 4218
2121 163 2243 223 479

376 182 543 220 PART.
592 182 632 217 1.
677 179 828 217 SEC'r.
876 180 938 216 11.
983 178 1111 216 CAP.
1156 179 1244 215 111.
1291 179 1358 214 DE
1401 178 1528 217 NAT.
1579 178 1646 216 ΕΤ
1690 180 1811 218 JUR.
1860 182 2016 219 PRIM.

129 337 192 385 et
237 345 343 383 nos
371 318 829 393 contendamus7
859 317 1135 379 adversus
1174 317 1533 386 Jansenistas
1573 328 1632 378 et
1656 317 2080 400 FebronianOS,
2130 327 2242 383 mi-

131 421 292 480 nime
337 438 460 478 esse
498 415 775 475 absolutae
819 413 1179 474 necessitatis
1216 413 1470 472 Concilia
1502 415 1861 473 oecumenica
1894 416 1967 476 ad
1999 417 2247 480 haereses

131 511 496 575 damnandas
520 556 536 585 7
567 509 700 569 licet
735 521 796 569 et
828 530 933 568 nos
956 508 1197 581 demus7
1231 507 1329 566 illa
1368 529 1491 567 esse
1514 507 1685 568 valde
1706 509 1893 570 utilia.
1933 508 2036 571 Ast
2073 536 2244 595 nega-

129 631 284 685 mu87
313 606 471 689 quod
492 626 803 688 perperam
827 604 1039 665 exinde
1059 602 1423 662 adversarius
1445 603 1662 663 inferre
1686 604 1995 682 adnititur,
2025 630 2243 692 nempe

128 704 430 765 fallibilem
457 724 579 762 esse
606 701 848 761 Concilii
871 699 1214 762 oecumenici
1241 698 1666 760 auctoritatem.
1699 702 1851 761 Nam
1875 723 1945 761 ex
1971 724 2063 775 ec,
2085 707 2245 787 quod
2325 714 2327 720 ⁴

130 800 376 861 Ecclesia
407 798 664 879 dispersa
697 795 1013 855 infallibilis
1041 796 1146 870 sit,
1168 793 1327 867 haud
1361 795 1647 876 sequitur,
1682 795 1917 857 fallibile
1951 819 2073 860 esse
2097 802 2245 860 Con-

128 896 345 956 cilium.
389 895 538 953 Sane
576 892 750 974 plane
786 891 1003 965 neseio,
1033 900 1236 948 utrum
1262 901 1563 949 accuratus
1593 890 1927 951 dialecticus
1967 894 2244 975 probaret

129 990 414 1070 ejusmodi
446 988 895 1069 argumentandi
923 987 1239 1064 rationem3
1275 986 1321 1044 si
1348 985 1585 1066 quidem
1615 986 1680 1046 id
1707 1009 1893 1047 unum
1919 1011 1989 1049 ex
2018 1013 2084 1051 ea
2111 1013 2247 1051 con-

129 1086 391 1167 sequitur
409 1130 425 1159 7
458 1085 506 1143 si
532 1082 770 1143 aliunde
799 1080 1113 1165 probetur,
1153 1091 1211 1141 et
1244 1080 1612 1142 infallibilem
1636 1104 1760 1143 esse
1785 1085 2095 1146 Ecclesiam
2124 1088 2248 1148 dis-

127 1201 361 1262 persam
380 1224 397 1254 7
437 1179 634 1260 prouti
663 1176 1194 1238 demonstravimus
1215 1222 1232 1250 7
1279 1189 1339 1236 et
1367 1176 1738 1238 infallibilem
1775 1201 1899 1240 esse
1937 1182 2247 1243 Ecclesiam

125 1277 188 1334 in
228 1274 462 1356 Synodo
504 1273 857 1335 oecumenica
900 1283 1330 1352 congregatam.
1348 1315 1360 1322 2
1381 1275 1584 1354 Neque
1629 1275 1787 1332 enim
1836 1275 2019 1336 altera
2074 1278 2246 1339 alteri

125 1371 486 1433 adversatur.

208 1466 349 1525 703.
399 1463 502 1524 Ad
533 1462 639 1537 5³¹7
679 1462 748 1521 In
784 1482 996 1538 sensu7
1038 1483 1142 1522 seu
1185 1483 1256 1521 ex
1293 1473 1495 1521 mente
1541 1462 1911 1542 adversarii„
1938 1487 2098 1527 conc.
2121 1493 2142 1535 ;
2181 1470 2246 1532 in

126 1561 402 1628 doctrina.
421 1557 698 1632 catholica
720 1603 736 1632 7
768 1579 893 1638 neq.
921 1559 1141 1617 Omnes
1171 1557 1332 1617 enim
1356 1556 1635 1617 Catholici
1654 1603 1672 1633 7
1705 1559 1944 1620 nemine
1965 1572 2207 1644 excepto
2226 1612 2246 1639 7

125 1657 358 1729 docent,
379 1653 856 1713 infallibilitatem
882 1653 1122 1712 Concilii
1145 1654 1489 1724 oecumenici
1512 1654 1574 1712 in
1589 1653 1929 1734 dogmaticis
1947 1655 2247 1718 definitio-

122 1751 297 1828 nibus
311 1760 529 1810 certam
551 1771 695 1823 esse7
722 1760 782 1808 et
801 1748 875 1807 ad
896 1748 1074 1808 fidem
1095 1749 1416 1830 pertinere,
1442 1770 1620 1831 quam
1644 1760 1981 1811 constanter
1995 1753 2244 1814 Ecclesia

122 1848 396 1908 universa
423 1845 678 1927 professa
709 1856 797 1904 est
825 1856 884 1904 et
909 1844 1075 1903 dictis
1102 1855 1161 1904 et
1188 1844 1352 1903 factis
1368 1889 1384 1918 7
1410 1845 1500 1903 uti
1520 1844 1905 1904 ostendimuS.
1929 1847 1989 1906 Si
2015 1869 2126 1929 qua
2153 1860 2243 1909 est

123 1942 276 2001 inter
299 1940 610 2000 catholicos
630 1940 892 2000 doctores
916 1939 1310 2000 controversia
1326 1984 1341 2015 7
1369 1938 1624 2000 volvitur
1650 1950 1886 1999 tantum
1910 1941 2060 2002 circa
2085 1944 2245 2026 prin-

124 2038 338 2117 cipium
378 2036 550 2114 hujus
591 2034 1019 2094 infallibilitatis
1047 2081 1063 2110 7
1107 2045 1307 2093 utrum
1351 2056 1566 2116 nempe
1621 2034 1927 2096 infallibile
1965 2038 2040 2096 sit
2090 2040 2239 2099 Con-

120 2131 317 2190 cilium
346 2129 421 2189 ob
459 2151 609 2189 rom.
650 2130 943 2189 Pontificis
983 2151 1284 2190 assensum
1320 2141 1380 2190 et
1411 2130 1921 2190 confirmationem
1945 2176 1962 2207 7
1993 2153 2071 2191 an
2102 2155 2245 2195 vero

118 2215 439 2286 infallibilis
472 2227 546 2285 sit
580 2227 887 2285 auctoritas
916 2248 1065 2284 rom.
1101 2226 1396 2285 Pontificis
1424 2247 1496 2285 ex
1523 2227 1979 2307 superveniente
2003 2250 2243 2289 assensu

120 2323 536 2405 Episcoporum
561 2322 684 2380 sive
705 2320 968 2380 Concilii.
999 2322 1272 2381 Ceterum
1290 2321 1351 2379 in
1364 2342 1427 2380 re
1452 2341 1655 2380 omnes
1688 2322 2091 2399 consentiunt7
2119 2345 2244 2384 esse

118 2440 227 2501 per
254 2439 314 2478 se
341 2416 644 2477 infallibile
679 2416 1002 2476 Concilium
1028 2417 1455 2485 oecumenicum
1475 2462 1492 2492 7
1525 2415 1684 2498 quod
1713 2417 1890 2476 fuerit
1925 2419 2243 2479 confirma-

120 2526 249 2573 tum
286 2536 318 2573 a
354 2536 504 2574 rom.
537 2513 814 2572 Pontifice
842 2513 951 2591 (1).

192 2761 256 2824 (l)
294 2759 682 2826 Quandoquidem
709 2760 993 2809 adversarius
1016 2776 1134 2825 saepe

124 2842 331 2892 abutitur
351 2845 617 2891 auctoritate
643 2842 846 2890 Bossueti
862 2878 875 2904 ‚
906 2842 966 2890 ad
995 2859 1134 2908 quem

122 2934 341 2989 provocat
362 2960 375 2983 ,
401 2941 498 2971 non
523 2923 606 2971 abs
638 2940 688 2971 re
711 2926 799 2971 erit
814 2924 890 2971 hic
909 2922 1137 2989 subjicere

128 3007 353 3055 nonnulla
387 3007 647 3054 testimonia
677 3005 971 3053 illustrissimi
997 3006 1137 3072 hujus

129 3088 332 3152 praesulis
358 3106 410 3136 ac
433 3088 490 3136 de
516 3105 566 3135 re
591 3087 813 3136 catholica
836 3089 1009 3152 optime
1037 3073 1137 3136 me-

131 3173 224 3219 riti.
256 3171 357 3235 Ipse
384 3174 539 3238 itaque
559 3173 609 3218 in
628 3170 852 3236 Append.
878 3169 944 3216 ad
956 3169 1135 3234 defens.

130 3251 442 3304 declaration.
474 3252 592 3300 cleri
627 3252 786 3317 qallic.
822 3252 919 3300 haec
956 3254 1006 3299 in
1038 3269 1136 3299 rem

122 3345 325 3382 nostram
368 3334 526 3382 scribit
556 3351 571 3383 ε
617 3335 747 3382 Tum
789 3332 915 3382 illud
955 3341 1136 3381 certum

121 3424 188 3463 est
214 3413 346 3480 apud
368 3414 633 3466 Catholicos
671 3433 860 3472 omnes,
894 3416 1136 3480 nostrique

120 3496 310 3546 assidue
348 3495 625 3558 inculcant,
658 3492 756 3545 aon
782 3505 971 3546 tantam
1003 3494 1132 3546 Con-

121 3578 293 3626 cilium
312 3614 327 3637 ,
358 3577 442 3626 sed
461 3578 741 3627 catholicam
758 3578 1030 3628 Ecclesiam
1052 3579 1136 3627 ab·

121 3658 267 3707 solute
299 3657 604 3722 infallibilem
633 3675 760 3719 esse,
791 3661 935 3709 etiam
962 3660 1136 3725 absque

1225 2758 1466 2808 Concilio.
1488 2757 1607 2824 Opp.
1644 2759 1756 2807 edit.
1786 2761 1869 2808 cit.
1888 2769 2005 2808 tom.
2045 2777 2205 2810 xxxm
2223 2801 2237 2824 ,

1218 2859 1324 2907 pag.
1355 2838 1454 2890 563
1477 2857 1491 2902 ;
1525 2851 1661 2906 atque
1685 2843 1735 2888 in
1766 2858 1844 2905 op.
1874 2844 1924 2889 in
1948 2861 2042 2909 quo
2067 2861 2239 2909 expen-

1218 2925 1286 2973 dit
1310 2922 1634 2988 Coqitationes
1641 2923 1863 2988 privatas
1897 2924 1978 2974 ab.
2007 2925 2235 2986 Malam,

1217 3017 1339 3072 part.
1371 3023 1407 3052 11
1426 3043 1439 3065 ‚
1462 3021 1565 3070 cap.
1582 3002 1615 3068 4
1632 3043 1646 3064 ,
1678 3015 1766 3055 art.
1788 3005 1818 3054 3
1840 3022 1854 3054 :
1872 3009 2204 3057 Protestantes
2219 3046 2235 3069 ‚

1218 3088 1406 3145 scribit,
1447 3086 1694 3134 catholicis
1718 3088 1836 3134 vitio
1859 3086 2008 3136 solent
2028 3097 2207 3139 vertere
2221 3128 2236 3150 7

1217 3169 1343 3234 quod
1361 3205 1377 3232 ‚
1431 3186 1540 3217 cum
1578 3167 1805 3218 Eoelesiae
1834 3170 2236 3235 infallibilitatem

1217 3259 1483 3316 aqnoscant
1505 3288 1518 3310 ‚
1574 3249 1631 3297 de
1679 3250 1825 3316 hujus
1867 3252 2237 3317 infallibilitatis

1216 3331 1419 3398 subjecto
1439 3331 1567 3380 nihil
1590 3333 1711 3380 certi
1734 3332 1941 3384 babeam
1953 3373 1969 3398 ,
1986 3352 2097 3385 cum
2112 3352 2234 3401 pars

1216 3414 1271 3460 in
1298 3413 1445 3479 Papa
1466 3415 1609 3461 etiam
1627 3412 1750 3475 solo,
1771 3432 1891 3480 pars
1920 3418 1977 3464 in
2001 3416 2235 3465 Conciliis

1216 3494 1543 3555 oecumenicis‚
1570 3512 1691 3561 pars
1706 3497 1764 3543 in
1777 3494 1994 3546 Ecclesia
2011 3505 2104 3546 toto
2124 3498 2233 3546 orbe

1216 3574 1399 3641 diffusa
1432 3575 1827 3641 infallibilitatem
1855 3578 2094 3628 collocent.
2117 3579 2229 3629 Ho-

1218 3677 1326 3708 rum
1350 3675 1459 3724 erqo
1480 3661 1641 3725 qratia
1670 3660 1812 3709 nobis
1840 3659 2024 3724 foedum
2053 3663 2232 3711 incerti
