2514 4218
415 215 576 250 PAR'l’.
613 212 655 248 l.
687 211 840 248 sEc'r.
891 211 956 248 11.
1006 212 1128 248 CAP.
1179 213 1242 248 11.
1294 212 1361 247 ΒΕ
1406 211 1637 247 ΡΒΙΜΔΤ.
1683 209 1902 247 PERPET.

2101 187 2218 246 365

99 355 352 415 instituit
378 353 635 412 adinstar
681 350 971 411 individui
998 353 1214 431 jugiter
1268 351 1543 423 viventis,
1585 349 1675 408 cui
1710 361 2015 430 propterea
2046 360 2220 430 caput

101 450 298 522 dedit,
342 470 374 506 a
410 469 526 529 quo
569 446 834 506 membra
874 446 1098 526 singula
1127 446 1519 529 dirigerentur
1555 466 1620 503 ac
1655 455 1890 502 motum
1934 444 2221 526 quodam-

102 545 278 603 modo
315 543 679 623 acciperent,
735 554 796 602 et
840 563 973 600 cum
1019 562 1135 621 quo
1176 563 1360 599 unum
1399 562 1606 621 corpus
1650 539 1968 599 efficerent.

185 637 324 697 535.
369 639 651 697 Universa
680 636 918 695 traditio
953 636 1247 694 unanimis
1286 647 1375 694 est
1410 636 1470 693 in
1508 635 1616 693 hac
1659 634 1957 694 reddenda
1996 636 2224 695 ratione

98 733 481 792 institutionis
535 733 822 814 primatus
835 775 854 802 ,
906 741 971 789 ut
1012 729 1176 811 patet
1228 751 1300 789 ex
1339 729 1526 788 allatis
1576 733 1814 790 Patrum
1854 731 2216 790 testimoniis

103 829 189 886 Ita
215 829 377 888 enirn
394 829 643 886 docuere
670 828 766 885 SS.
795 827 1078 899 IrenaeuS,
1105 824 1451 906 Cyprianus,
1479 825 1867 905 Hieronymus
1885 870 1902 899 ,
1933 828 2182 907 Optatus
2203 871 2222 902 ,

105 924 491 1002 AugustinuS,
550 923 660 981 Leo
723 923 797 980 M.
861 919 1154 1000 ceterique
1202 940 1406 978 omnes
1440 964 1456 990 ,
1519 921 1757 979 nemine
1813 931 2088 1002 except03
2151 942 2225 981 ex

30 1036 33 1038 ’
107 1017 316 1098 quibus
354 1017 452 1075 alii
486 1015 799 1075 adstruunt
841 1014 1245 1073 necessitatem
1278 1014 1666 1073 conveniendi
1711 1015 1774 1073 in
1810 1015 1925 1074 fide
1962 1027 2021 1074 et
2057 1036 2224 1075 com·

107 1114 388 1172 munione
433 1133 567 1170 cum
613 1111 768 1169 Petri
810 1108 946 1168 sede
984 1107 1062 1166 ob
1104 1114 1224 1187 ejus
1262 1110 1622 1191 primatum,
1673 1121 1737 1168 ut
1794 1111 2046 1171 Irenaeus
2099 1112 2222 1194 (l);

108 1205 205 1265 alii
252 1206 548 1265 Christum
586 1204 896 1264 contulisse
932 1205 1252 1285 primatum
1279 1207 1479 1278 Petr0,
1526 1216 1625 1281 ut,
1664 1209 1856 1285 capite
1878 1212 2223 1285 constituto,

109 1303 447 1362 schismatis
477 1303 776 1360 tolleretur
795 1305 1020 1358 occasio
1039 1344 1056 1375 ‚
1086 1299 1171 1357 uti
1190 1298 1578 1385 Hieronymus
1616 1299 1731 1380 (2),
1760 1300 1855 1360 alii
1882 1313 1947 1363 ut
1973 1306 2229 1364 unitatis

109 1494 236 1561 quod
264 1495 381 1558 regit
396 1494 661 1542 universum
691 1491 967 1551 aedificium,
1002 1509 1119 1557 qua-

110 1589 242 1626 tenus
283 1594 308 1624 a
347 1576 528 1644 Christo
566 1575 872 1622 fundamento
912 1583 957 1622 et
995 1584 1122 1639 petra

112 1658 319 1723 angulari
353 1656 580 1705 essentiali
621 1658 888 1704 firmitatem
920 1656 1123 1704 solidita-

113 1753 296 1806 temque
329 1743 503 1804 accepit
527 1776 540 1800 ,
569 1743 631 1786 ita
664 1749 742 1790 ut.
770 1740 893 1804 quod
915 1738 1125 1787 Christus

111 1832 178 1870 est
203 1830 379 1868 natura
397 1858 410 1880 ,
434 1820 494 1868 sit
509 1821 669 1868 Petrus
687 1837 780 1886 per
788 1821 1128 1885 participatio-

111 1902 497 1951 nem.Hineillud
514 1902 755 1967 Augustini
779 1919 791 1949 :
810 1904 863 1951 A
875 1910 1018 1967 petra
1036 1919 1125 1967 pe-

113 1994 217 2032 trus
244 2020 257 2043 ‚
297 1985 480 2050 aliaque
523 1984 617 2032 huc
663 1983 850 2031 Pati-um
893 1983 1127 2049 ejusmodi

116 2065 251 2116 effata
298 2066 557 2113 referuntur
591 2066 650 2113 ad
692 2066 814 2113 idem
859 2065 1126 2130 significan-

116 2147 228 2194 dum
246 2183 258 2205 ,
291 2147 518 2212 quidquid
537 2146 694 2195 Petrus
711 2158 778 2194 est
798 2183 810 2202 ‚
840 2146 1011 2194 Christi
1040 2149 1130 2194 vir-

114 2237 215 2276 tute
233 2238 319 2276 est.
348 2228 400 2275 ln
429 2246 522 2293 quo
547 2229 750 2293 profecto
780 2229 899 2276 nihil
926 2239 1011 2286 est,
1036 2246 1130 2294 quo

115 2310 358 2358 adversarii
384 2309 555 2358 offendi
584 2313 793 2374 possint,
824 2311 1050 2376 siquidem
1082 2311 1130 2358 id

115 2391 254 2439 efficit
275 2391 399 2439 Deus
421 2429 434 2452 ,
462 2394 537 2439 cui
564 2394 718 2440 omnia
748 2391 982 2457 possibilia
1003 2402 1130 2441 sunt.

116 2471 240 2520 Talis
271 2490 405 2537 porro
436 2483 502 2521 est
525 2472 733 2522 doctrina
771 2473 1131 2522 Catholicorum.

115 2553 216 2619 Quo
245 2557 386 2620 igitur
419 2556 594 2603 abeunt
633 2557 817 2604 furiosae
841 2557 1135 2605 declamatio-

115 2653 198 2687 nes
229 2637 384 2684 stolidi
408 2637 531 2686 illius
565 2637 868 2703 disputatoris
901 2656 1134 2703 geneven-

115 2721 211 2777 sis,
249 2721 382 2785 cujus
421 2721 562 2784 paulo
593 2731 699 2768 ante
734 2723 1022 2770 mentionem
1061 2724 1136 2769 in-

116 2797 345 2866 jecimus,
381 2802 496 2849 dum
550 2805 625 2851 cit.
667 2804 777 2852 diss.
818 2821 923 2868 pag.
963 2801 1022 2864 6,
1070 2819 1131 2868 7,

117 2885 274 2933 scribit
321 2901 335 2932 ε
384 2881 490 2933 Sur
522 2885 672 2950 quelle
709 2889 874 2952 pierre
919 2897 989 2934 est
1016 2887 1138 2935 domic

117 2966 244 3014 bestie
265 2963 463 3031 l'E'qlise
487 3005 500 3027 ‚
544 2967 750 3016 hommes
789 2968 1047 3033 irreflechis
1075 2987 1138 3017 ou

121 3047 370 3114 coupables
391 3051 478 3113 qui
494 3087 506 3108 ‚
515 3066 645 3115 pour
661 3067 756 3098 une
771 3049 1021 3099 miserable
1037 3051 1133 3098 dis-

122 3138 234 3192 pute
249 3131 306 3177 de
321 3133 580 3196 prese‘amce
593 3141 637 3179 ee
653 3130 943 3180 d'ambition
964 3170 977 3193 ,
995 3149 1140 3181 cenez

126 3224 245 3256 nous
255 3212 420 3276 parler
438 3213 495 3261 de
509 3213 784 3271 substituer,
805 3231 934 3280 pour
955 3213 1143 3281 l’appui

126 3291 173 3335 et
210 3289 251 3337 le
287 3305 654 3355 qouvernement
695 3296 751 3344 de
795 3296 996 3361 l‘quise
1022 3336 1034 3357 ‚
1073 3315 1140 3345 un

118 3370 240 3434 srele
268 3389 434 3423 roseau
453 3393 518 3423 au
538 3377 721 3427 Rocher
739 3378 821 3426 des
844 3379 1008 3428 siecles
1023 3384 1049 3427 ?
1070 3380 1143 3429 En

128 3464 281 3502 autem
296 3460 634 3520 responsionem
652 3498 665 3520 ,
692 3480 831 3528 quam
849 3480 935 3511 nos
961 3466 1002 3512 ei
1028 3479 1143 3528 prae-

128 3535 292 3584 bemus
312 3574 325 3595 ,
346 3538 507 3586 iisdem
540 3541 680 3604 plane
714 3544 863 3593 verbis
886 3583 900 3608 ‚
924 3562 1024 3611 quae
1048 3548 1145 3610 ipse

128 3619 393 3666 immediate
422 3619 611 3686 subjicit
650 3638 664 3672 ε
693 3623 889 3673 N’est-il
914 3642 1006 3691 pas
1040 3627 1137 3674 evi-

128 3698 242 3747 dent
258 3736 270 3760 ,
305 3716 395 3764 que
438 3702 485 3748 si
510 3700 678 3751 Pierre
698 3739 712 3764 ‚
740 3721 832 3770 que
850 3709 899 3756 si
925 3706 990 3756 les
1014 3705 1138 3774 αρό-

1204 1498 1298 1538 tres
1318 1529 1329 1550 ,
1373 1474 1482 1555 que'
1510 1491 1558 1538 si
1595 1489 1661 1538 les
1693 1491 1945 1557 prophetes
1967 1527 1984 1553 ,
2020 1502 2232 1559 peuoent

1205 1574 1301 1620 ecre
1323 1572 1590 1621 consideres
1621 1576 1698 1635 (eu
1719 1590 1789 1621 un
1814 1590 1920 1622 sens
1945 1575 2230 1639 infiniment
2259 1587 2269 1620 μ
2351 1577 2357 1580 Κ

1204 1654 1544 1719 suber-donne)
1577 1671 1756 1703 comme
1798 1662 2001 1722 portant
2028 1655 2226 1722 l'edifice

1206 1735 1263 1783 de
1287 1735 1490 1800 l'quise
1511 1772 1526 1799 ,
1549 1737 1580 1783 ὰ
1603 1736 1708 1784 leur
1729 1746 1840 1785 tour
1860 1737 1921 1784 ils
1938 1747 2045 1786 sont
2066 1742 2227 1805 portes

1199 1834 1298 1882 par
1327 1817 1455 1865 celui
1481 1817 1611 1878 seul,
1643 1820 1731 1882 qui
1757 1835 1819 1866 en
1845 1814 1999 1883 forme
2034 1819 2081 1868 la
2099 1822 2228 1869 veri-

1207 1901 1329 1948 table
1344 1901 1453 1948 base
1469 1901 1502 1949 P
1518 1901 1573 1949 Et
1591 1901 1680 1950 hoc
1695 1905 1887 1951 omnino
1901 1913 1987 1964 est,
2005 1904 2129 1970 quod
2142 1921 2228 1953 nos

1209 1986 1392 2048 praecise
1422 1982 1622 2031 dicimus
1651 2001 1705 2031 ac
1737 1993 1939 2034 tuemur.

1280 2065 1345 2129 (l)
1385 2064 1544 2113 Talem
1583 2068 1676 2113 vim
1726 2082 1822 2114 esse
1869 2069 1996 2115 vocis
2034 2070 2230 2132 princi-

1203 2147 1453 2212 palitate-m
1474 2185 1485 2205 ,
1520 2166 1611 2214 qua
1638 2150 1780 2196 utitur
1802 2145 1851 2198 S.
1886 2149 2120 2209 Irenaeus,
2152 2169 2225 2200 os-

1213 2230 1359 2277 tendit
1388 2229 1654 2294 Ducangius
1675 2233 1723 2280 in
1745 2247 1830 2279 suo
1866 2229 2146 2295 Glossari05
2180 2253 2233 2283 ea

1214 2313 1338 2358 enim
1366 2314 1534 2375 passim
1558 2312 1617 2359 ab
1645 2314 1847 2378 antiquis
1877 2314 2125 2363 adhibetur
2149 2333 2232 2382 pro

1205 2394 1495 2459 principatu
1536 2394 1607 2442 vel
1629 2397 1883 2460 primatu,
1922 2407 1973 2444 ut
1997 2397 2143 2463 liquet
2174 2417 2234 2448 ex

1216 2474 1500 2523 Tertulliano
1522 2510 1536 2537 ‚
1582 2475 1662 2524 De
1706 2478 1875 2524 anima
1897 2514 1912 2537 ‚
1960 2495 2063 2543 cap.
2099 2497 2184 2528 xtu
2218 2497 2235 2529 .·

1215 2555 1301 2604 Ad
1331 2556 1418 2604 hoc
1450 2556 1680 2623 dispicere
1702 2568 1914 2625 superest
1926 2561 2232 2628 principali-

1215 2648 1294 2686 tas
1318 2638 1407 2686 ubi
1434 2647 1502 2686 est
1519 2677 1532 2699 ,
1550 2639 1603 2686 id
1623 2648 1693 2687 est
1712 2678 1724 2700 ,
1754 2643 1842 2705 qui
1865 2644 1949 2690 cui
1954 2652 2142 2709 proeest.
2157 2644 2237 2695 Sic

1216 2724 1355 2769 etiam
1370 2721 1600 2788 Remigius
1614 2725 2020 2776 Autissiodorensis
2057 2731 2106 2776 in
2128 2747 2236 2780 can-

1217 2806 1305 2852 tica
1342 2819 1356 2854 t
1400 2803 1560 2871 Caput
1583 2823 1691 2870 erqo
1716 2844 1728 2864 ,
1764 2807 1947 2874 inquit,
1983 2807 2233 2874 Ecclesioe,

1213 2887 1560 2952 principalitas
1595 2892 1766 2937 mentis
1794 2890 2013 2953 fidelium
2060 2894 2238 2944 intelli-

1215 2969 1369 3031 9itur.
1407 2967 1465 3017 In
1487 2969 1648 3018 libello
1677 2989 1867 3035 precum
1906 2972 2162 3025 Marcellini
2193 2988 2239 3027 et

1221 3049 1430 3098 Faustini
1454 3051 1623 3116 legitur
1659 3067 1672 3101 z
1702 3051 1798 3100 Sed
1824 3070 1885 3101 nc
1919 3054 2126 3106 aliorum
2147 3058 2239 3107 im·-

1212 3130 1480 3196 pietatibus
1521 3140 1566 3180 et
1611 3133 1973 3184 crudelitatibus
2035 3142 2239 3205 sanquis

1221 3214 1400 3279 effusus
1429 3213 1825 3265 Christianorum
1853 3218 1942 3266 diu
1950 3222 2237 3285 piissimum

1222 3306 1387 3346 oestroe
1388 3299 1774 3364 principalitatis
1780 3312 1942 3365 qravet
1956 3307 2236 3372 imperium.

1224 3381 1322 3429 Cfr.
1358 3382 1445 3429 alia
1476 3383 1687 3446 exempla
1716 3386 1838 3450 apud
1867 3387 2084 3436 eumdem
2109 3399 2235 3438 auct.

1225 3463 1336 3512 edit.
1369 3462 1533 3512 Venet.
1569 3464 1727 3533 1739,
1772 3477 1885 3516 tom.
1924 3488 1949 3516 v
1970 3507 1982 3528 ‚
2029 3470 2088 3517 ad
2118 3470 2240 3520 hanc

1224 3561 1404 3594 vocem.

1291 3627 1355 3691 (2)
1392 3624 1590 3677 Advers.
1615 3627 1872 3682 Jovinian.
1898 3631 1983 3681 lib.
2014 3650 2028 3679 1
2050 3670 2062 3687 ,
2083 3650 2131 3682 n.
2153 3631 2238 3685 26.
