2514 4218
213 209 334 270 218
833 228 1029 267 ruer.
1076 227 1144 264 nn
1187 227 1338 266 Locis
1380 231 1759 272 mmmmm&

215 374 397 435 ternis
431 384 561 433 tum
594 372 851 433 externis
871 417 887 446 ,
925 371 987 429 in
1023 391 1138 451 qua
1163 367 1437 451 primitus
1466 372 1715 435 existere
1746 376 1942 459 coepit.
1984 376 2176 450 Quare
2213 399 2351 439 cum

215 492 285 530 ex
315 481 451 528 ortu
481 492 584 529 suo
623 469 869 530 Ecclesia
892 477 952 526 et
982 466 1177 526 anima
1210 477 1270 525 et
1305 488 1580 548 corpore,
1613 478 1788 549 atque
1815 473 2119 554 utriusque
2157 495 2348 550 nexu,

215 586 287 625 ex
328 587 443 647 quo
478 564 699 647 pendet
730 573 1005 621 mutuum
1034 564 1453 622 commercium
1477 608 1492 636 ,
1532 564 1893 642 constiterit,
1936 591 2001 628 ac
2038 582 2352 652 propterea

213 683 330 720 una
374 659 711 733 individua,
754 670 952 716 sancta
977 703 992 733 7
1045 658 1326 718 catholica
1365 671 1424 718 et
1458 658 1809 740 apostolica,
1864 662 2069 722 eadem
2113 687 2349 748 semper

214 766 570 839 perseveret,
597 775 831 814 necesse
858 766 968 829 est,
998 766 1065 813 ut
1088 766 1145 814 et
1177 754 1393 814 eisdem
1421 756 1571 814 notis
1601 777 1835 838 semper
1858 761 2123 839 cognosci
2144 763 2352 843 possit‚

214 865 275 912 et
303 851 505 911 eadem
550 850 755 931 quovis
784 861 1050 932 tempore
1078 850 1151 910 ab
1180 851 1454 910 omnibus
1488 851 1989 934 deprehendatur.

297 946 438 1005 333.
488 947 571 1005 Ex
618 945 727 1006 hac
767 945 1290 1007 indefectibilitatis
1338 948 1578 1007 notione
1625 948 1932 1007 inferimus
1966 948 2364 1031 primozeam-

215 1042 495 1122 distingui
528 1053 660 1101 tum
692 1064 725 1101 a
767 1041 1109 1103 visibilitate
1130 1089 1158 1128 ,ἢ
1181 1055 1310 1103 tum
1342 1043 1417 1104 ab
1442 1043 1861 1105 infallibilitate
1883 1090 1899 1120 a
1936 1055 2063 1104 tum
2101 1045 2363 1129 denique·

213 1161 245 1198 a
270 1139 701 1221 perpetuitate3
735 1138 1044 1201 visibilitas
1076 1140 1238 1200 enim
1276 1132 1627 1201 exteriorem
1659 1153 1897 1201 tantum
1928 1140 2191 1203 Ecclesiae
2215 1166 2355 1226 par-

212 1248 336 1295 tem
382 1235 649 1316 attingit,
725 1235 1106 1296 infallibilitas
1153 1249 1352 1297 autem
1404 1237 1653 1297 docendi
1694 1260 1946 1314 munus7
1994 1241 2365 1321 perpetuitas-

214 1332 457 1394 demum
481 1333 567 1393 nil
605 1332 764 1392 aliud
795 1335 1079 1417 importat
1110 1335 1172 1393 in
1208 1335 1297 1393 sui
1324 1337 1564 1395 notione
1594 1335 1707 1394 nisi
1735 1335 1958 1393 nudam
1986 1335 2358 1398 durationem

212 1429 659 1510 praescindendo
684 1429 757 1489 ab
786 1435 907 1509 ejus
936 1431 1113 1491 modo
1140 1453 1241 1491 seu
1267 1442 1445 1491 statu.
1482 1433 1696 1492 Contra
1722 1453 1860 1491 vero
1886 1430 2356 1494 indefectibilitas

215 1525 355 1585 dicit
409 1526 787 1586 identitatem
826 1540 1128 1610 perpetuae
1167 1529 1595 1611 permanantiae
1622 1528 1685 1587 in
1714 1550 1817 1588 sua
1857 1543 2091 1592 natura.

299 1623 441 1684 334.
471 1624 782 1683 Inferimus
806 1637 1109 1706 praeterea,
1145 1646 1457 1706 perperam
1484 1623 1559 1684 ab
1591 1626 1923 1687 acatholicis
1955 1640 2055 1687 aut
2079 1629 2361 1689 coarctari

217 1720 369 1778 hanc
391 1719 967 1780 indefectibilitatem
993 1721 1069 1780 ad
1099 1720 1532 1796 visibilitatem3
1561 1732 1663 1781 aut
1685 1722 1747 1780 in
1777 1744 1846 1782 eo
1867 1725 2172 1801 constitui,
2200 1724 2360 1807 quod

216 1837 450 1898 semper
498 1817 679 1898 aliqui
720 1818 960 1877 extituri
1007 1817 1162 1895 sint,
1205 1819 1306 1900 qui
1352 1839 1554 1880 veram
1591 1818 1768 1878 fidem
1802 1822 2218 1900 profiteantur3
2258 1831 2360 1878 aut

215 1913 279 1970 in
303 1933 371 1971 eo
402 1913 560 1995 quod
586 1913 723 1974 fidei
754 1914 1118 1991 essentialia,
1154 1927 1217 1974 ut
1248 1927 1460 1977 vocant
1483 1961 1499 1991 7
1525 1937 1833 1999 nunquam
1863 1916 1937 1976 ab
1968 1916 2214 1978 Ecclesia
2241 1918 2361 1976 sint

217 2010 452 2091 penitus
485 2010 789 2085 defutura3
849 2023 953 2071 aut
989 2011 1243 2095 denique
1284 2012 1410 2072 haec
1441 2013 1637 2071 omnia
1676 2012 1852 2071 simul
1894 2012 1967 2072 ab
2009 2016 2090 2073 eis
2131 2013 2364 2094 permi-

219 2107 364 2166 sceri
403 2107 534 2186 (1);
574 2129 644 2167 ex
681 2107 848 2168 dictis
891 2108 1180 2191 siquidem
1216 2109 1338 2169 haec
1378 2109 1534 2169 inter
1571 2130 1634 2170 se
1679 2120 1988 2190 nequeunt
2025 2107 2364 2191 perturbari

220 2215 322 2262 aut
353 2203 687 2266 immisceri,
720 2206 823 2265 His
850 2207 1160 2289 praemissis
1179 2252 1196 2285 ‚
1234 2208 1309 2267 sit

1074 2386 1510 2467 PRoposmo.

713 2530 989 2590 Ecclesia
1033 2530 1269 2592 Christi
1305 2542 1390 2591 est
1414 2532 1860 2611 indefectibilis.

305 2722 446 2783 335.
482 2723 715 2783 Etenim
739 2743 810 2782 ex
828 2722 1162 2798 vindicatise
1185 2722 1266 2780 ita
1296 2744 1327 2781 a
1348 2721 1579 2781 Christo
1604 2721 1871 2780 instituta
1889 2718 2141 2780 Ecclesia
2166 2730 2278 2795 est,
2297 2731 2365 2779 ut

223 2820 430 2902 quovis
469 2831 736 2900 tempore
780 2816 1053 2877 omnibus
1087 2816 1427 2877 hominibus
1452 2839 1558 2900 per
1596 2839 1724 2877 eam
1754 2827 2142 2901 suppeterent
2170 2815 2365 2876 media

224 2915 432 2975 idonea
449 2916 525 2976 ad
552 2913 802 2975 salutem
835 2913 943 2973 sibi
966 2913 1461 2997 comparandam3
1497 2913 1628 2973 talis
1654 2915 1836 2994 igitur
1855 2914 2061 2996 quovis
2094 2925 2363 2992 tempore

226 3032 599 3093 perseverare
616 3010 793 3071 debet
812 3057 827 3087 ‚
852 3022 919 3069 ut
943 3009 1017 3069 ab
1037 3010 1311 3070 omnibus
1340 3022 1718 3091 cognoscatur
1736 3055 1751 3084 ,
1778 3021 1839 3069 et
1862 3032 1894 3068 a
1916 3007 2177 3091 qualibet
2203 3017 2360 3065 secta

217 3107 433 3187 jugiter
452 3119 808 3168 secernatur.
841 3110 975 3168 Jam
1005 3129 1143 3167 vero
1165 3107 1298 3167 talis
1329 3130 1453 3167 non
1479 3118 1630 3167 esset
1658 3104 1937 3178 Ecclesia,
1975 3104 2022 3162 si
2043 3101 2361 3186 aliquando

227 3214 424 3286 posset
453 3203 645 3288 aliqua
674 3227 746 3265 ex
792 3215 959 3288 parte
980 3202 1259 3280 deficere3
1298 3226 1440 3264 nam
1463 3203 1716 3265 identica
1745 3199 1995 3283 amplius
2025 3223 2146 3259 non
2169 3210 2361 3271 esset3

298 3411 363 3476 (l)
401 3409 478 3459 Sic
525 3413 645 3459 inter
689 3422 866 3462 ceteros
907 3414 1156 3461 novissime
1199 3431 1247 3462 se
1334 3422 1436 3461 tum
1475 3410 1619 3460 relate
1659 3407 1725 3459 ad
1763 3409 2114 3457 romanismum
2145 3414 2191 3454 et
2213 3413 2376 3472 prote-

229 3497 367 3561 gessit
394 3493 442 3544 J.
473 3493 696 3543 Newman
714 3513 766 3544 ex
790 3496 1136 3546 Oxoniensibus
1158 3533 1172 3555 ‚
1198 3499 1248 3543 in
1333 3497 1645 3543 stantismum
1668 3491 1991 3560 popularem,
2027 3489 2181 3540 Lond.
2209 3486 2365 3555 1837,

230 3597 308 3644 op.
345 3575 569 3626 Leo-tures
595 3594 656 3624 on
684 3576 759 3625 the
792 3577 1095 3646 prophetica!
1126 3578 1252 3644 office
1335 3589 1388 3627 ut
1415 3577 1589 3644 patebit
1614 3591 1672 3625 ex
1701 3578 1757 3625 iis
1775 3613 1788 3636 ‚
1817 3591 1921 3643 quae
1950 3592 2057 3623 mox
2087 3590 2147 3623 ex
2175 3589 2230 3621 eo
2264 3587 2373 3637 pro·

230 3662 291 3725 of
304 3660 379 3709 the
409 3658 621 3720 Charch,
637 3669 740 3719 etc„
755 3678 836 3709 seu
855 3662 1106 3719 Lectiones
1126 3662 1257 3710 circa
1338 3663 1560 3713 feremus,

233 3760 411 3792 munus
424 3742 759 3810 propheticum
783 3741 1048 3807 Ecclesiae,
1075 3751 1256 3810 specta-
