2514 4218
267 145 390 209 268

885 168 1084 207 TnAc‘r.
1131 169 1202 206 1113
1244 168 1396 209 mels
1437 170 1816 215 rnnotoalcis.

267 312 550 375 Baronius
578 312 799 394 pariter
831 321 1032 394 aperte
1058 307 1260 368 scribit
1298 332 1312 369 :
1345 310 1424 369 In
1462 313 1567 386 iis,
1598 334 1731 392 quoe
1759 318 1846 375 ad
1866 337 2161 396 personas
2187 323 2394 397 perci-

266 419 411 468 nent
458 419 514 468 el
546 413 775 488 scripta
822 412 1129 485 ipsorum,
1161 405 1225 464 in
1274 406 1482 466 ordine
1524 407 1795 469 videlicet
1839 414 1915 471 ad
1952 413 2259 473 consilium
2294 427 2398 474 aut

265 515 534 564 mentem
563 502 968 581 subjectivam.
1005 501 1322 583 Utriusque
1361 502 1518 562 enim
1558 523 1764 583 scopus
1797 517 1887 565 est
1915 508 2229 569 defendere
2257 531 2397 592 per·-

267 621 475 661 sonam
523 596 804 671 Honorii7
847 617 1030 678 quem
1076 598 1139 656 in
1183 596 1455 658 haeresim
1510 599 1858 681 neutiquam
1910 601 2142 684 lapsum
2187 607 2401 666 merito

267 695 585 767 affirmant,
615 692 847 752 etiamsi
879 694 1080 753 Patres
1109 695 1179 753 VI
1208 693 1427 775 Synodi
1450 694 1644 775 ipsum
1670 696 1828 756 inter
1854 697 2177 776 haer-etiem,
2205 703 2395 777 idest,

263 789 676 852 haereticorum
712 788 966 848 fautores
1008 794 1568 853 connumeraverim:
1605 792 1719 871 (1).
1766 793 1832 851 ld
1860 793 2046 875 liquet
2075 795 2145 853 2⁰
2183 818 2394 870 ex-eo,

266 886 427 968 quod
461 886 525 943 in
547 886 787 945 decreto
815 884 1143 965 dogmatico
1178 886 1504 946 Concilium
1538 889 1608 946 VI
1642 909 1720 948 ne
1751 889 1998 949 verbum
2026 889 2263 971 quidem
2293 892 2400 952 ha-

264 980 402 1041 heat
423 980 498 1041 de
526 981 789 1063 epistolis
817 981 1103 1055 Honorii3
1134 982 1197 1040 in
1225 981 1336 1041 hoc
1367 1004 1545 1064 porro
1570 982 1693 1043 solo
1723 987 2086 1063 infallibilia
2130 987 2400 1047 Concilia

262 1088 410 1136 sunt
439 1077 551 1158 (2).
595 1076 766 1150 Quod
795 1077 844 1135 si
877 1077 1158 1137 Baronius
1199 1099 1264 1136 ac
1291 1077 1686 1138 *Bellarminus
1722 1092 1926 1162 aperte
1957 1103 2078 1144 non
2115 1082 2401 1143 distinxe-

261 1185 411 1233 runt·
427 1174 586 1235 inter
606 1195 768 1233 mera
785 1174 931 1234 facta
950 1186 1008 1234 et
1025 1174 1173 1234 facta
1192 1174 1518 1255 dogmatica
1536 1220 1558 1249 ,
1574 1177 1683 1237 hoc
1703 1177 1834 1237 ideo
1858 1190 1947 1238 est
1967 1224 1982 1253 ,
2008 1179 2142 1261 quia
2164 1179 2401 1241 illorum

262 1281 433 1332 aetate
458 1270 728 1330 nondum
753 1270 853 1330 illa
875 1271 1126 1331 formula
1158 1271 1400 1331 inducta
1429 1273 1652 1347 fuerat3
1681 1273 1819 1333 hinc
1838 1276 2048 1335 merito
2071 1275 2186 1335 illis
2208 1275 2401 1359 aptari

260 1379 509 1450 possunt
533 1367 839 1448 Augustini
864 1367 1046 1429 verba
1076 1367 1152 1428 de
1180 1367 1498 1448 pelagianis
1510 1412 1532 1441 ,
1557 1370 1983 1431 nonnullorum
2009 1394 2117 1453 pro
2146 1393 2207 1432 se
2234 1382 2401 1433 vete-

259 1485 397 1522 rum
437 1465 850 1523 auctoritatem
884 1463 1342 1524 obtrudentibus
1373 1486 1388 1522 z
1443 1465 1620 1526 Vobis
1663 1467 1939 1526 nondum
1975 1469 2400 1548 litiqantihus,

261 1562 532 1619 securius
568 1562 974 1640 loquebantur
1009 1560 1117 1640 (3).

343 1654 484 1716 408.
533 1655 624 1716 Ad
662 1657 780 1732 5¹1¹,
821 1657 974 1737 Ney.
1020 1656 1445 1717 pallavicinum
1485 1658 1704 1718 fassum
1746 1680 1895 1733 esse,
1934 1681 2177 1719 sensum
2218 1661 2400 1720 trium

261 1752 649 1834 capitulorum
684 1776 717 1813 a
756 1756 797 1814 V
834 1754 1071 1836 Synodo
1108 1754 1457 1815 damnatum
1482 1778 1602 1815 non
1643 1757 1994 1838 pertinuisse
2030 1757 2106 1816 ad
2128 1757 2402 1818 infallibi-

259 1848 375 1909 lem
397 1851 804 1910 auctoritatem
825 1850 1121 1925 Ecclesia-:3
1150 1852 1230 1910 sic
1253 1852 1412 1910 enim
1433 1851 1633 1910 scribit
1659 1874 1671 1909 z
1707 1853 1996 1911 observat
2016 1853 2101 1932 (S.
2124 1856 2293 1933 Greg.
2318 1855 2396 1914 M.

258 1947 325 2006 in
347 1949 548 2028 Epist.
566 1951 652 2007 ad
678 1949 1102 2008 Constantium
1133 1949 1633 2007 mediolanensem
1657 1949 2045 2029 antistitem),
2074 1951 2406 2008 dissidium

260 2066 378 2103 non
410 2047 482 2102 in
512 2045 895 2124 doymatibus
924 2049 1102 2114 verti,
1142 2045 1247 2103 sed
1287 2049 1357 2102 in
1397 2045 1787 2118 hominibuS,
1827 2047 1897 2103 de
1935 2047 2162 2123 quibus
2200 2056 2405 2105 aetum

253 2142 471 2219 fuerat
501 2142 572 2198 in
621 2140 885 2199 Concilio
922 2140 1381 2201 Chalcedonensi
1402 2152 1541 2220 post
1571 2142 1886 2220 firmatam
1924 2145 2151 2222 inteyre
2180 2143 2406 2200 doctri-

259 2257 446 2305 nam,
491 2256 564 2294 ao
594 2237 853 2315 proinde
896 2240 1367 2295 controversiam
1415 2258 1534 2295 non
1569 2258 1687 2295 esse
1734 2238 1804 2295 de
1837 2239 2097 2295 articulo
2139 2239 2307 2317 fidei,
2351 2249 2408 2297 et

258 2337 375 2412 qui
388 2332 475 2390 ad
489 2332 551 2391 E
551 2333 774 2389 eolesiae
791 2335 1215 2391 auctoritatem
1231 2334 1399 2391 nulli
1416 2334 1743 2392 obnoxiam
1763 2336 1964 2393 errori
1981 2338 2272 2414 spectaret
2285 2333 2396 2414 (3).

259 2495 301 2534 et
330 2502 463 2559 seqq.
486 2483 567 2532 ubi
603 2485 888 2549 apertissime
919 2483 1198 2544 ostenditur,
1235 2486 1286 2533 in

258 2567 441 2635 objecto
458 2568 562 2617 loco
587 2567 926 2616 Bellarminum
947 2605 960 2625 ,
976 2586 1073 2615 non
1093 2567 1150 2615 de
1165 2568 1286 2616 facto

258 2650 520 2716 dogmatico
545 2688 559 2711 ,
589 2650 670 2699 sed
700 2650 758 2699 de
791 2651 910 2699 facto
945 2649 1172 2715 personali
1188 2650 1287 2698 Ho-

257 2736 376 2783 norii
403 2736 564 2799 egisse.

329 2817 398 2882 (l)
437 2817 506 2866 De
548 2834 642 2884 quo
677 2825 951 2882 argumento
985 2830 1049 2864 ex
1078 2814 1284 2879 professo

259 2902 398 2966 paulo
424 2913 525 2967 post
558 2889 776 2967 agemus.

330 2983 391 3048 (2)
414 2983 469 3032 In
487 2984 819 3050 posterioribus
837 2983 965 3031 enim
989 2982 1181 3029 actionis
1205 2997 1281 3030 xv1

260 3066 418 3117 verbis·
455 3069 698 3132 profitetur
732 3065 947 3133 Synodus
971 3101 986 3124 ‚
1020 3081 1067 3112 se
1094 3066 1143 3112 in
1176 3083 1281 3130 pos-

259 3161 411 3200 terum
460 3151 689 3199 edituram
728 3151 836 3199 fidei
882 3148 1218 3215 professionem
1260 3165 1275 3196 z

259 3232 441 3282 Sancta
451 3233 676 3298 Synodus
694 3234 853 3282 dixit:
871 3231 1279 3298 sufficienterqui-

258 3318 365 3366 dem
391 3316 568 3365 habent
600 3333 797 3381 qumque
822 3331 970 3381 usque
995 3329 1127 3362 nunc
1146 3321 1278 3377 qesta

255 3409 372 3457 sunt
414 3415 472 3449 ac
511 3399 750 3447 decertata
768 3435 782 3459 ‚
827 3408 873 3447 et
901 3398 966 3447 ad
994 3404 1276 3463 praesentem

258 3485 580 3549 doqmaticam
610 3483 976 3545 inquisitionem
1000 3479 1277 3528 intendunt.

254 3567 328 3616 In
365 3566 583 3633 sequenti
613 3580 721 3613 vero
754 3565 1078 3629 inspiratione
1121 3563 1281 3610 sancti

251 3660 298 3700 et
328 3649 516 3715 vivifici
545 3648 761 3715 Spiritus
791 3646 1118 3709 definitionem
1147 3652 1285 3692 rectae

1379 2502 1502 2534 mus.
1530 2484 1828 2553 Subsequens
1862 2505 1996 2551 porro
2032 2486 2238 2535 definitio
2267 2485 2398 2549 fidei,

1378 2584 1485 2633 quae
1512 2568 1701 2616 redacta
1730 2578 1775 2616 et
1813 2568 1934 2616 edita
1980 2579 2047 2616 est
2091 2578 2181 2617 act.
2222 2583 2319 2616 xvn
2354 2574 2401 2616 et

1376 2665 1527 2711 xvnt,
1566 2650 1758 2697 titulum
1789 2649 1968 2698 habens
2010 2668 2023 2698 :
2067 2648 2294 2714 Definitio
2322 2667 2399 2699 or-

1371 2729 1588 2780 thodoaeae
1608 2732 1730 2796 fidei
1742 2733 1877 2795 facta
1902 2735 1959 2780 in
1981 2735 2116 2798 reqia
2145 2733 2263 2782 urbe
2279 2771 2292 2794 ‚
2309 2744 2397 2782 etc.

1369 2813 1490 2861 nihil
1515 2831 1701 2880 prorsus
1727 2811 1873 2863 habet
1897 2817 1955 2865 de
1981 2817 2279 2866 damnatione
2299 2819 2398 2880 epi·

1368 2896 1593 2945 stolarum
1621 2895 1840 2947 Honorii.

1439 2978 1503 3044 (3)
1545 2978 1688 3030 Com.
1723 2978 1922 3030 Julian.
1952 2980 2037 3029 lib.
2074 2997 2125 3040 1,
2169 2997 2272 3045 cap.
2311 2977 2344 3026 6
2373 3016 2387 3040 ‚

1366 3080 1420 3112 n.
1472 3078 1556 3112 22.
1603 3062 1782 3112 Verum
1819 3063 1876 3111 de
1914 3072 2066 3110 mente
2103 3060 2244 3110 Card.
2288 3062 2392 3111 Bel-

1366 3145 1559 3194 larmini
1580 3184 1593 3206 ‚
1624 3145 1809 3194 Baronii
1827 3179 1842 3204 ,
1864 3144 2249 3204 Turrecrematae‚
2275 3145 2391 3193 alio-

1365 3247 1594 3296 rumque,
1625 3244 1827 3295 quorum
1851 3230 2117 3276 auctoritate
2137 3229 2390 3276 abutuntur

1366 3312 1658 3372 Janseniani,
1675 3310 1763 3361 cfr.
1779 3310 1814 3358 F
1817 3311 1985 3359 enelon
2000 3348 2013 3370 ,
2033 3313 2148 3360 edit.
2168 3314 2245 3359 cit.
2270 3321 2387 3359 tom.

1364 3413 1411 3444 ιι
1431 3433 1445 3456 ,
1481 3393 1748 3444 Troisieme
1780 3394 2073 3442 instruction
2103 3392 2351 3461 pastorale
2373 3431 2386 3453 ‚

1364 3478 1503 3543 chap.
1528 3475 1596 3540 34
1611 3477 1669 3525 ad
1686 3478 1772 3540 37,
1804 3476 1883 3524 ubi
1914 3480 2098 3543 copiose
2126 3495 2222 3526 rem
2248 3487 2391 3525 totam

1364 3562 1426 3610 ita
1443 3559 1613 3609 evolvit
1629 3596 1644 3619 ‚
1674 3558 1925 3607 utnullum
1950 3560 2149 3608 dubium
2173 3561 2387 3624 supersit.

1434 3643 1503 3707 (4)
1543 3642 1615 3690 En
1638 3644 1736 3707 ipsa
1766 3645 1866 3708 ejus
1901 3643 2041 3693 verba
2072 3643 2164 3692 loc.
2197 3645 2273 3691 cit.
2301 3638 2390 3688 Ma

245 3732 367 3798 fidei
388 3732 745 3783 convenientem
776 3726 1072 3794 synodaliter
1094 3734 1271 3775 statue-
1345 3726 1513 3794 percio
1530 3740 1712 3790 uaeque
1726 3727 1905 3774 scisma
1918 3728 2004 3793 poi
2020 3727 2103 3790 fra
2125 3724 2386 3782 Cristiam}
