2514 4218
2022 202 2132 259 111

482 229 641 265 PAn‘r.
690 225 729 262 l.
780 225 900 264 CAP.
953 226 1037 262 111.
1084 227 1153 262 DE
1197 224 1465 263 ECCLESIAE
1508 224 1685 260 NOTIS.

35 396 135 434 seu
166 384 471 433 eoeternam
503 388 626 428 esse
661 366 876 426 debere
898 411 913 442 ‚
952 387 1082 448 quae
1118 364 1433 426 coalescere
1472 362 1706 446 quidem
1739 376 1931 444 potest
1963 384 2034 423 ex
2065 363 2137 421 iis

36 466 343 539 0011111105,
380 463 479 545 qui
520 463 584 520 in
623 462 922 521 Christum
967 461 1251 536 credunt,
1306 460 1567 542 quamvis
1609 458 1871 541 proprias
1922 458 2136 517 formas

36 560 277 645 quilibet
312 569 496 618 coetus
542 555 794 629 habeat3
844 574 964 638 quo·
1003 576 1181 615 sensu
1218 555 1489 615 omnibus
1529 575 1761 636 prorsus
1805 553 1972 612 sectis
2014 575 2137 612 non

35 656 205 717 modo
243 675 502 714 seorsum
525 698 540 726 .,
576 653 678 713 sed
703 651 875 712 simul
915 649 1093 710 etiam
1125 651 1375 731 sumptis
1417 651 1609 708 unitas
1649 647 1986 710 conveniret
2023 647 2134 726 (1).

31 753 195 830 ErgO.

118 846 254 903 190.
302 846 474 924 Resp.
500 842 588 902 Ad
615 845 694 901 1111
711 885 729 919 ,
751 840 902 919 Neq.
932 839 1080 896 Cum
1104 838 1265 896 enim
1294 859 1367 896 ex
1390 838 1557 898 dictis
1586 840 1778 898 unitas
1803 860 1924 896 non
1952 834 2142 896 solum

33 942 442 1010 materialem,
471 949 537 996 ut
566 939 646 996 ita
679 935 868 996 dicam
886 977 904 1009 ‚
942 933 1416 991 communionem
1439 955 1542 992 seu
1569 935 1983 1015 professionem
2007 931 2144 991 fidei

33 1036 96 1093 in
119 1057 220 1093 sua
249 1034 491 1092 notione
514 1029 806 1101 includat,
836 1049 1044 1086 verum
1072 1028 1248 1086 etiam
1270 1030 1613 1106 formalem,
1634 1050 1765 1110 quae
1795 1029 2052 1108 exsurgit
2073 1048 2143 1086 ex

34 1129 321 1214 principio
359 1125 712 1186 auctoritatis
755 1121 943 1181 veluti
974 1122 1166 1182 medio
1194 1123 1364 1182 unice
1399 1122 1611 1183 idoneo
1646 1123 1724 1183 ad
1753 1145 1882 1184 eam
1911 1124 2146 1203 gignen-

37 1224 173 1282 dam
202 1234 262 1282 et
286 1218 741 1285 conservandam
765 1262 782 1292 ,
817 1215 1028 1299 liquet,
1053 1219 1113 1279 in
1145 1217 1267 1277 sola
1283 1217 1383 1278 illa
1403 1220 1673 1280 societate
1698 1220 1850 1279 hanc
1873 1218 2145 1300 reperiri,

37 1339 163 1399 quae
189 1318 459 1397 legitimae
492 1312 823 1373 auctoritati
854 1333 888 1371 a
922 1312 1152 1372 Christo
1178 1312 1458 1373 institutae
1492 1314 1555 1373 in
1590 1315 1748 1376 hunc
1785 1315 1964 1384 finem
2004 1311 2149 1372 sub-—

32 1415 250 1491 jicitur.
286 1413 406 1471 Hac
431 1419 625 1469 autem
658 1407 947 1469 destitutae
983 1419 1122 1468 sunt
1151 1430 1355 1469 omnes
1385 1413 1573 1469 sectae.

37 1637 250 1696 servaret.
279 1642 495 1690 Eminent
522 1645 573 1690 in
606 1643 692 1690 hac
719 1642 875 1690 schola
909 1640 1047 1691 Joan.

39 1727 266 1776 Heni-icus
283 1723 508 1795 Newman
529 1760 542 1782 ‚
561 1723 614 1772 E.
632 1723 688 1774 Β.
718 1723 862 1789 Pusey
883 1762 895 1783 ‚
915 1721 1053 1773 Guil-

39 1810 201 1859 lelmus
227 1807 408 1856 Palmer
427 1844 440 1866 ‚
474 1806 646 1866 Keble,
689 1817 778 1855 etc.
814 1807 945 1855 luter
975 1825 1052 1856 eos

37 1891 217 1940 Palmer
250 1890 456 1938 doctrina
487 1906 541 1937 ac
568 1889 885 1937 moderati··ne
912 1900 1051 1937 caete-

40 1975 98 2021 ris
122 1983 336 2038 praestare
359 1971 494 2019 nobis
533 1973 655 2019 visus
683 1981 750 2019 est
775 1988 790 2034 3
819 1972 1050 2037 siquidem

41 2071 96 2103 ex
119 2053 310 2120 reliquis
347 2054 501 2118 plures
519 2091 530 2112 ‚
558 2057 653 2102 sive
678 2054 805 2121 quod
841 2054 1052 2101 nondum

39 2141 181 2202 reipsa
198 2139 353 2186 odium
372 2140 599 2199 exuerint,
623 2154 717 2202 quo
739 2136 953 2184 adversus
968 2136 1055 2184 Ec-

39 2220 223 2266 clesiam
251 2219 522 2266 catholicam
541 2256 554 2277 ‚
575 2236 742 2282 nempe
758 2218 1015 2266 Romanam
1038 2254 1053 2280 ‚

42 2299 341 2358 ferebantur,
372 2302 465 2349 sive
507 2301 633 2364 quod
669 2300 884 2348 affectent
914 2318 960 2348 se
999 2301 1056 2348 li-

43 2382 202 2431 berare
247 2381 306 2429 ab
357 2381 462 2442 illo,
499 2382 622 2446 quod
670 2381 782 2446 ipsis
820 2379 1055 2446 objectum

43 2474 140 2523 est,
172 2463 332 2526 adagio
371 2479 384 2511 :
426 2462 695 2511 Tendimus
735 2465 793 2510 in
823 2463 1053 2522 Latium,

44 2545 226 2594 nullum
251 2561 449 2610 persaepe
469 2546 658 2593 modum
683 2556 865 2594 servant
890 2548 938 2593 in
966 2546 1056 2595 Ec-

46 2625 179 2674 clesia
225 2644 418 2674 romana
463 2627 709 2674 calumniis
752 2637 795 2675 et
838 2630 1056 2675 conviciis

46 2709 396 2774 proscindenda.
446 2708 586 2756 Prout
629 2726 734 2758 vero
790 2711 1055 2774 contingere

49 2791 162 2840 solet
183 2794 258 2853 iis,
275 2795 356 2858 qui
377 2794 499 2841 viam
525 2792 723 2840 mediam
737 2794 945 2841 insistere
970 2808 1053 2854 vo-

47 2874 148 2922 lunt
171 2886 216 2923 et
242 2885 362 2923 certa
387 2875 543 2940 regula
574 2885 730 2922 carent
755 2909 773 2936 ,
805 2892 923 2923 nova
954 2874 1055 2922 haec

47 2955 204 3006 schola
221 2958 369 3023 plures
388 2961 438 3006 in
461 2960 557 3023 ipsa
585 2941 837 3023 Anglicana
866 2957 1056 3005 ecclesia

49 3049 178 3087 nacta
214 3049 281 3088 est
325 3040 638 3099 adversarios,
675 3049 811 3104 atque
843 3049 1055 3105 praeterea

55 3137 207 3170 secum
227 3124 324 3187 ipsa
352 3123 501 3171 divisa
519 3131 584 3170 est
600 3159 614 3182 ‚
643 3131 694 3169 ut
716 3123 810 3169 suis
837 3122 948 3169 locis
973 3138 1054 3168 ex-

57 3203 324 3265 pendemus.
372 3204 660 3270 Quapropter
703 3204 784 3252 diu
834 3206 884 3270 in
939 3220 1055 3269 prae·

57 3284 173 3329 senti
193 3293 308 3333 statu
335 3289 578 3335 consistere
604 3303 698 3335 non
731 3287 895 3351 poterit
920 3302 936 3348 ς
976 3295 1058 3334 aut

61 3363 212 3423 enim,
240 3366 363 3432 quod
403 3384 691 3434 summopere
727 3378 938 3433 optamus
956 3404 968 3426 ,
998 3367 1058 3415 ad

56 3459 215 3492 verum
255 3446 615 3498 catholicismum
662 3451 899 3514 perveniet
928 3486 940 3510 ,
977 3458 1060 3497 aut

56 3535 179 3573 certo
210 3528 260 3573 in
292 3529 534 3591 pristinum
560 3533 982 3596 protestantismum
1005 3547 1058 3580 ac

55 3606 172 3657 ultra
191 3612 608 3672 protestantismum
652 3614 902 3663 relabetur.
936 3612 1057 3662 Cum

53 3689 235 3737 interim
260 3689 384 3738 haud
413 3693 546 3755 pauci
563 3691 622 3741 ab
645 3694 735 3743 hoc
762 3730 778 3758 ‚
808 3701 948 3762 quem
969 3695 1056 3744 sibi

1132 1642 1388 1702 tribuunt,
1446 1643 1619 1692 larvato
1676 1643 1991 1694 catholicismo
2039 1646 2151 1695 deti·

1132 1735 1329 1772 neantur
1366 1728 1417 1772 in
1456 1729 1638 1791 propria
1673 1737 1790 1775 secta
1813 1764 1826 1785 ,
1867 1743 1953 1776 nec
1989 1745 2143 1777 veram

1134 1806 1404 1854 catholicam
1447 1809 1590 1857 fidem
1649 1809 1944 1873 profiteantur
1979 1847 1993 1870 ‚
2040 1811 2144 1859 ideo

1134 1890 1340 1952 cogimur
1380 1892 1574 1938 istorum
1610 1892 1847 1940 doctorum
1878 1893 2041 1957 placita
2073 1909 2146 1942 re·-

1136 1970 1309 2019 fellere.

1200 2052 1268 2117 (1)
1307 2053 1378 2101 Ita
1417 2051 1774 2118 Wegscheider,
1825 2058 1905 2121 qui
1941 2053 1968 2120 §
2005 2053 2100 2104 186
2129 2094 2143 2116 ,

1136 2135 1232 2182 haec
1278 2135 1434 2183 scribit
1481 2153 1495 2184 :
1542 2135 1706 2200 Neque
1737 2145 1898 2184 tamen
1944 2136 2143 2203 impedit

1136 2221 1229 2267 ista
1255 2220 1563 2269 ecclesiarum
1597 2220 1858 2286 pluralitas
1898 2230 2039 2286 atque
2065 2222 2146 2270 di-

1136 2303 1334 2350 versitas
1363 2340 1376 2362 ,
1415 2319 1507 2367 quo
1538 2305 1703 2352 minue
1736 2303 1859 2351 inter
1893 2320 1942 2352 se
1981 2321 2150 2353 conve-

1135 2386 1307 2444 niant,
1349 2392 1404 2430 ut
1443 2400 1603 2431 omnes
1642 2400 1799 2432 unum
1840 2385 2150 2450 eumdemque

1133 2465 1448 2529 profiteantur
1497 2473 1635 2529 atque
1694 2465 1854 2514 colant
1898 2466 2148 2531 reliqiom'e

1137 2554 1375 2594 auctorem
1425 2548 1592 2595 Iesum
1648 2546 1962 2597 Christum...
2009 2550 2150 2613 Qua-

1130 2636 1327 2693 propter
1352 2645 1645 2694 summopere
1674 2630 1936 2694 optandum
1964 2638 2033 2678 est
2047 2665 2063 2690 ‚
2089 2639 2144 2679 ut

1136 2724 1236 2756 non
1265 2717 1362 2756 tam
1390 2709 1447 2756 cle
1465 2709 1747 2758 adunandis
1763 2710 1837 2758 vel
1849 2711 2150 2776 confianden-
2225 2772 2229 2777 Ι

1135 2791 1212 2838 die
1237 2790 1451 2839 ecclesiis
1469 2828 1482 2850 ‚
1517 2809 1624 2857 quoe
1651 2792 1883 2846 doctrinae
1912 2793 2153 2858 formulae

1136 2872 1395 2937 defhndunt
1415 2873 1564 2939 plane
1590 2874 1691 2923 sibi
1718 2877 1957 2940 oppositas
1973 2913 1987 2936 ,
2008 2892 2154 2940 quam

1135 2956 1192 3003 de
1227 2955 1403 3004 morali
1437 2956 1647 3021 quadam
1691 2959 2002 3006 consensione
2028 2961 2155 3006 inter

1137 3037 1350 3102 sinqaloe
1395 3039 1572 3088 harum
1606 3038 1916 3088 ecclesiarum
1968 3038 2155 3088 sodales

1138 3120 1387 3185 efficienda
1420 3130 1464 3168 et
1493 3119 2021 3188 confirmanda’eedulo
2041 3124 2154 3188 jam

1138 3204 1367 3267 coqitetur
1384 3239 1397 3265 ,
1428 3212 1482 3251 ut
1504 3242 1516 3262 ,
1545 3204 1829 3268 quicumque
1851 3201 2041 3251 Christo
2068 3221 2155 3252 no-

1139 3301 1248 3333 men
1263 3285 1482 3334 dederint
1500 3323 1514 3345 ,
1531 3287 1853 3351 quamtumvis
1884 3288 2156 3352 ceteroquin

1139 3366 1322 3416 diversi
1340 3406 1354 3428 ‚
1373 3368 1637 3419 concordiae
1667 3375 1830 3419 tamen
1851 3378 2031 3417 mutuoe
2051 3377 2153 3421 stu-

1140 3450 1405 3498 diosissimi
1445 3450 1543 3498 sint
1574 3459 1616 3498 et
1660 3460 1901 3499 maneant.
1940 3451 2026 3499 Pro
2064 3467 2155 3517 qua

1139 3530 1348 3580 doctrina
1398 3531 1560 3597 allegat
1603 3529 1792 3582 Steudel
1816 3569 1830 3592 ‚
1871 3531 2083 3598 Koppen·
2110 3539 2156 3580 et

1139 3611 1280 3662 Bchr.
