2514 4218
308 171 425 230 162

902 188 1100 227 TRACT.
1150 189 1217 223 DE
1262 187 1416 224 Locls
1462 188 1847 226 THEOLOGICIS.

306 339 552 398 dicatur.
585 335 898 394 Innumera
923 351 1063 391 vero
1086 329 1417 404 commoda,
1441 349 1569 410 quae
1583 352 1656 396 ex
1670 331 2207 392 sanctimonialium
2225 333 2443 414 pietate

306 445 366 495 et
398 431 681 492 charitate
710 428 804 489 vel
827 428 950 508 ipsa
985 426 1230 485 societas
1261 423 1496 505 politica
1529 425 1794 502 derivat,
1827 429 2132 488 notissima
2167 441 2308 489 sunt
2330 440 2443 505 ‚ac

305 551 427 588 non
460 525 641 587 semel
671 520 1135 583 acatholicorum
1173 520 1458 581 invidiam
1491 522 1877 601 excitarunt(
1888 527 1967 602 1).

386 623 529 683 262.
582 619 668 680 Ad
701 618 783 678 3¹1¹
806 662 821 691 ,
857 618 1010 676 Dz'st.
1045 615 1334 677 Nonnulli
1356 616 1695 686 Pontifices,
1726 628 1828 676 aut
1853 619 2032 679 etiam
2056 622 2322 703 Episcopi
2350 621 2447 682 de-

305 739 546 801 generes
576 716 816 774 fuerunt
837 758 854 790 ‚
881 735 1040 773 cono.
1064 724 1241 795 ,·quot
1265 711 1631 795 amplificant
1664 715 2094 790 ProtestanteS,
2121 738 2249 798 neq.
2275 716 2447 777 Haud

309 811 772 885 dissimulamus,
808 809 1128 870 nonnullos
1157 810 1416 869 extitisse
1447 809 1756 877 Pontifices
1775 856 1790 882 ,
1829 810 1946 891 qui'
1972 831 2080 891 pro
2109 821 2446 894 temporum

261 948 264 950 -
306 910 638 971 calamitate
671 905 1289 966 humanaeinfirmitati
1317 904 1758 980 succubuerint,
1784 926 1855 966 ex
1879 905 1946 964 iis
1974 907 2322 987 praesertim,
2347 909 2448 990 qui

302 1006 628 1065 factionum
663 1002 723 1064 vi
757 1003 820 1061 in
848 1002 1004 1062 Petri
1034 1000 1377 1062 cathedram
1412 1000 1907 1061 obtrudebantur.
1960 1003 2171 1062 Verum
2202 1015 2447 1086 praeter·

305 1122 486 1183 quam
519 1098 678 1182 quod
707 1099 886 1157 Petri
914 1099 1187 1179 dignitas
1218 1102 1288 1156 in
1317 1098 1577 1179 indigno
1613 1099 1842 1159 haerede
1872 1120 1992 1159 non
2031 1099 2259 1177 deficit,
2277 1105 2448 1179 juxta

302 1196 649 1282 praec-larum
679 1196 739 1254 S.
765 1192 972 1255 Leonis
990 1193 1234 1254 effatum
1256 1193 1351 1274 (2)
1376 1239 1391 1269 ,
1419 1193 1757 1276 paucissimi
1775 1194 1840 1252 hi
1865 1204 2026 1269 sunt,
2059 1194 2108 1254 si
2136 1216 2271 1257 cum
2305 1197 2451 1256 serie

303 1305 392 1353 tot
419 1291 769 1353 Pontificum
790 1292 1232 1373 comparentur,
1266 1291 1366 1371 qui
1397 1301 1458 1350 et
1479 1290 1715 1353 virtutis
1733 1301 1791 1350 et
1817 1289 2097 1352 doctrinae
2122 1290 2296 1351 laude
2320 1313 2451 1352 eam

299 1390 507 1472 quovis
528 1386 723 1448 seculo
750 1386 1127 1446 illustrarunt
1152 1385 1267 1465 (3).
1296 1384 1467 1458 Quod
1491 1407 1630 1446 vero
1647 1385 1873 1445 dictum
1896 1398 1983 1445 est
2010 1387 2083 1446 de
2110 1389 2280 1446 Rom.
2302 1389 2451 1446 Pon-

301 1483 554 1545 tificibus
584 1531 599 1558 .‚
647 1482 844 1544 debita
874 1482 1256 1565 proportione
1287 1483 1464 1540 etiam
1493 1479 1567 1540 de
1597 1482 1896 1564 Episcopis
1916 1528 1932 1557 ,
1973 1484 2200 1542 ratione
2234 1504 2451 1566 nempe

300 1581 503 1642 habita
556 1579 632 1640 ad
677 1579 916 1639 illorum
970 1576 1417 1638 multitudinem
1435 1621 1454 1652 ,
1505 1575 1789 1662 affirmari
1838 1576 2038 1638 debet.
2092 1579 2452 1639 Sanctissimi

301 1677 584 1740 Praesules
622 1696 930 1758 nunquam
972 1696 1096 1732 non
1135 1671 1465 1731 floruerunt
1504 1671 1567 1730 in
1600 1671 1850 1732 Ecclesia
1883 1675 1988 1734 Dei
2019 1673 2130 1754 (4).
2169 1675 2332 1736 Idem
2358 1676 2453 1735 di-

299 1771 553 1834 cendum
583 1771 657 1831 de
694 1767 1102 1831 Sacerdotibus
1124 1814 1139 1842 ,
1175 1768 1319 1850 quin
1352 1767 1620 1851 pluribus
1656 1768 1767 1828 hoc
1800 1782 2217 1851 argumentum
2242 1792 2444 1853 perse-

303 1891 575 1952 quamur.

375 2051 438 2113 (1)
478 2049 650 2115 Ecquis
670 2050 867 2096 summis
899 2046 1117 2095 laudibus
1138 2061 1235 2093 non
1256 2061 1333 2092 ce-

312 2134 513 2182 lebravit
544 2148 725 2179 sorores
744 2169 756 2190 ‚
799 2146 915 2197 quas
951 2139 1119 2177 vocant
1145 2127 1202 2175 de
1220 2127 1333 2176 cha·

304 2218 476 2275 ritate,
513 2214 746 2280 religiosas
775 2231 805 2262 a
849 2213 905 2262 S.
929 2210 1114 2262 Ursula
1144 2230 1332 2260 nuncu-

309 2309 438 2365 patas
463 2335 478 2362 ‚
525 2297 641 2345 boni
672 2297 889 2362 pastoris
915 2334 928 2354 ‚
967 2305 1019 2343 ut
1054 2297 1224 2343 eximia
1248 2294 1335 2342 alia

307 2383 520 2429 instituta
535 2414 552 2440 ,
575 2380 748 2446 quibus
763 2379 929 2428 referta
947 2388 1013 2427 est
1032 2377 1237 2426 Ecclesia
1253 2394 1332 2425 ca-

308 2464 514 2524 tholica,
559 2462 743 2512 silentio
779 2466 1091 2526 praeteream?
1126 2459 1250 2525 Quot
1286 2463 1335 2508 in

307 2544 547 2608 Africam,
594 2544 647 2593 in
688 2544 948 2594 Americam
969 2582 982 2604 ‚
1029 2543 1152 2612 inter
1181 2542 1336 2610 sylve-

309 2639 425 2678 stres
454 2638 500 2678 et
529 2627 748 2677 barbaras
771 2637 929 2693 gentes
958 2645 1005 2676 se
1033 2643 1093 2675 ex
1118 2627 1192 2675 his
1229 2643 1335 2674 con-

305 2711 520 2761 tuleruut
553 2748 568 2772 ‚
616 2720 668 2759 ut
709 2711 879 2775 partim
928 2710 1154 2774 sequioris
1182 2707 1333 2756 'sexus

312 2796 597 2844 institutioni
619 2830 634 2854 ,
657 2794 825 2859 partim
842 2792 1121 2840 nosocomiis
1135 2808 1182 2839 se
1203 2808 1336 2839 man-

311 2881 551 2944 ciparent,
595 2887 640 2926 et
671 2874 891 2925 omnibus
921 2912 934 2934 ‚
971 2891 1162 2941 quoquo
1193 2875 1331 2923 modo

310 2971 529 3027 possent,
565 2961 800 3026 suppetias
835 2958 1040 3016 ferrent,
1076 2957 1242 3023 puellae
1282 2968 1333 3006 ut

310 3044 569 3109 plurimum
599 3043 765 3092 divites
790 3079 804 3103 ‚
840 3040 1021 3090 nobiles
1038 3077 1051 3101 ,
1095 3039 1298 3089 delicatae
1315 3078 1329 3101 ,

309 3143 367 3175 ex
383 3128 477 3176 sola
498 3128 723 3177 charitate
739 3129 789 3174 in
814 3124 969 3175 Deum
980 3133 1027 3173 et
1040 3124 1332 3189 proximum?

309 3209 440 3258 Talia
473 3210 685 3275 exempla
705 3210 937 3275 proferant
969 3216 1270 3274 protestantes
1288 3218 1334 3255 et

306 3291 553 3342 acatholici
593 3294 848 3341 universim
873 3329 888 3352 ‚
920 3293 958 3340 si
992 3300 1214 3356 possum3
1246 3307 1332 3339 nos

305 3374 438 3440 plura
463 3373 611 3422 millia
637 3364 984 3425 enumeramus.¹

378 3453 451 3523 (2)
487 3455 635 3506 Serm.
668 3473 720 3503 ιιι
744 3495 757 3518 ,
791 3454 865 3505 De
889 3453 1063 3506 Natali
1078 3456 1236 3521 ipsius
1255 3472 1327 3515 ιιι,

307 3557 413 3608 cap.
447 3538 496 3605 4.
521 3540 639 3590 edit.
674 3538 898 3590 Balierin.

375 3622 451 3691 (3)
489 3622 661 3676 Divina
706 3622 911 3687 profecto
941 3622 1237 3674 Providentia
1270 3620 1331 3669 fa·

300 3717 429 3755 ctum
457 3718 523 3756 est
543 3744 555 3767 ‚
597 3716 649 3754 ut
671 3708 790 3754 inter
816 3701 917 3754 258
943 3705 1190 3755 Pontifices
1210 3738 1223 3758 ‚
1252 3705 1331 3770 qui

1428 2062 1454 2091 a
1482 2042 1533 2092 S.
1566 2042 1697 2092 Petro
1738 2044 1798 2092 ad
1841 2044 2116 2109 Gregorium
2170 2062 2245 2093 ενι
2292 2046 2447 2095 sedem

1430 2123 1732 2190 apostolicam
1778 2129 1955 2192 ingenti
2016 2127 2131 2175 xvni
2188 2127 2450 2177 seculorum

1428 2209 1560 2274 lapsu
1596 2219 1885 2274 occuparunt
1904 2247 1917 2270 ,
1948 2211 2025 2258 vix
2044 2209 2202 2259 decem
2224 2211 2329 2276 plus
2357 2216 2449 2260 mi·
2475 2261 2487 2276 ⁴

1430 2307 1518 2339 nus
1534 2298 1867 2350 numerentur,
1893 2311 2096 2359 quorum
2117 2296 2207 2342 vita
2223 2295 2450 2344 maculata

1427 2373 1568 2422 fuerit
1587 2410 1601 2432 ‚
1635 2377 1812 2442 quique
1838 2386 1888 2424 ut
1916 2376 2172 2441 plurimum
2193 2376 2449 2426 factionum

1429 2459 1743 2524 ingruentium
1776 2476 1911 2524 opera
1941 2459 2000 2507 ad
2034 2459 2152 2508 Petri
2179 2459 2448 2509 cathedram

1426 2543 1570 2589 evecti
1597 2551 1706 2589 sunt
1730 2558 1744 2604 3
1769 2540 1855 2588 suh
1883 2539 2058 2605 quibus
2074 2551 2231 2589 tamen
2258 2541 2449 2590 nullum

1426 2641 1638 2689 unquam
1676 2624 1792 2671 fides
1829 2641 1959 2688 passa
1991 2635 2059 2672 est
2094 2625 2446 2676 detrimentum.

1424 2703 1473 2753 Si
1508 2707 1613 2771 quis
1659 2704 1855 2753 aliorum
1900 2706 2170 2772 Principum
2200 2710 2449 2757 successio-

1423 2806 1506 2838 nes
1534 2825 1549 2849 ,
1579 2792 1835 2854 praesertim
1877 2790 2199 2839 haereticorum
2216 2827 2233 2851 ‚
2270 2809 2443 2857 expen-

1423 2871 1553 2921 deret
1575 2908 1588 2931 ‚
1633 2890 1778 2938 eaque
1808 2875 2044 2922 severitate
2078 2875 2130 2921 in
2159 2874 2445 2940 singulorum

1422 2965 1544 3021 gesta
1572 2957 1858 3022 inquireret,
1882 2975 1975 3023 qua
2005 2959 2282 3023 inquisitum
2307 2960 2446 3006 estin

1422 3050 1546 3104 gesta
1554 3039 1690 3088 Rom.
1706 3039 2007 3101 Pontificum,
2022 3049 2147 3090 certe
2164 3039 2300 3106 longe
2314 3040 2445 3090 aliud

1423 3123 1741 3188 spectaculum
1762 3122 1832 3171 illi
1854 3140 1954 3171 sese
1977 3120 2164 3171 offerret
2182 3125 2303 3172 intra
2332 3141 2445 3189 pau-

1423 3223 1584 3254 corum
1612 3205 1873 3255 seculorum
1903 3215 2121 3254 tractum.
2143 3204 2318 3255 Verum
2343 3207 2444 3255 haee

1424 3291 1581 3337 omnia
1598 3289 1820 3338 levissimi
1849 3287 2042 3354 quidam
2071 3299 2278 3338 auctores
2311 3289 2446 3339 dissi-

1423 3371 1630 3427 mulant,
1659 3381 1711 3419 ut
1739 3370 1873 3439 nohis
1909 3371 2251 3423 nonnullorum
2289 3389 2445 3420 roma·

1423 3473 1594 3504 norum
1652 3454 1906 3504 Praesulum
1961 3456 2177 3505 scandala
2224 3466 2444 3522 perpetuo

1422 3538 1697 3588 obtrudant.
1714 3537 1889 3586 Odium
1907 3541 2150 3588 excaecavit
2168 3556 2246 3587 cor
2263 3556 2441 3587 eorum.

1494 3619 1566 3684 (4)
1598 3619 1660 3669 Ut
1699 3622 1911 3669 sistamus
1941 3623 1991 3670 in
2016 3620 2291 3670 Praesulibus
2311 3658 2325 3681 ,
2366 3622 2447 3686 qui

1425 3714 1534 3771 post
1560 3703 1936 3753 reformationem
1968 3707 2017 3752 in
2051 3702 2255 3754 Ecclesia
2277 3703 2448 3752 florue-
