2514 4218
238 123 358 182 506
818 142 1012 184 mmor.
1057 145 1127 182 mi
1171 144 1323 183 mois
1367 145 1749 185 mnotomcis.

238 297 572 369 competere
597 285 1102 363 infallibilitatem,
1135 310 1204 348 eo
1232 290 1392 372 quod
1424 288 1684 350 Ecclesiae
1717 291 2008 351 universae
2028 311 2239 374 praeses
2268 294 2375 370 sit,

238 395 438 466 pastor
470 394 530 441 et
564 383 804 459 doctor,
851 405 916 443 ac
959 396 1275 466 propterea
1320 385 1570 446 Ecclesia
1600 387 1652 445 ei
1684 384 2094 467 obtemperare
2134 387 2383 468 debeat,

237 481 287 538 is
331 479 715 541 vehementer
751 491 943 553 errat3
992 501 1102 539 nec
1141 483 1298 540 enim
1346 481 1596 542 Ecclesia
1645 482 1919 542 universa
1963 484 2229 544 Pontifici
2270 483 2380 544 sibi

238 575 532 651 inferiori,
571 575 674 635 sed
707 576 901 658 potius
931 576 1199 637 Pontifex
1232 577 1500 638 Ecclesiae
1532 588 1740 659 utpote
1778 576 1890 636 sibi
1921 580 2203 660 superiori
2241 579 2379 640 obe-

240 673 366 733 dire
394 684 653 732 tenetur.
677 672 744 731 30
766 674 1012 731 Necesse
1044 673 1284 754 quidem
1311 686 1428 749 est,
1453 685 1517 732 ut
1546 695 1750 733 omnes
1776 685 1835 732 et
1861 674 2099 755 singulte
2118 674 2382 736 Ecclesiae

241 771 509 830 Pontifici
550 768 984 850 obsequantur,
1024 771 1130 829 sed
1159 793 1315 831 sana
1350 782 1626 850 rectaque
1649 760 1980 841 suadenti,
2020 782 2087 829 ut
2120 770 2382 831 Gelasius

240 866 501 948 loquitur
536 866 653 949 (l)3
699 887 800 925 seu
841 887 1077 925 necesse
1123 879 1252 942 est,
1302 879 1371 927 ut
1417 867 1822 948 obsequantur
1849 911 1865 940 ,
1919 866 2023 926 sed
2067 868 2389 947 obsequio,

243 975 310 1023 ut
348 964 429 1022 ait
468 961 778 1044 Apostolus
799 1007 815 1037 7
850 963 1019 1021 Rom.
1053 963 1160 1022 XII
1181 1009 1197 1039 .,
1226 965 1622 1033 rationabili,
1659 985 1830 1021 suum
1868 983 2085 1045 nempe
2114 963 2386 1045 interpo-

242 1058 443 1119 nendo
459 1058 783 1137 judicium,
825 1080 890 1118 ac
925 1057 1183 1119 definitis
1214 1082 1247 1119 a
1281 1060 1564 1119 Pontifice
1592 1080 1663 1118 ex
1703 1059 1886 1118 animi
1917 1060 2211 1119 sententia
2241 1080 2386 1118 con-

244 1154 589 1230 sentiend0‚
642 1177 760 1236 quo
813 1155 1127 1216 accedente
1175 1177 1501 1231 consensu,
1559 1156 1799 1214 firmum
1847 1176 1914 1214 ac
1960 1153 2393 1215 irreformabile

243 1251 445 1312 evadit
478 1251 776 1310 Pontificis
811 1251 996 1332 ipsius
1028 1251 1338 1331 judicium.
1374 1253 1695 1333 Nunquam
1742 1273 1878 1310 vero
1909 1251 2206 1311 accederet
2243 1271 2387 1310 con-

244 1368 447 1407 sensus
484 1346 584 1407 ille
607 1392 625 1424 ,
663 1348 779 1406 nisi
817 1359 1191 1430 perspectum
1238 1347 1563 1421 haberent,
1605 1370 1816 1407 sanum
1849 1370 1913 1407 ac
1942 1347 2220 1409 revelatae
2251 1346 2390 1407 fidei

243 1454 709 1504 consentaneum
748 1445 1044 1504 Pontificis
1073 1444 1378 1504 decretum
1413 1456 1637 1504 extare.
1670 1443 1737 1502 4Ο
1764 1447 1967 1525 Neque
2004 1444 2169 1505 obest
2191 1491 2206 1515 .,
2246 1456 2389 1504 tunc

244 1561 383 1600 oves
421 1539 685 1619 judicare
730 1551 1064 1621 pastorem3
1107 1538 1313 1621 quidni
1362 1540 1555 1616 enim,
1602 1539 1649 1598 si
1691 1538 1928 1599 oberret
1974 1541 2219 1622 pastor?
2257 1542 2391 1598 Non

243 1648 443 1718 posset
475 1635 714 1717 quidem
749 1634 823 1694 ab
854 1635 974 1694 ulla
1004 1633 1343 1717 particulari
1379 1634 1627 1695 Ecclesia
1655 1634 1905 1714 judicari
1942 1657 2206 1694 summus
2232 1638 2392 1695 Pon-

243 1732 426 1806 tifexs,
474 1732 579 1791 sed
621 1743 816 1814 potest
856 1731 930 1791 ab
982 1731 1230 1792 Ecclesia
1284 1733 1601 1806 universa,
1648 1733 1742 1791 cui
1799 1731 2061 1811 subjacet
2105 1743 2392 1814 tanquam

245 1828 609 1911 praecipuum
651 1826 990 1887 membrum
1030 1826 1143 1908 (2).
1196 1830 1363 1908 ErgO.

328 1924 469 1984 743.
514 1927 688 2006 Resp.
719 1925 871 2007 Neq.
914 1936 1040 1984 ant.
1077 1925 1167 1984 Ad
1206 1926 1319 2001 1¹¹²,
1371 1923 1539 2007 prob.
1567 1924 1718 2005 Ney.
1740 1929 2095 2004 paritatem.
2124 1924 2393 2005 Episcopi

246 2022 407 2081 enim
445 2020 657 2101 singuli
698 2020 774 2080 ad
825 2043 1127 2081 summum
1169 2042 1380 2081 nocere
1420 2031 1663 2103 possent
1698 2019 1984 2103 peculiari
2019 2019 2204 2100 gregis
2245 2041 2390 2101 por·-

245 2118 393 2176 tioni
418 2162 437 2195 ‚
475 2118 567 2177 cui
599 2130 893 2200 praesunt,
927 2140 993 2178 ac
1032 2117 1342 2201 multiplici
1368 2128 1649 2200 praeterea
1674 2118 1902 2177 ratione
1929 2115 2217 2195 ejusmodi
2250 2137 2391 2198 par-

245 2210 371 2273 tiali
419 2213 636 2273 damno
673 2226 872 2296 posset
911 2216 1172 2290 occurri,
1222 2215 1307 2273 uti
1345 2217 1517 2274 toties
1557 2213 1778 2273 factum
1815 2225 1905 2273 est
1921 2258 1945 2293 Ι,
1989 2234 2101 2273 nec
2138 2212 2390 2295 proinde

246 2309 494 2369 Ecclesia
515 2311 788 2371 universa
811 2311 874 2369 in
897 2311 1214 2371 discrimen
1239 2311 1491 2370 veniret.
1514 2310 1736 2370 Contra
1763 2331 1904 2370 vero
1921 2331 2071 2369 rom.
2093 2308 2388 2386 Pontifex,

245 2416 450 2489 utpote
490 2418 691 2490 pastor
738 2430 1046 2490 supremus
1094 2420 1152 2489 et
1192 2408 1574 2482 universaliS‚
1621 2410 1668 2467 si
1714 2408 1924 2467 falsum
1967 2406 2175 2487 dogma
2222 2405 2389 2466 evul-
2462 2448 2466 2452 -

246 2515 408 2583 garet
462 2503 577 2563 fide
623 2503 987 2565 credendum
1013 2550 1030 2582 ,
1078 2504 1346 2565 Ecclesiae
1406 2505 1695 2566 universae
1752 2504 2043 2563 damnum
2096 2502 2382 2576 inferret,

247 2599 433 2659 donec
470 2599 678 2660 saltem
712 2613 868 2660 totus
902 2600 1056 2661 orbis
1090 2601 1407 2661 catholicus
1435 2599 1784 2660 reclamaret
1803 2600 1917 2680 (3).
1955 2601 2023 2659 Et
2053 2599 2146 2658 hic
2166 2600 2386 2658 iterum

247 2693 627 2757 observamus
653 2742 670 2771 ,
718 2699 894 2778 gratis
933 2697 1297 2759 adversarios
1334 2718 1671 2779 supponere
1699 2743 1714 2771 ,
1749 2696 2014 2757 Ecclesiae
2035 2743 2051 2772 .,
2100 2706 2388 2779 quatenus

248 2790 522 2852 distincte
567 2814 669 2852 seu
714 2814 977 2853 seorsum
1027 2815 1060 2852 a
1111 2815 1260 2852 rom.
1312 2793 1593 2852 Pontifice
1644 2804 1943 2875 spectatur
1969 2838 1986 2867 .,
2050 2803 2385 2874 competere

248 2886 696 2969 pollicitationes
727 2911 793 2949 ac
826 2890 1263 2972 praerogativa5‚
1303 2889 1516 2972 quibus
1548 2889 1812 2949 Christus
1849 2911 1981 2949 eam
2017 2886 2379 2959 cumulavit3

250 3001 385 3041 cum
433 2995 636 3045 tamen
677 2996 836 3046 certo
878 2996 1139 3063 constet,
1161 2985 1268 3045 has
1306 2986 1358 3046 ei
1393 3008 1515 3045 non
1543 2985 1861 3047 contulisse
1893 2985 2189 3045 Christum
2210 3027 2226 3058 ·,
2270 2982 2385 3041 nisi

251 3089 428 3159 prout
471 3100 604 3139 cum
659 3081 848 3163 capite
886 3104 1073 3140 unum
1125 3103 1191 3141 ac
1239 3082 1536 3163 integrum
1582 3103 1792 3165 corpus
1831 3081 2027 3142 efficit.
2075 3080 2198 3139 Hoc
2239 3100 2382 3150 conn-

252 3184 479 3234 stanter
516 3175 740 3236 laborat
778 3179 921 3238 vitio
959 3176 1431 3239 adversariorum
1466 3178 1826 3262 hypothesis,

334 3269 478 3331 744.
524 3271 612 3330 Ad
637 3275 744 3349 2¹1¹,
774 3274 924 3355 Ney.
950 3275 1228 3357 Superius
1259 3275 1421 3335 enim
1444 3274 1555 3335 hoc
1583 3273 1923 3357 paradoxon
1951 3272 2343 3354 expunximus
2363 3315 2379 3344 ,

254 3366 497 3426 Petrum
543 3367 761 3429 scilicet
811 3381 988 3453 caput
1047 3370 1289 3453 quidem
1351 3393 1475 3432 esse
1523 3368 1886 3450 singulorum
1935 3369 2377 3443 membrorum,

324 3586 391 3651 (1)
434 3586 501 3634 In
528 3586 782 3636 Common.
815 3589 879 3636 ad
907 3589 1173 3641 Faustum.
1432 3588 1499 3653 (3)
1537 3587 1636 3636 cfr.
1653 3587 1870 3638 Ballerin.
1894 3587 1973 3638 De
1988 3593 2042 3638 vi
2056 3597 2102 3637 et
2127 3596 2218 3638 rat.
2224 3588 2381 3655 prim.

325 3670 393 3733 (2)
425 3669 491 3719 lta
523 3670 704 3719 Tourn.
732 3670 849 3719 ibid.
1366 3688 1470 3737 cap.
1506 3669 1565 3720 15
1585 3709 1599 3733 ,
1629 3668 1656 3736 §
1685 3671 1736 3721 3.
