2514 4218
447 233 602 272 mar.
650 234 689 270 1.
733 232 884 271 secr.
933 232 998 268 11.
1043 230 1165 269 cu».
1209 230 1291 269 iv.
1335 232 1403 268 nn
1445 228 1627 268 norm.
1676 230 1826 269 ram.
2075 212 2194 271 515

169 378 309 439 756.
354 379 524 457 Resp.
560 373 650 433 Ad
688 374 791 446 1¹¹²,
822 375 980 432 Dz'st.
1016 371 1082 430 ld
1104 382 1212 447 est,
1233 373 1531 451 formula,
1557 370 1665 430 sub
1706 394 1820 455 qua
1849 395 2015 435 nunc
2049 398 2191 458 pro-

87 476 355 559 ponitur,
390 471 584 549 ignota
610 469 745 541 fuit,
781 478 971 527 trans.
1012 466 1106 530 vel
1137 488 1302 526 conc.
1320 487 1342 535 ,·
1375 487 1465 526 res
1492 467 1614 547 ipsa
1636 513 1651 542 ,
1688 489 1814 549 neq.
1844 469 1996 542 Quid
2033 473 2193 532 enim

85 574 283 630 Patres
320 566 394 626 de
434 565 557 647 ipsa
595 584 660 622 re
689 563 1012 636 senserint,
1048 561 1280 621 abunde
1324 561 1507 643 liquet
1553 573 1613 621 et
1659 583 1729 622 ex
1778 583 1982 622 eorum
2027 565 2193 626 dictis

88 677 149 726 et
182 685 252 723 ex
293 683 494 722 eorum
535 658 743 738 agendi
779 658 1036 731 ratione,
1075 656 1330 737 alioquin
1372 678 1675 738 nunquam
1714 659 2042 739 potuissent
2069 683 2193 742 pu-

86 757 297 818 blicam
340 778 488 817 rom.
535 753 824 813 Pontificis
871 749 945 812 de
993 749 1107 810 fide
1152 749 1477 810 doctrinam
1525 752 1612 811 uti
1662 752 1922 833 regulam
1975 765 2193 815 certam

88 854 376 932 assignare
396 897 411 926 ,
451 871 564 931 qua
604 845 912 908 orthodoxi
948 846 1022 905 ab
1055 845 1460 933 heterodoxis»,
1507 867 1642 906 vera
1682 869 1716 907 a
1753 847 1891 907 falsa
1931 849 2197 910 doctrina

42 989 44 991 -
87 956 562 1019 secernerentur,
599 955 772 1026 prout
804 941 915 1024 ipsi
941 941 1229 1017 fecerunt.

175 1042 315 1101 757.
367 1040 454 1099 Ad
483 1040 592 1114 2¹1¹,
612 1038 762 1118 Neq.
789 1034 1083 1118 Siquidem
1105 1079 1122 1110 ,
1152 1056 1283 1095 cum
1316 1036 1390 1097 de
1416 1039 1590 1098 Petro
1618 1036 1942 1119 loquuntur
1964 1042 2161 1100 Patres
2179 1086 2196 1117 ,

92 1138 164 1197 de
187 1159 255 1196 eo
279 1135 590 1212 disserunt,
609 1143 892 1216 quatenus
915 1131 1131 1212 primas
1146 1176 1161 1206 ,
1188 1143 1446 1213 caputet
1467 1132 1918 1193 fundamentum
1938 1136 2200 1197 Ecclesiae

91 1254 208 1292 suae
245 1254 277 1291 a
318 1230 546 1290 Christo
581 1228 923 1288 constitutus
964 1236 1091 1299 est,
1141 1247 1275 1284 cum
1321 1248 1456 1286 vero
1491 1250 1561 1287 ex
1603 1230 1839 1287 Patrum
1883 1229 2199 1291 traditione

90 1327 211 1387 haec
253 1326 456 1386 eadem
496 1323 800 1384 auctoritas
842 1331 1137 1403 competat
1157 1325 1307 1398 jure
1345 1322 1548 1382 divino
1579 1328 1700 1401 ejus
1741 1325 2204 1402 successoribuS,

95 1421 464 1504 consequitur
481 1464 498 1492 ,
522 1421 592 1478 ei
611 1414 952 1476 eorumdem
989 1414 1251 1474 doctrina
1276 1415 1454 1475 etiam
1480 1417 1634 1475 Petri
1658 1418 2081 1480 successoribus
2107 1442 2203 1481 eas

92 1527 419 1598 competere
464 1511 908 1596 praerogativaS,
953 1529 1081 1592 quae
1125 1511 1189 1568 in
1241 1509 1485 1590 gratiam
1540 1511 1827 1593 primatus
1873 1524 1934 1573 et
1989 1514 2185 1575 adnex

92 1610 349 1671 muneris
383 1611 552 1668 Petro
584 1607 824 1666 suerunt
855 1604 1316 1664 communicatae.

174 1705 312 1764 758.
361 1703 453 1762 Sic
506 1700 683 1761 etiam
742 1722 757 1758 ι
820 1698 1143 1781 loquuntur
1207 1696 1507 1757 interdum
1573 1701 1769 1759 Patres
1833 1699 1906 1759 de
1963 1700 2207 1763 Ecclesia

92 1800 369 1861 catholica
388 1844 405 1876 ,
445 1808 730 1880 quatenus
765 1797 830 1854 in
859 1807 1041 1878 petrae
1067 1793 1359 1854 soliditate
1395 1794 1637 1854 fundata
1669 1807 1794 1872 est,
1822 1819 2013 1868 cono.;
2046 1799 2210 1860 inde-

92 1895 422 1979 pendenter
445 1893 519 1952 ab
543 1892 643 1951 illo
666 1890 1012 1951 solidissimo
1042 1889 1459 1964 fundamentO,
1499 1913 1626 1971 neq.
1665 1902 1732 1950 ut
1761 1904 1924 1973 patet
1951 1915 2021 1954 ex
2048 1895 2207 1977 ipso-

93 2012 227 2049 rum
260 1987 684 2060 locutionibu53
724 2008 864 2046 nam
899 1985 1170 2045 indidem
1211 1985 1323 2067 ipsi
1364 1985 1644 2065 colligunt
1681 1986 1943 2048 Ecclesiae
1987 1990 2049 2047 in
2090 1990 2206 2051 fide

94 2086 493 2144 inconcussam
535 2080 931 2141 stabilitatem.

180 2180 320 2238 759.
339 2181 588 2237 Demum
610 2179 808 2235 Patres
834 2175 1154 2256 loquuntur
1175 2174 1248 2234 de
1272 2174 1515 2233 Ecclesia
1532 2196 1630 2234 seu
1645 2175 1917 2235 cathedra
1942 2199 2208 2255 romana,

100 2286 384 2357 quatenus
423 2273 730 2354 Episcopos
771 2269 951 2329 habet
984 2291 1335 2329 successores
1372 2271 1569 2342 Petri,
1617 2292 1814 2339 conc.;
1849 2272 1960 2331 alio
1996 2295 2168 2333 sensu
2190 2320 2207 2349 ,

101 2392 232 2450 neq.
266 2368 370 2428 llla
407 2367 565 2427 enim
602 2366 826 2425 ratione
864 2366 1149 2446 seposita,
1191 2386 1224 2422 a
1264 2363 1500 2445 reliquis
1538 2364 1779 2424 Ecclesia
1810 2387 2050 2427 romana
2088 2389 2211 2428 non

104 2466 575 2543 distingueretur.
604 2463 992 2542 Quaecumque
1027 2460 1184 2519 enim
1201 2471 1339 2518 sunt
1355 2459 1658 2541 privilegia
1680 2506 1696 2535 ,
1733 2460 1943 2542 quibus
1970 2484 2227 2529 romana.

102 2560 314 2619 fruitur
358 2557 640 2630 Ecclesia,
690 2578 789 2631 ea,
827 2556 1158 2637 ¹praesertim
1208 2576 1347 2615 vero
1403 2554 1540 2614 fidei
1590 2557 1868 2632 firmitaS,
1914 2557 1988 2616 ob
2031 2581 2207 2641 quam

103 2657 302 2713 Patres
338 2653 577 2711 mirifice
614 2651 775 2710 illam
811 2650 1137 2725 extollunt,
1177 2650 1346 2710 unice
1385 2672 1417 2708 a
1448 2653 1618 2710 Petro
1651 2656 1888 2734 ejusque
1925 2675 2208 2714 successo-

107 2748 266 2808 ribus
301 2747 567 2810 derivant
605 2746 715 2827 (l).

178 2965 246 3030 (l)
284 2965 502 3014 Auctores
550 2981 746 3024 omnes,
789 2967 868 3031 qui
916 2965 1006 3014 hoc
1054 2964 1111 3013 de
1198 2967 1499 3024 tinctionem,
1530 2968 1721 3032 inquam
1742 3004 1754 3027 ‚
1788 2980 2141 3033 expunxerunt,
2172 2982 2220 3020 et

112 3038 384 3113 argumento
403 3049 680 3112 scripserunt
705 3048 921 3096 adversus
939 3047 1120 3113 gallica·
1195 3050 1298 3113 jure
1336 3051 1532 3108 merit03
1583 3049 1810 3114 siquidem
1852 3050 1958 3099 ideo
2002 3051 2216 3101 Ecclesiae

113 3145 227 3186 ιιοε,
268 3129 390 3178 banc
424 3131 766 3178 distinctionem
801 3147 897 3178 non
930 3132 992 3177 ita
1030 3132 1118 3193 pri·
1191 3146 1402 3178 *romanae
1450 3130 1562 3178 fides
1600 3131 1926 3179 indefectibilis
1966 3142 2065 3191 est,
2106 3137 2215 3200 quia

116 3210 221 3257 dem
261 3212 487 3259 invectam
525 3214 645 3261 inter
683 3229 802 3260 rom.
846 3212 1120 3260 Pontificem
1201 3212 1436 3276 profitetur
1455 3229 1556 3261 eam
1579 3212 1740 3272 fidem,
1763 3213 2069 3278 quamPetrus
2088 3218 2213 3281 ejus-

118 3301 163 3340 et
199 3288 499 3354 Ecclesiam,
536 3298 629 3343 sive
657 3294 810 3342 sedem
853 3305 932 3342 aut
966 3293 1123 3341 cathe-
1202 3311 1295 3360 que
1322 3310 1626 3354 successores,
1648 3294 1860 3356 Ecclesiae
1875 3298 2095 3345 universae
2111 3296 2215 3344 Pri-

117 3373 255 3421 dram
288 3391 524 3423 romanam
547 3412 561 3436 ‚
600 3378 789 3441 perinde
822 3394 875 3424 ac
899 3378 935 3425 si
962 3375 1122 3424 Eccle-
1149 3432 1152 3433 7
1204 3386 1346 3424 mates
1364 3412 1378 3436 ,
1409 3376 1596 3440 professi
1620 3386 1731 3424 sunt
1748 3387 1793 3425 et
1813 3378 2099 3442 profitentur.
2115 3377 2216 3427 Hac

119 3456 193 3502 siae
233 3465 311 3502 aut
359 3456 478 3504 sedis
530 3467 609 3505 aut
658 3458 883 3508 cathedrae
924 3473 1127 3506 romanae
1207 3459 1330 3505 enim
1355 3474 1490 3505 causa
1519 3457 1731 3524 sublata,
1761 3462 1983 3524 potuisset
2017 3476 2072 3507 ac
2110 3477 2214 3524 pos-

121 3535 235 3583 fides
265 3535 590 3585 indefectibilis
619 3541 705 3599 sit,
739 3557 835 3589 non
872 3543 983 3589 item
1023 3556 1129 3597 vero
1209 3549 1276 3588 set
1311 3539 1424 3587 fides
1466 3557 1586 3589 rom.
1632 3540 1843 3591 Ecclesiae
1882 3541 2075 3589 delicere
2096 3578 2109 3601 ,
2147 3545 2212 3590 uti

123 3616 237 3665 fides
256 3620 388 3667 etiam
411 3635 475 3682 ‘ex
504 3619 728 3668 cathedra
749 3622 939 3671 definita
959 3641 985 3670 a
1009 3639 1128 3670 rom.
1188 3615 1438 3671 ‘defecitin
1452 3622 1652 3674 Ecclesia
1665 3623 1948 3674 Antiochena
1962 3633 2009 3679 et
2018 3623 2217 3673 Alexan·

125 3696 376 3761 pontifice,
399 3703 489 3749 nisi
517 3712 691 3751 constet
718 3718 820 3751 eam
845 3704 1131 3752 conformem
1211 3707 1362 3756 drina-

127 3796 224 3831 esse
255 3782 362 3832 fidei
394 3782 599 3834 Ecclesiae
631 3801 858 3847 romanae,
890 3785 1013 3835 hanc
1039 3784 1132 3833 dis·
1874 3798 1972 3858 33,
