2514 4218
286 119 407 183 256
903 141 1097 181 rnAc'r.
1144 143 1213 179 mi
1255 143 1408 181 roms
1442 145 1822 186 rusotoclcrs.

291 309 533 354 erronea
555 297 659 348 aut
686 286 957 348 haeretica
982 286 1045 344 in
1077 305 1252 345 sensu
1277 286 1527 345 auctoris
1551 331 1569 362 ‚
1600 291 1701 370 qui
1725 312 1855 351 eam
1887 289 2089 351 tradit.
2116 292 2221 354 Ex.
2248 315 2332 374 gr.
2355 295 2417 354 in

290 387 573 469 scriptore
612 383 894 478 catbolico
931 382 1052 440 haec
1094 381 1416 463 propositio
1459 404 1473 440 ε
1524 383 1705 444 Fides
1720 391 2050 469 justificat,
2084 400 2173 448 est
2212 389 2422 450 ortho-

294 482 444 542 doxa
464 528 480 557 ,
509 503 642 542 cum
666 502 732 541 ea
763 501 834 539 ex
859 476 1119 556 analogia
1150 476 1288 537 fidei
1315 476 1562 559 intelligi
1590 478 1804 540 debeat
1831 503 1847 542 ε
1877 487 2056 545 Fides
2081 487 2424 567 dispositive

275 580 582 660 justificat
604 599 732 637 una
763 596 903 633 cum
934 576 1203 654 reliquia,
1227 596 1362 654 quoe
1388 576 1471 635 ad
1476 578 1978 656 justificationem
2009 593 2424 652 concurr-unm

287 687 356 736 at
395 676 458 749 in
495 674 774 754 scriptore
807 668 1124 730 lutherano
1164 671 1372 732 eadem
1423 672 1746 754 propositio
1795 684 1885 734 est
1930 673 2198 737 haeretica
2222 724 2238 754 ‚
2289 700 2424 738 cum

288 776 457 851 juxta
504 766 882 826 lutheranum
932 777 1185 847 systema
1236 766 1599 849 intelligatur
1647 767 1721 829 de
1765 770 1888 829 sola
1927 771 2048 849 fide
2084 774 2430 850 formaliter

271 865 676 948 ¹,justificante.

378 960 518 1020 387.
565 957 895 1041 Colligitur,
921 959 993 1018 20
1015 969 1283 1019 mentem
1305 969 1366 1020 et
1396 982 1636 1021 sensum
1662 960 1910 1020 auctoris
1933 1007 1949 1037 ,
1975 961 2076 1044 qui
2105 961 2181 1021 ad
2208 963 2428 1025 factum

297 1055 693 1137 dogmaticum
739 1054 1220 1116 constituendum
1257 1056 1608 1138 requiritur7
1652 1056 1813 1116 haud
1848 1079 1973 1118 esse
2015 1070 2279 1119 mentem
2327 1054 2464 1120 aut*

297 1175 533 1213 sensum
567 1154 969 1233 subjectivum
1000 1162 1059 1211 et
1093 1151 1498 1233 personalem,
1532 1152 1606 1212 de
1637 1174 1752 1235 quo
1790 1151 1944 1212 solus
1975 1155 2129 1214 Deus
2160 1154 2386 1233 judicat
2409 1200 2426 1230 ,

298 1249 403 1311 sed
437 1248 606 1308 illum
640 1270 765 1309 esse
805 1269 1044 1308 sensum
1094 1249 1485 1327 abjectitium,
1533 1249 1633 1330 qui
1678 1249 1905 1328 exurgit
1947 1271 2019 1309 ex
2051 1248 2205 1310 libro
2253 1251 2382 1332 ipso
2412 1296 2429 1326 .,

297 1346 443 1407 serie
472 1346 749 1406 orationis
766 1389 783 1421 ,
815 1343 1212 1426 parallelismo
1233 1390 1249 1417 .,
1278 1356 1338 1405 et
1359 1343 1505 1422 aliis,
1533 1366 1663 1427 quae
1684 1343 1843 1404 hunc
1868 1344 2264 1406 determinant
2292 1368 2432 1406 sen-

299 1464 433 1502 sum
454 1487 469 1515 .,
512 1453 578 1500 ut
613 1442 697 1500 ita
732 1440 942 1522 loquar
963 1486 979 1514 ,
1017 1451 1347 1501 externum.

385 1537 527 1596 388.
576 1536 910 1616 Colligitur,
945 1536 1010 1595 30
1047 1535 1344 1615 obJectum
1381 1535 1777 1612 definitioniS‚
1817 1558 1881 1597 ac
1922 1538 2172 1620 proinde
2214 1538 2435 1599 infalli-

299 1632 543 1694 bilitatis
578 1632 843 1693 Ecclesiae
868 1678 885 1709 ,
925 1654 1035 1693 nec
1068 1654 1193 1693 esse
1220 1632 1409 1692 solum
1443 1633 1663 1693 factum
1683 1680 1699 1709 ‚
1737 1644 1915 1715 prout
1943 1657 1974 1693 a
1997 1639 2129 1713 jure
2162 1635 2440 1695 distincte

305 1740 640 1812 spectatur,
691 1751 884 1811 neq-ue
925 1729 1115 1788 solum
1142 1733 1239 1808 jus
1264 1774 1280 1804 ,
1319 1729 1425 1789 sed.
1453 1734 1550 1809 jus
1592 1750 1727 1789 cum
1765 1730 1917 1789 facto
1965 1730 2435 1813 inseparabiliter

303 1830 705 1904 conjunctum.
747 1827 898 1885 Nam
927 1829 1170 1905 factum
1191 1869 1212 1898 ,
1255 1825 1413 1907 quod
1449 1847 1541 1885 ex.
1580 1848 1662 1906 gr.
1696 1825 1990 1885 Lutherus
2028 1838 2128 1885 aut
2159 1825 2433 1890 Calvinus

301 1921 413 1983 hoc
444 1922 539 1983 vel
573 1921 720 1981 illud
752 1923 1047 2004 scripserit
1067 1968 1083 1997 7
1118 1944 1239 1981 non
1274 1933 1365 1980 est
1396 1921 1690 2000 obJectum
1727 1921 2083 1981 definitionis
2105 1969 2120 1997 .,
2147 1922 2250 1982 sed
2276 1943 2435 2004 prae-

303 2018 656 2100 supponitur
687 2040 758 2077 ex
782 2017 1024 2076 historia
1041 2064 1057 2093 ,
1085 2018 1277 2076 critica
1300 2061 1317 2091 ‚
1342 2028 1454 2078 etc.
1479 2019 1570 2077 Sic
1595 2019 1772 2078 etiam
1790 2021 2055 2097 factum,
2087 2028 2264 2099 prout
2296 2016 2438 2077 dicit

303 2124 570 2173 mentem
594 2124 692 2172 aut
716 2134 954 2172 sensum
988 2112 1344 2191 objectivum
1367 2115 1641 2189 auctoris7
1670 2114 1756 2172 uti
1780 2113 2179 2194 exposuimus,
2209 2133 2330 2172 non
2347 2124 2436 2172 est

305 2208 515 2269 saltem
545 2209 832 2270 directum
862 2209 1221 2269 definitionis
1249 2209 1547 2289 objectum
1566 2256 1582 2285 .,
1613 2231 1746 2269 cum
1769 2209 1989 2290 pariter
2012 2207 2106 2268 hic
2130 2230 2333 2269 sensus
2361 2230 2434 2270 ex

305 2315 581 2364 contextu
599 2349 615 2378 .,
642 2326 713 2364 ex
742 2304 1007 2363 locorum
1037 2305 1432 2387 parallelismo
1452 2352 1468 2381 ‚
1495 2327 1568 2365 ex
1609 2305 1950 2381 collatione,
1985 2327 2057 2365 ex
2086 2305 2394 2388 complexu
2415 2351 2433 2382 .‚

301 2421 503 2479 πορθ,
525 2398 765 2482 aliisque
787 2399 999 2480 regulis
1026 2403 1251 2466 critices
1275 2402 1603 2483 colligatur,
1631 2423 1696 2461 ac
1716 2403 1936 2484 pariter
1960 2403 2439 2484 praesupponitur

305 2507 590 2578 tanquam
614 2540 631 2572 ‚
677 2507 744 2555 ut
784 2496 863 2555 ita
898 2496 1123 2574 dicam,
1169 2498 1604 2581 praeambulum
1638 2510 1890 2559 certum.
1929 2500 2132 2579 Itaque
2173 2486 2437 2557 definitio

303 2591 627 2652 infallibilis
647 2592 907 2653 Ecclesiae
932 2593 1148 2654 directe
1176 2595 1332 2654 cadit
1358 2596 1421 2653 in
1440 2600 1560 2673 juS‚
1590 2594 1750 2676 quod
1770 2596 1834 2652 in
1857 2593 2008 2652 facto
2026 2592 2307 2652 fundatur
2322 2593 2436 2676 (l),

304 2711 407 2750 seu
434 2690 498 2750 in
539 2688 949 2749 orthodoxiam
986 2701 1087 2749 aut
1123 2689 1565 2750 heterodoxiam
1601 2689 1841 2768 alicujus
1869 2688 2175 2763 doctrinae,
2215 2690 2437 2771 quaein

305 2784 410 2845 tali
444 2796 613 2846 textu
641 2796 741 2845 aut
776 2786 1173 2868 propositione
1210 2786 1581 2860 continetur,
1619 2785 1683 2844 in
1712 2784 1924 2845 ordine·
1947 2806 2011 2844 ac
2042 2784 2327 2846 relatione
2359 2785 2437 2846 ad

306 2894 570 2943 mentem
599 2882 722 2944 sive
759 2903 997 2941 sensum
1034 2881 1389 2961 objectivum
1413 2882 1661 2941 auctoris
1681 2927 1697 2957 a
1733 2882 1834 2963 qui
1860 2903 1966 2964 per
1995 2903 2126 2941 eam
2154 2882 2437 2963 exprimi-

306 2988 424 3038 tur.
463 2980 613 3039 Cum
637 3000 776 3040 vero
800 2978 933 3038 talis
957 2978 1223 3038 doctrina
1246 3001 1369 3038 non
1401 2979 1583 3061 possit
1609 2976 1900 3037 infallibili
1922 2977 2143 3056 judicio
2175 2998 2437 3058 pronun-

309 3072 446 3132 ciari
491 3073 841 3158 decernique
887 3075 1171 3135 catholica
1217 3087 1320 3135 aut
1355 3075 1629 3135 haeretica
1676 3073 1788 3132 nisi
1832 3094 1938 3155 per
1978 3070 2327 3132 relationem
2361 3072 2438 3132 ad

309 3167 659 3247 obJectivam
687 3173 936 3233 auctoris
966 3181 1232 3232 mentem
1252 3218 1267 3247 ‚
1309 3173 1411 3247 fit,
1448 3184 1516 3231 ut
1551 3193 1674 3230 non
1712 3170 1896 3252 possit
1925 3168 1986 3227 in
2026 3179 2298 3228 concreto
2327 3170 2435 3228 Ec·-

308 3263 481 3324 clesia
517 3267 902 3330 infallibiliter
947 3267 1260 3329 decernere
1300 3267 1521 3328 directe
1559 3271 1655 3346 jus
1678 3311 1694 3341 ,
1733 3266 1879 3348 quin
1922 3263 2097 3323 simul
2147 3263 2431 3325 indirecte

309 3359 586 3421 decernat
612 3362 827 3424 factum
845 3404 865 3439 5
901 3364 1057 3448 quod
1083 3374 1171 3425 est
1201 3363 1354 3423 basis
1376 3410 1392 3439 ,
1418 3362 1875 3423 fundamentum
1897 3373 1957 3421 et
1988 3361 2153 3422 radix
2170 3406 2187 3438 ,
2217 3382 2289 3420 ex
2313 3381 2430 3443 quo

375 3565 447 3630 (1)
483 3564 583 3614 Hac
608 3566 666 3615 de
682 3583 817 3616 causa
834 3570 885 3616 in
911 3580 1061 3618 nostra
1085 3569 1191 3617 facti
1217 3569 1330 3634 dog-
1416 3570 1466 3617 in
1494 3578 1617 3617 recto
1637 3605 1651 3629 ‚
1686 3577 1729 3617 et
1752 3567 1940 3631 factum
1970 3570 2020 3616 in
2045 3567 2258 3634 obliquo.

308 3650 465 3701 matici
500 3648 772 3699 definitione
804 3650 945 3699 etiam
979 3653 1220 3717 posuimus
1240 3651 1332 3715 jus
