2514 4218
307 190 385 251 80
919 210 1117 249 masur.
1167 211 1235 246 »Β
1279 210 1427 250 Locis
1469 214 1844 254 rnnotocacis,

309 374 619 417 commune
655 353 879 413 donum
934 373 1055 410 non
1090 362 1217 409 erat
1254 351 1504 433 amplius
1545 360 1930 418 necessarium
1968 371 2100 441 post
2128 361 2418 424 sufficien-

305 464 431 511 tem
451 448 742 530 Evangelii
767 445 1319 530 promulgationem.
1355 448 1674 529 Nunquam
1699 435 1840 514 vero
1865 455 2235 515 affirmarunt
2254 503 2270 534 7
2299 479 2418 518 ees-

305 568 458 607 sasse
488 546 732 605 omnino
755 545 818 602 in
844 540 1090 601 Ecclesia
1126 541 1473 601 charismata
1502 543 1600 603 illa
1626 589 1643 619 7
1678 567 1817 628 quae
1847 550 2082 631 ipsimet
2110 553 2171 610 in
2198 555 2419 614 Sanctis

304 642 709 714 celebrarunt7
763 649 939 719 atque
988 648 1328 719 spectarunt
1365 649 1431 696 ut
1470 639 1764 720 peculium
1799 644 1974 704 solius
2014 668 2163 707 verae
2210 648 2423 709 Christi

306 738 568 800 Ecclesiae
606 733 908 817 proprium
939 732 1027 814 (l)
1065 738 1302 815 ejusque
1343 735 1700 816 praecipuum
1735 751 2171 799 ornamentum.

390 835 522 895 138.
574 832 661 890 Ad
686 831 805 907 3¹¹²,
841 833 1000 890 Dist.
1049 829 1109 892 ld
1141 842 1228 890 est
1250 877 1266 905 7
1300 832 1454 913 apud
1489 831 1815 892 incredulos
1848 834 1956 893 sub
1993 833 2218 895 larvato
2260 839 2422 898 Chri·

304 934 623 993 stianorum
647 926 911 996 nomine,
941 948 1141 994 eonc.,·
1165 926 1322 1008 apud
1339 949 1475 987 vere
1492 928 1873 1005 Christianos7
1889 953 2015 1011 neq.
2038 931 2282 992 Diffiteri
2299 955 2421 993 non

303 1046 646 1107 possumus7
685 1022 971 1101 ejusmodi
1010 1034 1268 1103 systema
1301 1023 1545 1103 perinde
1584 1045 1647 1083 ac
1681 1025 2178 1101 rationalismum,
2210 1028 2421 1109 quibus

303 1120 566 1180 funditus
624 1118 937 1178 christiana
979 1117 1201 1197 Religio
1254 1119 1538 1178 evertitur
1563 1165 1579 1194 7
1638 1141 1760 1178 esse
1797 1120 2053 1180 fructum
2094 1122 2424 1182 naturalem

301 1215 761 1301 protestantismi
788 1214 900 1295 (2).
954 1213 1195 1293 Exurgit
1235 1213 1395 1271 enim
1430 1223 1552 1273 tam
1591 1224 1843 1295 systema
1870 1215 2204 1296 mythicum
2245 1237 2426 1299 quam

301 1312 731 1374 rationalismus
778 1332 851 1370 ex
895 1310 1085 1392 posito
1134 1308 1519 1368 fundamento
1564 1313 2034 1391 protestantismi
2067 1358 2083 1386 7
2132 1311 2291 1394 quod
2337 1324 2427 1382 est

302 1409 544 1469 libertas
574 1406 856 1468 examinis
897 1416 956 1465 et
988 1405 1496 1486 interpretationis
1532 1405 1905 1466 individualis
1942 1407 2282 1466 Bibliorum.
2318 1407 2428 1467 Hic

303 1518 430 1567 erat
461 1526 661 1566 rerum
701 1503 888 1564 exitus
929 1501 1362 1583 expectandus7
1405 1521 1540 1560 cum
1586 1512 1647 1561 et
1695 1522 1864 1561 causa
1903 1524 2035 1561 suos
2087 1503 2324 1563 effectus
2366 1514 2426 1564 et

304 1602 476 1662 arbor
509 1602 730 1660 fructus
770 1619 902 1657 suos
939 1597 1208 1657 emittere
1255 1594 1487 1656 debeat.
1533 1597 1807 1656 Ceterum
1844 1596 2131 1674 ejusmodi
2172 1608 2424 1678 systema

303 1698 575 1779 mythicae
604 1692 1104 1776 interpretationis
1127 1702 1187 1750 et
1209 1692 1271 1749 in
1291 1711 1352 1750 se
1375 1690 1696 1749 absurdum
1721 1701 1811 1749 est
1826 1735 1844 1766 7
1876 1702 1936 1750 et
1957 1691 2425 1752 incredulitatem

303 1792 500 1876 prodit
531 1812 735 1852 eorum
763 1836 779 1863 7
822 1788 922 1870 qui
949 1785 1098 1845 illud
1125 1787 1482 1847 invexerunt
1504 1831 1519 1861 7
1554 1797 1621 1844 ut
1653 1805 1722 1846 ex
1762 1806 1898 1846 mox
1929 1784 2189 1847 dicendis
2218 1787 2423 1848 clarius

301 1888 545 1972 patebit.

301 2079 469 2129 racula
484 2097 583 2128 non
593 2078 871 2145 finnt?Hinc
888 2078 1119 2139 videmus,
1136 2085 1316 2124 utrum·

302 2179 398 2228 que
424 2163 557 2229 plura
595 2161 816 2211 miracula
865 2178 947 2208 sua
977 2169 1106 2208 aetate
1141 2169 1314 2224 patrata

305 2246 495 2294 referre.

369 2328 441 2391 (l)
480 2328 635 2375 Patres
671 2329 815 2391 reipsa
849 2327 1019 2390 passim
1050 2324 1312 2386 affirmant,

303 2412 362 2460 ab
391 2412 614 2459 haereticis
637 2446 650 2468 7
677 2426 757 2456 seu
788 2408 912 2472 apud
930 2408 1165 2455 haereticos
1185 2406 1314 2455 nulla

304 2494 403 2542 fieri
428 2492 665 2541 miracula.
690 2490 840 2539 Unius
870 2490 942 2538 vel
968 2489 1156 2538 alterius
1178 2489 1316 2538 verba

303 2578 465 2627 afferre
499 2586 565 2624 sat
597 2578 702 2623 erit.
747 2572 796 2622 S.
826 2573 1028 2621 Irenaeus
1052 2574 1197 2634 ‚‹lib.
1245 2590 1276 2620 n
1299 2610 1313 2631 ‚

301 2676 408 2725 cap.
448 2660 614 2716 31,‚n.
648 2657 702 2717 3,
723 2656 834 2704 edit.
866 2655 1006 2703 Mass.
1039 2655 1234 2719 loquens
1259 2654 1316 2702 de

302 2745 552 2803 haereticis‚
572 2744 633 2790 ait
653 2758 666 2790 :
686 2739 790 2789 Nec
805 2741 935 2788 enim
954 2740 1094 2787 caecis
1115 2746 1318 2803 possunt

304 2829 481 2878 donare
495 2828 670 2886 visum,
683 2841 833 2888 neque
848 2821 1011 2870 surdis
1023 2821 1310 2882 audinum...

302 2927 452 2975 neque
488 2907 662 2957 debiles
692 2916 777 2956 aut
822 2905 1016 2954 claudos
1053 2912 1139 2951 aut
1163 2920 1315 2970 para-

303 2992 468 3057 lyticos
502 3007 672 3039 curare
689 3027 703 3049 ,
732 2986 805 3037 vel
831 2987 932 3035 alia
958 2985 1168 3051 quadam
1176 2993 1315 3050 parte

304 3074 515 3139 corporis
537 3080 787 3121 vexatos...
820 3070 1038 3119 Tantum
1055 3076 1212 3115 autem
1229 3067 1315 3116 ab·

305 3166 418 3205 sant
434 3195 446 3216 7
467 3165 521 3204 at
542 3163 782 3203 mortuum
814 3155 1034 3200 excitent.
1051 3148 1127 3199 Sic
1142 3150 1193 3199 S.
1213 3151 1311 3198 Au-

304 3242 535 3306 gostinus,
572 3236 713 3285 Cant.
736 3236 979 3284 Faustam
995 3231 1210 3281 manich.
1230 3231 1312 3280 lib.

289 3338 416 3383 11¹1,
458 3338 559 3385 cap.
612 3318 670 3368 15
706 3336 719 3367 :
765 3315 1020 3368 Miracnla
1047 3351 1063 3374 ,
1106 3316 1309 3380 inquit,

302 3421 402 3454 non
427 3402 612 3470 facitis.
642 3401 742 3449 Alia
775 3399 909 3466 plura
931 3397 1161 3466 ejusmodi
1186 3399 1314 3447 testi-

306 3490 464 3536 monia
494 3484 580 3531 tibi
611 3482 1066 3531 exhibebit-Indoctus
1098 3479 1310 3538 Caecius,

305 3574 361 3620 in*
403 3567 651 3617 Thesauro
681 3564 911 3613 catholico
929 3603 942 3625 ,
976 3564 1060 3616 lib.
1090 3580 1170 3613 vm
1188 3600 1202 3622 ‚
1232 3560 1312 3610 De

302 3653 456 3718 siqnis
484 3647 745 3706 Ecclesiae,
775 3658 858 3695 art.
902 3644 977 3710 14.

371 3736 441 3799 (2)
478 3734 550 3783 En
566 3732 702 3782 verba
726 3729 961 3793 Straussii,
993 3747 1071 3796 op.
1111 3730 1190 3778 cit.
1231 3727 1321 3776 In-

1407 2074 1705 2133 troduction,
1751 2073 1779 2141 ἓ
1814 2072 1845 2124 5
1875 2112 1888 2135 ,
1935 2092 2040 2141 pag.
2093 2092 2151 2126 αι
2200 2089 2246 2127 et
2289 2096 2423 2145 seqq.

1407 2157 1651 2223 Lorsque‚
1686 2157 1899 2225 l’empire
1933 2161 2124 2207 romain
2166 2170 2318 2226 ayant
2358 2165 2427 2209 ἑτέ

1405 2240 1746 2303 christianis-e,
1788 2250 1832 2288 et
1865 2240 1930 2288 les
1964 2242 2174 2304 yrandes
2222 2242 2427 2292 heresies

1405 2332 1557 2388 ayant
1575 2327 1646 2370 ete
1668 2339 1877 2371 connues
1898 2362 1915 2384 ,
1958 2322 1999 2371 le
2029 2327 2255 2390 principe
2292 2325 2427 2375 chre-

1406 2408 1510 2455 tien
1547 2408 1710 2471 acquic
1748 2423 1845 2454 une
1884 2405 2187 2456 domination
2217 2409 2275 2456 de
2302 2409 2420 2474 plus

1408 2508 1468 2539 en
1497 2488 1613 2556 plus
1645 2489 1882 2538 exclusive
1898 2511 1916 2547 ,·
1955 2489 2141 2555 lorsque
2184 2490 2250 2539 les
2279 2491 2424 2541 evoles

1409 2572 1468 2621 de
1499 2572 1547 2621 la
1581 2589 1764 2636 saqesse
1785 2577 2001 2637 pa'ienne
2043 2587 2091 2621 se
2125 2573 2389 2637 sermerent
2407 2612 2421 2635 7

1409 2661 1456 2702 et
1486 2668 1577 2717 que
1614 2653 1695 2700 des
1714 2651 1978 2718 peuplades
2021 2654 2226 2703 inculces
2276 2655 2334 2704 de
2372 2655 2421 2704 la

1415 2734 1680 2783 Germanic
1693 2750 1742 2782 se
1755 2735 2021 2783 soumirent
2039 2737 2070 2784 ὰ
2096 2735 2423 2787 l’instraction

1411 2816 1467 2864 de
1499 2815 1703 2880 I'quise
1725 2853 1738 2874 ‚
1777 2815 1901 2865 alors
1933 2816 1975 2866 le
2011 2819 2208 2883 monde,
2240 2820 2424 2869 durant

1409 2898 1475 2947 les
1496 2898 1628 2964 lonqs
1657 2898 1822 2947 siecles
1847 2899 1916 2948 du
1944 2918 2111 2966 moyen
2128 2903 2215 2967 aye
2237 2940 2252 2963 ‚
2287 2907 2423 2952 aeaut

1409 2980 1624 3046 satisfuit
1664 2980 1732 3028 du
1763 2981 2119 3031 christianismo
2158 2992 2267 3036 tant
2287 3002 2420 3050 pour

1408 3063 1456 3111 la
1487 3064 1641 3128 forme
1671 3080 1762 3128 que
1797 3082 1925 3129 pour
1967 3065 2008 3113 le
2029 3065 2183 3131 fond,
2215 3076 2261 3114 et
2296 3075 2423 3115 toute

1407 3155 1535 3196 trace
1564 3146 1788 3212 disparat
1818 3147 1874 3194 de
1902 3163 1977 3195 ces
2019 3149 2319 3213 conceptione
2345 3150 2422 3196 in-

1408 3230 1730 3297 terpretatives
1760 3231 1849 3292 qui
1885 3238 2141 3294 supposent
2169 3246 2263 3277 une
2306 3248 2422 3297 rup-

1408 3321 1512 3361 ture
1537 3320 1668 3360 entre
1696 3310 1743 3358 la
1780 3310 2086 3359 civilisation
2106 3311 2171 3360 du
2184 3313 2358 3379 peuple
2377 3324 2426 3362 et

1409 3395 1477 3444 du
1507 3394 1678 3443 monde
1696 3432 1709 3455 ,
1744 3401 1789 3442 et
1818 3394 1876 3442 de
1905 3394 1951 3442 Ia
1980 3394 2203 3459 reliqion.
2234 3395 2309 3443 La
2341 3401 2417 3444 re-

1404 3479 1559 3545 formo
1575 3476 1778 3544 portale
1793 3479 2010 3543 premier
2036 3496 2155 3544 coup
2178 3479 2209 3526 ὰ
2228 3479 2419 3543 lapros·

1404 3566 1563 3630 perite
1576 3561 1632 3609 de
1654 3559 1701 3608 la
1726 3572 1956 3625 croyance
1980 3561 2036 3608 de
2061 3560 2264 3626 l’quise
2280 3582 2299 3619 ‚·
2331 3559 2417 3608 elle

1404 3645 1483 3710 sat
1514 3645 1554 3692 Ie
1571 3644 1785 3710 premier
1806 3645 1942 3708 siqne
1970 3643 2255 3692 d’existence
2274 3641 2417 3689 d’une

1402 3726 1586 3776 culture
1621 3728 1741 3791 qui,
1786 3742 1964 3776 comme
2011 3725 2111 3775 cela
2153 3725 2310 3774 s’etait
2353 3740 2418 3771 vu
