2514 4218
235 110 355 169 512
854 122 1056 161 rimer.
1105 122 1172 159 nn
1218 120 1370 161 zocrs
1415 122 1800 165 mnomeims,

313 274 349 334 7
356 272 456 330 52.
511 269 726 329 Verum
772 276 987 348 praeter
1028 265 1352 326 sententias
1390 267 1636 326 Patrum
1673 267 1790 329 huc
1834 281 2106 354 spectant
2139 272 2371 356 publica

226 372 408 445 facta,
448 387 576 449 quae
617 362 890 425 eamdem
933 362 995 420 in
1040 362 1395 444 antiquitate
1435 363 1761 425 obtinuisse
1800 365 2151 450 doctrinam·
2178 373 2372 432 mani·

225 466 371 525 feste
407 462 692 546 produnt.
733 458 870 518 Tale
902 459 965 516 in
981 457 1189 540 primis
1222 470 1312 518 est
1351 458 1791 519 Catholicorum
1824 464 2037 545 agendi
2067 466 2254 542 rati03
2297 490 2370 529 ex

224 561 335 621 hac
352 561 510 620 enim
538 567 801 633 constat,
830 556 893 615 10
910 555 1232 614 Novatores
1248 553 1557 614 damnatos
1585 578 1618 615 a
1649 556 1785 616 solis
1813 580 1964 620 rom.
1994 562 2370 624 Pontificibus

225 657 378 717 illico
402 656 489 716 uti
510 653 811 714 haereticos
839 650 1074 711 habitos
1099 673 1224 712 esse
1246 697 1263 727 a
1295 663 1617 735 antequam
1640 665 1990 734 cogerentur
2009 661 2370 721 oecumenica

225 752 481 816 Concilia
515 751 644 832 (l);
689 750 758 807 20
777 746 979 831 plures
1019 769 1247 808 errores
1282 759 1572 831 tanquam
1602 748 1850 811 h'aereses
1879 763 2168 835 spectatos
2195 754 2371 816 fuisse

224 873 297 912 ex
318 849 438 909 sola
467 869 617 907 rom.
648 845 1001 905 Pontificum
1030 842 1413 905 damnatione
1444 844 1662 928 absque
1693 845 2088 909 Conciliorum
2117 849 2372 911 celebra·-

221 948 381 1007 tione
410 943 533 1026 (2);
574 942 639 1002 3⁰
672 941 1068 1003 Conciliorum
1108 941 1611 1001 oecumenicorum
1654 941 1888 1003 decreta
1928 945 2092 1005 velut
2129 945 2371 1006 irrefor-

221 1041 459 1118 mabilia
501 1039 750 1099 minime
791 1037 966 1099 fuisse
1011 1035 1217 1097 habita
1259 1048 1402 1098 ante
1447 1059 1598 1097 rom.
1653 1040 2008 1101 Pontificum
2052 1043 2367 1103 confirma-

219 1140 444 1199 tionem
469 1183 484 1213 ,
516 1137 636 1196 imo
673 1132 977 1195 interdum
1013 1130 1227 1213 reJecta
1258 1132 1432 1213 hujus
1467 1136 1928 1196 confirmationis
1967 1135 2200 1207 defectu
2239 1138 2363 1223 (3);

219 1237 288 1297 40
330 1237 546 1298 exortis
595 1232 842 1297 vixdum
885 1232 1299 1293 controversiis
1324 1231 1458 1307 ,ad
1512 1254 1607 1293 eas
1650 1233 2014 1295 dirimendas
2054 1237 2366 1321 Episcopus

217 1333 482 1415 undique
512 1330 589 1391 ad
620 1352 770 1390 rom.
804 1327 1086 1389 Praesules
1119 1327 1317 1387 oculos
1350 1330 1708 1391 convertisse
1728 1376 1743 1405 ⁷
1785 1352 2000 1413 eosque
2035 1334 2360 1413 rogavisse,

216 1442 285 1490 ut
309 1429 471 1514 quod
492 1428 601 1511 ipsi
630 1426 704 1486 de
731 1427 799 1484 iis
824 1424 1114 1484 sentirent
1135 1424 1532 1505 patefacerent
1553 1425 1674 1507 (4);
1706 1426 1772 1485 50
1793 1427 2126 1489 Catholicos
2158 1451 2364 1491 omnes

218 1536 559 1586 constanter
596 1521 957 1605 acquievisse
992 1521 1307 1603 pontificiis
1346 1519 1691 1602 dogmaticis
1730 1523 1980 1583 decretis
2003 1570 2019 1599 ‚
2068 1547 2267 1608 neque
2294 1527 2364 1586 iis

215 1622 329 1681 nisi
365 1621 516 1681 solos
553 1619 854 1679 haereticos
893 1615 1222 1675 obluctatos
1264 1637 1391 1676 esse
1423 1616 1533 1697 (5);
1576 1617 1645 1676 6⁰
1680 1620 2020 1681 universam
2051 1622 2364 1684 Ecclesiam

214 1730 406 1779 ratam
438 1715 710 1777 habuisse
747 1713 1064 1774 formulam
1103 1710 1178 1772 ab
1217 1713 1530 1774 Hormisda
1569 1713 2062 1778 subscribendam
2093 1721 2364 1802 proposi-

214 1827 375 1890 tam,
430 1814 493 1873 in
542 1834 658 1896 qua
696 1811 820 1872 haec
877 1809 1262 1869 infallibilitas
1310 1812 1690 1872 constituitur
1740 1814 1859 1894 (6).·,
1896 1813 1966 1874 70
2005 1814 2251 1876 demum
2298 1818 2361 1875 in

212 1910 450 1996 publica
477 1908 711 1989 liturgia
738 1908 893 1967 hanc
926 1907 1114 1988 ipsam
1147 1908 1604 1989 praerogativam
1634 1930 1895 1969 romanae
1929 1910 2193 1970 Ecclesiae
2214 1956 2232 1986 .,
2260 1933 2362 1972 seu

212 2028 460 2069 romano
506 2003 774 2065 Pontifici
818 2003 995 2063 fuisse
1039 2013 1319 2062 assertam
1358 2002 1470 2082 (7).
1518 2005 1660 2077 Quae
1713 2004 1953 2086 quidem
2004 2006 2203 2065 omnia
2260 2017 2362 2067 aut

215 2113 561 2188 supponunt
593 2112 694 2161 aut
739 2100 1058 2160 adstruunt
1094 2099 1459 2181 apertissime
1493 2121 1644 2159 rom.
1691 2101 1989 2162 Pontificis
2028 2101 2360 2163 infallibili-‘-

212 2211 427 2275 tatem,
459 2218 707 2280 eamque
737 2207 876 2256 ante
903 2216 1249 2278 expressum
1281 2205 1382 2254 aut
1414 2196 1660 2256 tacitum
1683 2196 1949 2273 Ecclesiae
1975 2219 2355 2261 consensum.

295 2298 332 2357 7
339 2296 437 2357 53.
484 2295 651 2354 Hanc
690 2291 945 2374 denique
989 2291 1320 2352 doctrinam
1364 2293 1608 2352 omnino
1639 2293 1944 2375 consignat
1985 2294 2109 2378 ipsa
2147 2295 2359 2377 agendi

210 2394 362 2455 ratio
398 2390 830 2452 haereticorum.
877 2389 1023 2448 Tam
1056 2387 1174 2448 alte
1216 2388 1378 2448 enim
1428 2399 1771 2472 pervaserat
1819 2391 2091 2451 omnium
2127 2393 2355 2452 animos

210 2492 276 2551 in
321 2488 669 2571 antiquitate
704 2485 999 2569 persuasio
1021 2530 1037 2560 ‚
1068 2483 1467 2545 ineluctabilia
1495 2486 1675 2569 plane
1709 2508 1837 2547 esse
1877 2509 2008 2570 quae
2047 2509 2155 2570 per
2196 2510 2350 2548 rom.

207 2587 519 2647 Pontifices
553 2586 617 2644 in
651 2582 789 2643 fidei
826 2581 1075 2642 decretis
1114 2582 1484 2642 sancirentur
1509 2628 1525 2658 ‚
1570 2594 1634 2643 ut
1667 2582 1926 2644 haeretici
1962 2585 2075 2668 ipsi
2111 2587 2174 2645 in
2212 2606 2352 2647 con-

210 2682 460 2743 cilianda
485 2679 596 2741 sibi
623 2678 860 2739 illorum
886 2679 1180 2739 sententia
1215 2679 1388 2740 enixe
1428 2677 1853 2740 adlaborarint.
1888 2681 2039 2742 Sane
2063 2682 2220 2743 inter
2251 2703 2350 2743 ce-

281 2917 350 2983 (l)
382 2918 484 2968 Hoc
512 2927 581 2967 est
602 2924 935 2983 argumentum
956 2951 969 2975 ,
994 2914 1123 2982 quod
1157 2931 1236 2964 co-
1392 2914 1459 2981 (3)
1498 2914 1597 2964 Cfr.
1616 2915 1734 2966 ibid.
1753 2933 1857 2983 cap.
1883 2916 1973 2980 16,
1994 2929 2039 2969 et
2055 2917 2347 2979 Card.0rsi‚

211 3003 339 3069 piose
383 3012 427 3051 et
469 3002 650 3051 erudite
697 3002 869 3051 evolvit
912 2999 1049 3051 Card.
1093 2998 1232 3062 Orsi,
1321 3015 1401 3063 op.
1439 3000 1524 3047 cit.
1569 3008 1684 3048 tom.
1721 3017 1770 3062 1,
1813 3010 1935 3066 part.
1977 3014 2013 3048 ιι
2039 3036 2054 3060 ,
2087 3017 2191 3065 cap.
2236 3015 2265 3047 2
2303 3009 2351 3049 et

213 3084 398 3154 duobus
428 3086 607 3136 volum.
637 3102 722 3136 seu
753 3097 876 3136 tom.
906 3102 922 3133 1
941 3122 955 3146 ,
983 3086 1154 3151 prima
1191 3092 1238 3133 et
1285 3156 1287 3159 .
1321 3098 1458 3148 seqq.

210 3167 424 3218 secunda
444 3177 582 3234 parte
596 3186 613 3229 ·,
642 3187 720 3235 op.
750 3171 826 3218 cit.
854 3165 927 3217 De
951 3166 1233 3231 irresbrma-
1389 3163 1457 3228 (k)
1496 3162 1596 3213 Cfr.
1628 3161 1856 3213 Ballerin.
1889 3180 1969 3229 op.
2006 3165 2086 3213 cit.
2121 3162 2202 3213 De
2232 3164 2285 3212 vi
2304 3171 2351 3212 et

210 3251 303 3301 bili
325 3267 446 3300 rom.
463 3246 718 3315 Pontifieis
734 3253 791 3299 in
808 3250 1101 3315 definiendis
1113 3249 1234 3314 fidei
1317 3248 1506 3295 ratione
1525 3250 1684 3312 prim.
1714 3263 1816 3311 cap.
1854 3242 1932 3306 14.

210 3332 850 3399 controversiisjudicio.1d
870 3336 995 3383 enim
1013 3331 1236 3382 luculen-
1390 3329 1456 3394 (5)
1496 3328 1625 3378 Ibid.
1656 3345 1758 3392 cap.
1799 3324 1886 3389 15,
1916 3325 1942 3393 §
1979 3343 2055 3377 11.

211 3428 280 3467 ter
306 3417 508 3467 ostendit
523 3417 582 3465 de
605 3415 976 3479 Macedonianis‚
998 3416 1235 3467 Nestoria-
1388 3411 1454 3475 (6)
1493 3410 1617 3459 lbid·
1648 3426 1755 3474 cap.
1791 3409 1876 3470 13,
1911 3408 1939 3476 S
1976 3407 2054 3459 16.

211 3503 285 3550 nis
302 3538 316 3561 ‚
345 3499 654 3568 Eutychianis
672 3535 686 3560 ,
720 3508 810 3548 etc.
1389 3493 1461 3558 (7)
1500 3491 1637 3557 Apud
1661 3491 1820 3541 eumd.
1855 3494 1906 3540 in
1936 3491 2166 3559 Append.
2191 3490 2250 3541 de
2268 3492 2348 3541 in-

282 3581 349 3646 (2)
386 3581 487 3634 Cfr.
518 3580 814 3643 Petitdidier‚
859 3598 935 3648 op.
958 3583 1041 3634 cit.
1074 3598 1179 3647 cap.
1198 3596 1229 3632 2
1306 3575 1467 3644 fallit».
1488 3573 1755 3638 Pontificia
1770 3576 1827 3623 in
1844 3575 2220 3642 definitionibus
2236 3575 2344 3641 doq-

214 3672 260 3713 et
286 3681 418 3731 seqq.
1314 3660 1509 3709 maticis
1527 3697 1541 3723 ,
1572 3655 1599 3725 §
1630 3675 1686 3709 12
1707 3695 1722 3720 ‚
1755 3660 1806 3709 in
1836 3658 2050 3711 conclusi
