2514 4218
263 182 382 242 178

862 197 1053 235 TRACT.
1101 196 1168 232 DE
1213 195 1366 232 LOCIS
1408 198 1789 239 Tuzonoelcls.

261 347 458 408 latinae
485 364 609 404 non
651 352 821 403 erant
857 361 963 423 per
996 337 1059 397 id
1091 348 1329 419 tempus
1364 338 1762 417 universalem,
1815 342 1974 425 quod
2007 343 2053 403 si
2092 344 2234 403 tunc
2269 354 2389 404 non

262 452 430 502 erant
450 486 466 516 ,
492 440 706 499 frustra
729 437 1014 497 insistitur
1034 433 1098 491 in
1120 431 1513 516 subsequente
1539 434 1798 516 ipsarum
1826 439 2191 500 incremento
2216 452 2391 523 atque

261 538 325 596 in
358 535 635 619 praesenti
675 554 876 594 earum
909 527 1337 611 amplitudine,
1374 529 1654 615 quoniam
1684 534 1856 608 juxta
1880 533 2041 595 dicta
2067 539 2394 595 universa-

260 636 400 693 litas
435 631 611 693 debet
644 650 769 690 esse
810 625 1164 686 attributum
1187 648 1577 707 permane-na.
1619 629 1768 701 Cum
1802 627 1990 709 igitur
2011 655 2132 693 non
2173 634 2395 694 fuerint

258 727 613 792 universales
637 747 667 783 a
699 721 891 782 seculo
918 723 996 781 XI
1026 721 1100 782 ad
1125 744 1238 783 sec.
1273 724 1440 799 XVI,
1475 723 1737 807 sequitur
1756 769 1772 800 ,
1811 724 1966 807 ipsas
1990 741 2231 806 partem
2266 741 2395 789 tan·

260 838 389 885 tum
421 821 775 882 constituere
800 818 1062 880 Ecclesiae
1094 818 1425 893 catholicae3
1471 841 1571 879 seu
1602 866 1617 893 ,
1657 819 1816 901 quod
1851 819 2010 880 idem
2041 834 2129 881 est
2149 867 2165 898 ,
2194 825 2395 885 titulus

259 918 674 981 catholicarum
690 937 813 974 non
838 926 926 974 est
956 914 1250 976 exclusive
1274 916 1546 997 proprius
1576 914 1962 976 Ecclesiarum
1986 939 2395 996 romanarum,

259 1015 363 1074 sed
400 1035 471 1073 ex
505 1034 674 1096 aequo
704 1010 911 1071 eodem
956 1010 1236 1070 fruuntur
1258 1010 1528 1071 Ecclesiae
1564 1011 1909 1072 britannicae
1952 1024 2013 1073 et
2048 1014 2357 1075 orientales
2380 1060 2395 1090 ,

259 1112 325 1170 60
363 1129 490 1218 q.uae
531 1129 837 1190 nunquam
885 1105 1306 1166 catholicorum
1342 1106 1582 1166 titulum
1622 1107 1896 1168 tribuunt
1926 1119 2028 1168 aut
2069 1110 2400 1171 concedunt

258 1207 441 1268 cuivis
471 1204 802 1279 schismati,
827 1201 987 1285 quod
1015 1205 1183 1264 Rom.
1218 1202 1488 1263 Pontifex
1511 1202 1852 1265 excitaverit
1873 1204 2028 1265 intra
2058 1207 2399 1268 earumdem

236 1304 740 1383 j'urisdzctionem
766 1300 876 1381 (l).
911 1301 1079 1379 Ergo·

336 1399 477 1459 284.
524 1400 700 1480 Resp.
747 1394 833 1454 Ad
880 1396 1193 1471 1m‚Dzst.
1234 1395 1294 1454 Si
1336 1416 1594 1456 romanae
1637 1417 1858 1457 nomen
1894 1409 2286 1460 coarctaretur
2323 1400 2397 1460 ad

257 1491 697 1575 significandam
735 1490 1089 1574 peculiarem
1126 1511 1388 1551 romanae
1427 1490 1691 1552 Ecclesia}
1723 1491 2057 1568 dioecesim,
2106 1517 2305 1565 00n0.,·
2349 1498 2396 1556 si

326 1745 389 1807 (1)
425 1742 513 1807 Op.
531 1745 612 1792 cit.
632 1752 744 1807 part.
767 1759 783 1789 1
802 1777 815 1800 ,
845 1757 948 1806 cap.
975 1756 1024 1789 11
1050 1776 1065 1801 ‚
1091 1750 1207 1789 sect.
1230 1739 1282 1802 3,

256 1845 358 1892 pag.
397 1822 497 1893 296
527 1835 570 1874 et
596 1843 728 1892 seqq.
764 1824 824 1874 Ut
858 1833 1015 1874 autem
1041 1834 1279 1890 postrema

259 1912 359 1957 haec
384 1907 636 1957 difficultas
675 1907 988 1972 intelligatur,
1040 1924 1280 1972 exponen-

258 1993 372 2041 dum
409 2001 477 2040 est
503 2000 706 2056 systema
739 1991 939 2038 auctoris
969 1990 1163 2056 ejusque
1192 1990 1278 2038 'as-

260 2074 486 2123 seclarum
514 2073 605 2121 hac
639 2074 689 2120 in
721 2083 868 2137 parte.
906 2072 996 2121 Hic
1021 2074 1165 2139 igitur
1197 2088 1282 2139 pro

258 2166 381 2204 certo
393 2154 832 2215 sumens,Ecclesias
844 2153 1149 2220 anylicanas,
1167 2172 1283 2222 quas

258 2238 476 2286 nobiliori
512 2240 751 2304 magisque
784 2239 1106 2304 antiquitatem
1147 2238 1283 2287 redo-

257 2322 381 2369 lente
394 2323 587 2368 nomine
598 2321 922 2368 Britan-nicae
937 2321 1168 2385 appellare
1185 2338 1284 2369 ma-

258 2403 554 2468 vult,partem
563 2402 783 2451 Ecclesiae
792 2402 1029 2467 catholicae
1042 2403 1190 2469 nihilo
1202 2406 1286 2452 mi-

258 2504 346 2535 nus
368 2503 421 2535 ac
438 2504 680 2535 romanam
698 2486 954 2535 Ecclesiam
969 2490 1251 2537 constituere
1266 2524 1281 2553 ,

259 2569 578 2625 schismaticos
604 2571 799 2618 omnino
830 2586 926 2619 esse
954 2570 1156 2619 declarat
1173 2571 1282 2619 illos

259 2642 420 2699 omnes
444 2650 698 2699 Britannici
724 2653 910 2716 imperii
934 2651 1145 2700 subditos
1167 2688 1181 2708 ‚
1201 2656 1283 2718 qui

261 2734 501 2782 catholicae
522 2750 722 2782 romanae
745 2732 963 2782 Ecclesiae
991 2732 1167 2783 ibidem
1198 2735 1282 2784 ad-

260 2817 471 2874 haerent,
515 2818 609 2865 sive
645 2834 699 2865 ex
728 2814 1060 2881 anglicanismo
1092 2817 1151 2864 ad
1183 2819 1282 2883 ejus

263 2915 358 2946 sese
386 2900 615 2964 recipiunt
645 2899 1024 2947 communionem
1047 2934 1064 2958 ,
1109 2902 1283 2966 quippe

263 2981 344 3043 qui
375 2979 590 3030 Ecclesiae
615 2981 868 3047 anglicanae
898 2984 1125 3030 unitatem
1158 2984 1281 3031 scin-

261 3060 374 3107 dant
405 3096 419 3119 ,
472 3064 666 3129 ejusque
710 3063 1045 3129 Episcoporum
1085 3064 1279 3130 jurisdi-

263 3145 404 3191 ctioni
423 3146 730 3214 reluctentur.
749 3146 922 3196 Eadem
945 3146 1083 3212 plane
1100 3151 1281 3198 ratione

265 3225 513 3291 Episcopos
539 3247 593 3277 ac
614 3232 810 3279 vicarios
829 3228 1105 3295 apostolicos
1126 3268 1139 3290 ‚
1162 3249 1279 3297 quos

262 3318 416 3356 sancta
443 3306 581 3358 Sedes
609 3314 659 3359 in
683 3314 773 3361 illis
800 3312 1085 3378 regionibus,
1106 3315 1157 3361 in
1175 3315 1282 3379 qui-

261 3390 350 3438 bus
380 3392 625 3459 anglicana
651 3393 918 3444 dominatur
943 3395 1102 3460 religio
1121 3431 1134 3455 ,
1163 3413 1279 3445 con—

261 3475 440 3534 stituit,
476 3474 676 3540 theologi
708 3479 781 3526 isti
815 3480 1089 3528 oxonienses
1136 3478 1282 3527 veluti

260 3559 464 3606 intrusos
531 3555 938 3628 schismaticosque
1005 3560 1278 3611 traducunt.

263 3638 550 3709 Quapropter
575 3639 1009 3693 Catholico-romani
1029 3643 1087 3692 ab
1114 3642 1281 3694 illisin

264 3721 423 3770 codem
450 3740 632 3786 prorsus
660 3741 801 3773 censu
830 3725 1064 3775 habentur
1095 3742 1150 3774 ac
1180 3725 1279 3773 Me·

1372 1738 1906 1808 thodistae‚Quacqueri.
1923 1744 2164 1808 caeterique
2177 1743 2235 1792 ab
2250 1745 2373 1808 angli
2384 1773 2402 1782 -

1373 1839 1488 1872 cana
1505 1823 1714 1873 Ecclesia
1733 1824 2025 1874 dissidentes.
2046 1823 2124 1874 Sic
2138 1843 2294 1891 porro,
2317 1829 2398 1892 qui

1372 1909 1600 1956 sinceram
1618 1917 1758 1974 atque
1771 1909 1944 1956 avitam
1970 1909 2209 1958 catholica:
2230 1909 2393 1957 Eccle-

1373 1992 1451 2038 siae
1489 1990 1630 2039 fidem
1653 2025 1668 2050 ,
1712 1992 1928 2039 omnium
1966 1991 2226 2040 seculorum
2274 1994 2400 2040 testi-

1374 2073 1532 2122 monio
1558 2073 1815 2133 firmatam,
1839 2073 2135 2138 profitentur,
2163 2076 2243 2140 qui
2269 2091 2399 2123 com-

1354 2152 1649 2204 'munionem
1676 2172 1786 2203 cum
1806 2172 2002 2203 romano
2034 2154 2258 2205 Pontifice
2279 2194 2292 2217 ,
2318 2174 2400 2222 per

1374 2248 1442 2288 tot
1471 2249 1580 2287 ante
1608 2237 1776 2286 saecula
1808 2239 1860 2286 in
1884 2237 2159 2288 britannicis
2190 2239 2282 2287 illis
2312 2239 2402 2288 Ec-
2432 2265 2438 2276 ε

1375 2321 1525 2371 clesiis
1543 2322 1753 2389 agnitam
1777 2357 1791 2382 ,
1819 2330 2008 2370 tuentur
2023 2359 2037 2383 ‚
2073 2331 2213 2389 atque
2245 2323 2403 2371 infau-

1375 2414 1499 2453 stum
1519 2420 1650 2454 novae
1679 2403 1929 2470 anglicana:
1949 2404 2174 2455 Ecclesiae
2205 2405 2401 2454 schisma

1374 2486 1436 2545 ab
1465 2486 1669 2536 Ecclesia
1691 2487 1944 2536 universali
1963 2487 2209 2551 repudiant
2240 2503 2293 2535 ac
2321 2487 2401 2535 de-

1375 2578 1604 2618 testantur
1620 2567 1932 2631 ‚schismatis
1971 2569 2227 2615 inuruntur
2252 2578 2363 2617 nota
2388 2606 2399 2627 ‚

1374 2653 1524 2715 iisque
1563 2649 1933 2697 adnumerantur
1981 2651 2148 2711 sectis,
2192 2666 2298 2716 quae
2347 2668 2401 2699 ex

1374 2732 1618 2796 anglicano
1645 2734 1746 2798 ipso
1778 2731 2032 2781 schismate
2064 2744 2318 2798 eruperunt
2357 2745 2403 2783 et

1373 2832 1469 2863 rem
1491 2815 1769 2863 catholicam
1789 2817 1933 2880 magis
1954 2816 2195 2881 magisque
2217 2833 2401 2881 pessum

1371 2897 1697 2947 dederunt.1ta
1716 2915 1775 2947 ne
1789 2901 1922 2947 vero?
1938 2895 2062 2945 Illud
2078 2907 2230 2946 autem
2252 2900 2403 2946 scisci-

1370 2982 1457 3029 tari
1488 2981 1623 3030 lubet
1643 3018 1655 3040 ‚
1690 2982 1727 3029 si
1760 2979 1966 3030 Ecclesia
2001 2996 2192 3028 romana
2217 2978 2276 3026 ab
2307 2982 2404 3028 istis

1371 3062 1635 3112 auctoribus
1705 3063 1868 3111 saltem
1921 3072 1972 3110 ut
2039 3077 2142 3125 pars
2191 3060 2405 3110 Ecclesiae

1370 3146 1608 3195 catholicae
1624 3147 1818 3195 omnino
1836 3143 2082 3203 habeatur,
2103 3159 2242 3191 eccur
2270 3145 2395 3210 epis-

1370 3231 1557 3299 copules
1575 3233 1663 3298 ipsi
1678 3234 1731 3280 in
1753 3232 1809 3279 iis
1837 3228 2121 3294 regionibus,
2152 3232 2201 3276 in
2228 3228 2397 3295 quibus

1370 3317 1533 3365 eadem
1581 3315 1774 3381 pacifice
1810 3313 2111 3372 dominatur,
2150 3313 2393 3362 schismata

1370 3401 1573 3447 excitare
1600 3415 1696 3446 non
1725 3405 1943 3444 verentur
1962 3399 1985 3443 ⁴?
2030 3395 2086 3444 Id
2122 3403 2249 3444 certe
2286 3394 2394 3443 Pal-

1371 3483 1515 3529 merio
1557 3482 1685 3545 juxta
1713 3496 1794 3527 sua
1817 3479 2044 3543 principia
2078 3477 2263 3544 probari
2309 3495 2393 3526 ne-

1370 3564 1504 3628 quit,
1533 3561 1676 3627 idque
1705 3561 1818 3609 adeo
1849 3561 1976 3610 fateri
2012 3563 2110 3626 ipse
2138 3562 2261 3608 visus
2301 3563 2388 3607 est.

1371 3643 1460 3692 Sed
1495 3644 1617 3693 facta
1652 3644 1836 3709 publica
1857 3681 1870 3704 ,
1918 3661 2022 3711 qnae
2055 3642 2192 3692 facile
2230 3639 2391 3689 afferre

1371 3743 1546 3791 possem
1575 3764 1587 3786 ‚
1607 3744 1702 3774 rem
1721 3728 1784 3774 ita
1801 3744 1848 3775 se
1861 3726 2029 3774 habere
2053 3727 2285 3774 evincunt.
