2514 4218
286 176 409 237 292
885 189 1085 227 Timor.
1137 188 1206 223 ms.
1250 187 1404 232 tome
1449 188 1828 229 Tnnotocioffi.

376 337 519 399 437.
564 334 696 414 Obj.
741 334 936 394 tertia.
992 331 1054 388 1ο
1091 331 1278 389 -Juxta
1326 331 1384 388 S.
1425 329 1716 410 Optatum
1765 333 2175 394 Milevitanum
2229 356 2243 393 :
2288 337 2431 396 Non

290 435 634 516 respublica
678 441 764 492 est
803 433 874 487 in
911 426 1225 495 Ecclesia,
1264 426 1369 484 sed
1399 425 1673 486 Ecclesia
1715 431 1786 485 in
1830 432 2147 510 republica
2185 440 2268 489 est
2306 431 2433 510 (1);

291 528 625 612 reipublicae
657 526 831 605 igitur
868 531 1044 604 caput
1070 519 1400 603 disciplinae
1435 531 1523 580 est
1559 519 1916 584 moderator.
1951 527 2020 584 2⁰
2063 529 2230 586 Rom.
2273 528 2433 585 Pon-

293 627 438 687 tifex
481 636 758 685 extranea
802 628 891 677 est
939 627 1197 700 potestas
1234 616 1429 698 quoad
1468 615 1756 676 ditionem
1800 639 1924 678 non
1974 642 2172 697 suam,
2227 624 2437 705 nequit

294 733 605 809 propterea
633 715 714 774 ibi
737 734 937 794 regere
967 713 1358 795 disciplinam.
1395 711 1461 771 30
1497 712 1747 772 Ecclesia
1784 733 1936 795 saepe
1970 714 2149 776 abusa
2197 731 2285 778 est
2331 741 2438 778 au-

299 819 565 880 ctoritate
601 833 703 871 sua
730 811 794 869 in
830 809 1058 892 legibus
1106 808 1576 892 disciplinaribus
1611 810 1905 884 ferendi53
1945 825 2192 893 possunt
2226 815 2436 894 igitur,

295 918 415 974 imo
445 922 505 971 et
530 909 752 969 debent
781 907 1079 989 Principes
1107 907 1171 965 in
1213 907 1332 965 suis
1363 906 1680 988 provinciis
1715 905 2005 989 impedire
2031 953 2046 980 ,
2082 909 2399 990 quominus
2421 956 2438 986 ,

296 1009 506 1070 saltem
535 1003 765 1086 'absque
788 1005 1019 1083 placito
1052 1005 1247 1082 re92'0,
1274 1001 1505 1061 decreta
1532 1002 1925 1084 disciplinaria
1953 1004 2402 1085 promulgentur
2422 1052 2438 1082 ,

298 1117 475 1188 atque
503 1103 626 1165 vim
660 1098 959 1180 obligandi
986 1097 1278 1175 habeant3
1314 1097 1382 1157 4⁰
1408 1100 1735 1180 praesertim
1759 1121 1894 1159 cum
1917 1101 2041 1160 fieri
2078 1103 2297 1184 possit,
2339 1114 2440 1178 ut,

307 1199 581 1284 spectatis
622 1196 860 1257 ditionis
904 1216 1022 1254 suae
1060 1193 1390 1273 adjunctis,
1438 1196 1611 1254 noxia
1657 1195 1893 1278 publico
1936 1196 2094 1256 bono
2138 1197 2395 1264 evadant
2423 1244 2440 1273 ,

299 1318 366 1358 ac
398 1299 557 1370 sint,
608 1305 677 1354 ut
722 1291 897 1374 vulgo
942 1290 1190 1366 dicitu-r,
1244 1290 1309 1349 in
1347 1290 1646 1353 collisione
1694 1313 1830 1352 cum
1874 1292 2099 1374 legibus
2152 1293 2437 1355 civilibus

302 1396 471 1475 Ergo.

385 1490 529 1550 438.
558 1491 732 1570 Resp.
766 1485 854 1547 Ad
881 1486 981 1563 1¹1¹,
1014 1485 1164 1567 Ney.
1192 1507 1417 1567 conseq.
1444 1487 1660 1547 Sensus
1684 1488 1846 1547 enim
1870 1487 2043 1567 hujus
2070 1488 2262 1564 effati,
2285 1487 2446 1572 quod

300 1597 610 1667 tantopere
631 1581 925 1644 extollunt
950 1576 1232 1642 neoterici
1262 1603 1327 1642 ac
1369 1605 1542 1642 suum
1581 1583 1905 1644 effecerunt
1933 1629 1949 1659 ,
1982 1586 2141 1667 apud
2176 1588 2230 1646 S.
2255 1587 2446 1669 Opta-

301 1693 433 1740 tum
473 1680 644 1759 longe
668 1679 948 1738 dlversus
977 1689 1066 1737 est
1101 1678 1177 1738 ab
1216 1701 1319 1756 eo,
1354 1700 1532 1762 quem
1553 1677 1662 1738 sibi
1693 1680 1946 1759 fingunt.
1974 1681 2225 1763 Optatus
2258 1683 2448 1764 siqui-

303 1777 439 1837 dem
460 1821 476 1851 ,
510 1788 578 1835 ut
608 1774 801 1838 verbis
822 1785 962 1833 -utar
989 1773 1309 1834 doctissimi
1340 1774 1727 1857 Albaspinaei,
1764 1775 1949 1838 voluit
1972 1777 2165 1837 dicere
2187 1823 2203 1852 ,
2248 1780 2445 1860 Impe-

302 1871 595 1933 ratoribus
624 1870 891 1930 romanis
918 1892 1039 1929 non
1072 1892 1197 1931 esse
1227 1871 1703 1931 maledicendum
1722 1917 1738 1947 ,
1779 1871 1881 1931 sed
1906 1895 2015 1955 pro
2044 1874 2125 1932 eis
2154 1875 2446 1933 orandum

303 1967 628 2030 secundum
652 1965 997 2048 Apostolum
1024 2010 1040 2040 ,
1076 1967 1210 2048 quia
1240 1967 1497 2049 quietam
1526 1967 1709 2047 magis
1748 1968 1936 2028 vitam
1966 1968 2286 2027 Christiani
2307 1991 2448 2028 cum

305 2065 387 2125 eis
412 2073 686 2143 agerent,
723 2083 905 2143 quam
940 2082 1074 2121 cum
1105 2062 1230 2121 aliis
1259 2061 1599 2121 nationibus
1628 2108 1644 2137 ,
1675 2062 1833 2144 apud
1863 2085 2006 2144 quas
2027 2109 2043 2137 ,
2070 2063 2230 2145 quod
2257 2074 2450 2125 essent

302 2159 565 2219 barbarae
586 2204 602 2235 ,
639 2180 762 2217 non
787 2155 1003 2217 licebat
1026 2158 1387 2218 Christianos
1415 2170 1534 2218 tam
1562 2159 1758 2240 quiete
1783 2159 2005 2220 vive-re.
2037 2159 2219 2240 Igitur
2246 2183 2451 2241 respa-

302 2258 462 2316 hlz'ca
484 2277 606 2314 non
634 2258 808 2313 estin
830 2257 1135 2324 Ecclesia,
1168 2255 1454 2334 significat
1505 2277 1518 2313 τ
1559 2253 1872 2313 Ecclesiam
1897 2277 2017 2314 non
2049 2256 2236 2317 facere
2259 2255 2411 2316 bella
2432 2301 2449 2332 ,

302 2376 426 2413 non
464 2351 617 2431 leges
644 2351 857 2429 figere,
893 2373 1016 2410 non
1058 2350 1307 2432 populos
1344 2349 1453 2408 sub
1486 2348 1711 2430 legibus
1750 2357 2048 2426 coercere,
2091 2373 2214 2411 non
2245 2374 2336 2411 res
2364 2353 2451 2411 ci·

300 2448 447 2510 viles
475 2467 779 2521 exercere,
817 2458 878 2507 et
908 2446 1119 2506 similia
1157 2469 1170 2505 ε
1205 2450 1544 2506 Ecclesiam
1582 2458 1782 2506 autem
1824 2470 1941 2507 esse
1985 2452 2055 2506 in
2094 2449 2446 2526 republica,

304 2542 666 2604 Christianos
708 2541 817 2601 sub
845 2542 1069 2623 legibus
1119 2544 1552 2623 Imperatorum
1591 2543 1826 2617 vivere,
1867 2543 2129 2624 protegi,
2183 2544 2444 2623 quietam

301 2640 488 2700 vitam
535 2636 645 2697 sub
694 2637 776 2697 eis
836 2649 899 2697 et
934 2659 1008 2698 ex
1041 2659 1249 2697 eorum
1286 2637 1654 2717 protectione
1693 2636 1943 2713 ducere,
1983 2649 2042 2698 et
2077 2638 2285 2697 similia
2334 2640 2445 2722 (2).

303 2738 454 2794 Sane
491 2735 772 2816 OptatuS,
808 2731 1107 2814 explicans
1134 2733 1519 2815 semetipsum
1539 2776 1555 2805 ,
1596 2744 1731 2814 post
1755 2733 1995 2793 recitata
2020 2734 2199 2796 verba
2234 2736 2450 2797 imme-

305 2829 461 2890 diate
492 2827 730 2888 subdit:
766 2829 851 2889 Id
881 2839 995 2899 est,
1033 2831 1103 2887 in
1138 2829 1407 2908 Imperio
1438 2848 1713 2890 romano,
1743 2828 1914 2904 Quod
1948 2852 2088 2891 vero
2120 2842 2346 2912 spectat
2375 2830 2450 2890 ad

303 2945 538 2984 sensum
563 2925 739 3004 hujus
764 2924 925 2985 effati
942 2968 961 3000 .,
996 2934 1173 3006 prout
1202 2945 1374 2983 suum
1397 2925 1719 2985 effecerunt
1746 2926 2051 3002 neoterici,
2082 2927 2447 3007 reponimUS,

306 3018 516 3080 falsum
537 3042 660 3082 esse
696 3019 1076 3103 principium,
1109 3020 1269 3102 quod
1299 3019 1373 3080 ab
1405 3021 1474 3079 iis
1497 3021 1845 3097 assumitur,
1883 3021 2194 3081 Ecclesiam
2227 3021 2447 3084 scilicet

307 3295 367 3344 ab
397 3294 679 3361 Imperatore
712 3298 908 3347 Austriae
944 3299 1237 3349 eliminatum
1258 3298 1321 3348 ab
1412 3309 1628 3366 praeterea
1643 3298 2200 3359 animadvertit,Petrum
2216 3298 2274 3346 de
2293 3298 2448 3346 Mat-ca

308 3378 527 3427 omnibus
569 3377 755 3444 Imperii
797 3380 987 3431 scholis.
1038 3381 1174 3449 Quod
1221 3399 1329 3431 vero
1413 3383 1632 3432 adversus
1668 3382 1752 3431 hos
1785 3399 1902 3448 opus
1936 3401 2072 3431 suum
2104 3382 2447 3446 conscripsisse.

305 3460 435 3509 addit
467 3459 650 3510 Palmer
692 3479 752 3510 ex
792 3462 925 3513 Petro
963 3464 1020 3513 de
1052 3463 1240 3524 Marce,
1274 3465 1332 3513 de
1488 3464 1555 3528 (l)
1593 3463 1703 3514 Lib.
1744 3481 1834 3526 111,
1874 3483 1982 3532 pag.
2023 3463 2095 3529 64
2121 3498 2139 3527 ,
2190 3461 2303 3512 edit.
2351 3462 2442 3510 Pa-

304 3543 519 3593 Molinaeo
553 3582 567 3604 ,
624 3543 912 3607 Fouchetio,
961 3546 1172 3608 Pitboeo,
1224 3546 1335 3596 Pas·
1418 3548 1500 3596 riS.
1537 3544 1687 3597 1631.

305 3629 505 3692 quietio,
535 3622 813 3677 Hormanno
838 3666 851 3689 ‚
883 3629 1082 3679 Servino
1104 3667 1117 3691 ‚
1146 3630 1328 3680 infideli
1483 3629 1550 3693 (2)
1590 3629 1644 3677 In
1676 3631 1796 3680 notis
1828 3630 1886 3683 ad
1928 3631 2015 3682 lib.
2057 3644 2146 3693 ιιι,
2188 3631 2270 3680 cit.
2321 3625 2438 3677 edit.

305 3728 491 3775 prorsus
531 3715 710 3763 ratione
751 3711 810 3763 ab
844 3715 943 3779 ipso
988 3714 1210 3775 affertur,
1243 3732 1328 3764 nec
1412 3730 1519 3778 pag.
1562 3710 1675 3776 145.
