2514 4218
434 230 592 268 Pam.
640 231 678 265 1.
732 229 879 268 secr.
927 229 986 268 ιι.
1032 232 1157 269 cu.
1205 233 1243 270 1.
1290 233 1358 269 nn
1402 233 1560 270 marm
1606 233 1872 270 minuc.
2085 213 2201 273 359

91 392 340 453 cumque
398 369 634 428 demum
695 382 925 446 essent7
976 371 1361 433 solverentur.
1409 374 1532 432 Hoc
1565 382 1763 433 tamen
1810 374 2204 456 interponitur

98 467 412 527 discrimen
478 466 635 524 inter
680 467 920 526 Petrum
970 478 1029 526 et
1076 467 1381 547 Apostolos
1427 479 1602 549 atque
1639 468 1980 543 Ecclesiam,
2032 484 2204 551 prout

88 562 196 620 hoc
224 560 463 620 nomine
514 559 848 640 designatur
892 572 1077 620 coetus
1115 560 1410 635 fidelium,
1449 562 1606 643 quod
1650 562 1950 623 illi‘claves
1977 586 2203 647 accepe-

86 658 240 728 rint,
279 666 345 712 ut
377 655 454 712 ita
494 655 717 729 dicam,
782 659 1003 724 active,
1042 653 1118 712 ad
1166 676 1260 713 eas
1301 656 1514 716 scilicet
1543 657 1932 732 adliibendaS.,
1963 659 2204 720 Ecclesia

82 763 280 809 autem
315 772 413 808 seu
455 750 840 808 communitas
883 748 1145 807 fidelium
1194 751 1478 831 acceperit
1515 756 1783 828 passive,
1836 754 2202 834 quandoqui—

83 843 218 903 dem
263 845 322 902 in
372 847 496 923 ojus
550 842 922 902 commodum
967 854 1162 901 essent
1199 865 1230 901 a
1278 846 1448 903 Petro
1485 857 1544 904 et
1591 845 1664 904 ab
1716 848 2000 928 Apostolis
2038 849 2202 910 adhi-

78 938 302 998 bendae.
324 940 469 997 Cum
490 950 689 999 autem
705 937 946 997 Ecclesia
977 958 1209 1017 semper
1241 937 1514 997 duratura
1549 952 1732 1015 esset,
1763 943 1964 1001 Petrus
1992 965 2126 1002 vero
2146 943 2205 1003 et

78 1033 335 1114 Apostoli
375 1032 450 1090 acl
488 1044 717 1114 tempus
761 1041 991 1090 tantum
1029 1031 1264 1105 victuri,
1292 1032 1714 1092 concludebant
1755 1037 1954 1096 Patres
1979 1083 1995 1111 7
2047 1059 2202 1096 sem-

78 1150 185 1208 per
229 1127 333 1186 has
384 1128 573 1188 claves
608 1147 730 1186 esse
772 1146 1107 1214 mansuras5
1146 1148 1358 1207 nempe
1398 1128 1461 1185 in
1490 1130 1648 1187 Petri
1689 1140 1748 1188 et
1787 1131 2200 1212 Apostolorum

77 1222 529 1298 successoribuS‚
579 1223 715 1304 quia
757 1220 986 1280 collatio
1031 1223 1142 1280 ista
1182 1243 1303 1280 non
1352 1223 1461 1280 fuit
1508 1227 1881 1301 personali&7
1924 1227 2026 1286 sed
2063 1249 2201 1309 per-

79 1329 266 1398 petua
305 1318 415 1399 (l).

159 1414 300 1472 529.
349 1410 646 1490 Ejusmodi
673 1431 796 1469 esse
816 1431 1154 1489 germanam
1176 1413 1416 1470 Patrum
1433 1423 1695 1472 mentem
1714 1457 1730 1487 ,
1751 1415 2029 1475 evincunt
2055 1416 2206 1498 ipso.

79 1529 213 1565 rum
240 1506 593 1566 testimonia.
622 1506 678 1563 S.
711 1504 1046 1564 Ambrosius
1086 1505 1285 1565 scribit
1319 1528 1333 1564 z
1376 1507 1549 1576 Tibi,
1574 1512 1779 1586 inquit
1805 1508 2117 1587 (Christus
2145 1512 2206 1587 -),

76 1603 227 1660 daho
261 1603 448 1660 claves
483 1603 660 1679 requi
698 1602 1013 1674 coelorum,
1054 1611 1128 1659 ut
1169 1611 1224 1658 et
1255 1602 1442 1660 solvas
1477 1613 1532 1659 et
1561 1604 1719 1681 liges·
1764 1604 1894 1661 Hoc
1919 1603 2204 1662 Novatia-

74 1718 189 1756 nus
223 1717 343 1754 non
386 1696 668 1767 audivit,
702 1696 806 1753 sed
833 1696 1110 1768 Ecclesia
1152 1697 1568 1763 Deiaudivit‚·
1593 1698 1721 1754 ideo
1747 1698 1844 1755 ille
1876 1702 1944 1754 in
1982 1699 2164 1776 lapsu
2178 1741 2199 1769 ,

71 1813 177 1850 2103
213 1796 283 1849 in
325 1793 668 1849 remissione
699 1815 724 1863 ‚-
768 1792 867 1848 ille
918 1796 988 1849 in
1022 1794 1495 1870 impoenitentia,
1525 1812 1630 1849 nos
1665 1796 1734 1850 in
1755 1796 1982 1870 qratia.
2035 1793 2208 1871 Quod

70 1887 249 1945 Petro
295 1887 529 1944 dicitur
541 1928 561 1955 ,
623 1887 915 1964 Apostolis
949 1886 1197 1944 dicitur.
1243 1885 1385 1944 Non
1414 1896 1755 1964 potestatem
1793 1906 2163 1963 usurpamus
2182 1931 2198 1960 ‚

70 1982 173 2040 sed
219 1986 514 2040 servimus
555 1983 812 2060 imperio
853 1980 962 2061 (2).
1020 1980 1236 2038 Eadem
1282 1979 1462 2038 habet
1500 1981 1556 2038 S.
1591 1980 1865 2038 Pacianus
1908 1981 1970 2037 in
2017 1979 2200 2038 tribus

72 2075 146 2133 ad
175 2076 666 2156 Sympronianum
692 2074 950 2156 epistolis
970 2073 1088 2153 (3);
1125 2074 1228 2134 sed
1252 2075 1538 2156 praecipue
1564 2076 1620 2132 S.
1644 2074 1992 2152 Augustinus
2009 2119 2025 2148 ,
2051 2075 2149 2155 qui
2180 2119 2196 2147 ,

71 2173 251 2230 Petro
262 2215 284 2242 ,
310 2171 533 2252 inquit,
563 2176 631 2229 in
659 2173 869 2229 multis
895 2176 1029 2229 locis
1053 2172 1520 2250 Scripturarum
1556 2169 1839 2249 apparet,
1880 2170 2043 2248 quod
2055 2191 2200 2248 per-

72 2288 282 2325 sonam
310 2277 487 2346 gestet
534 2267 849 2340 Ecclesiae,
900 2271 1164 2324 maxime
1205 2267 1306 2324 illo
1355 2270 1424 2324 in
1458 2267 1607 2336 loce,
1653 2258 1770 2323 uhi
1805 2265 2039 2323 dictum
2081 2255 2164 2322 est¹
2184 2290 2202 2322 .·

85 2361 231 2421 Tibi
253 2363 407 2420 dabo
441 2364 629 2420 claves
656 2364 829 2441 requi
867 2362 1218 2419 coelorum...
1258 2359 1582 2438 Numquid
1604 2363 1750 2417 istas
1774 2361 1962 2417 claves
1984 2360 2202 2417 Petrus

74 2461 332 2535 accepit,
378 2467 432 2514 et
480 2457 716 2515 Paulus
760 2476 877 2514 non
911 2453 1181 2533 accepit?
1213 2455 1435 2532 Petrus
1474 2458 1729 2532 accepit,
1769 2464 1821 2512 et
1857 2454 2121 2513 Ioannes
2149 2464 2205 2511 ec

73 2553 340 2612 Jaoolms
365 2572 486 2610 non
524 2555 780 2629 accepit,
819 2561 874 2608 et
902 2554 1104 2608 coeteri
1126 2547 1427 2627 Apostoli?
1467 2549 1595 2607 Aut
1632 2568 1753 2606 non
1791 2558 1936 2606 sunt
1960 2551 2087 2606 istae
2131 2550 2200 2605 in

145 2799 216 2865 (l)
254 2798 345 2846 Seu
368 2835 381 2858 ‚
408 2807 460 2845 ut
487 2797 626 2846 modo
653 2796 1059 2845 animadvertimus
1079 2832 1093 2856 ,

81 2881 229 2930 Patres
269 2898 322 2928 eo
351 2897 485 2927 sensu
505 2879 789 2938 docuerunt,
824 2878 970 2926 claves
1002 2894 1098 2924 non

80 2966 162 3012 uni
202 2962 332 3010 Petro
367 2961 493 3009 datas
527 2978 655 3019 esse,
686 2961 829 3007 sedin
856 2961 954 3024 ipso
987 2961 1094 3006 uni-

83 3061 223 3093 versae
265 3043 482 3091 Ecclesiae
503 3027 528 3101 ‚³
566 3052 794 3108 quatenus
823 3058 983 3089 earum
1017 3056 1099 3103 po·

86 3132 245 3185 testas,
284 3128 511 3174 moriente
549 3124 710 3182 Petro,
745 3141 842 3170 non
879 3122 1016 3170 fuerit
1051 3124 1101 3169 in

89 3204 291 3255 Ecclesia
320 3217 398 3255 aut
428 3205 604 3255 sublata
629 3215 708 3254 aut
740 3221 959 3270 suspensa
982 3239 994 3265 ,
1022 3204 1101 3252 sed

87 3288 255 3352 jugiter
295 3290 346 3336 iu
380 3306 432 3336 ea
477 3289 862 3353 perseveraverit3
898 3289 1005 3351 quia
1052 3286 1103 3332 in

91 3367 296 3433 ejusdem
334 3368 510 3418 bonum
553 3380 692 3435 atque
735 3368 1102 3416 emolumentum

93 3448 289 3496 clavium
325 3458 588 3514 potestatem
623 3451 753 3499 Petro
793 3452 891 3516 ejus
925 3449 1105 3513 primati

93 3528 302 3578 Christus
337 3532 549 3580 contulit.
593 3531 751 3580 Petrus
789 3541 1023 3597 propterea
1058 3533 1107 3577 in

95 3611 303 3659 clavibus
349 3612 622 3676 accipiendis
654 3612 1000 3678 repraesentabat
1022 3610 1112 3659 Ec-

99 3691 279 3742 clesiam
322 3694 555 3760 quomodo
585 3705 709 3758 pater
743 3704 942 3759 posteros
963 3730 976 3754 ‚
1016 3693 1118 3741 fons

1185 2796 1305 2843 rivos
1322 2830 1336 2855 ‚
1356 2794 1485 2842 radix
1517 2810 1686 2843 ramos.

1254 2877 1323 2942 (2)
1359 2876 1600 2925 Enarrat.
1620 2878 1676 2924 in
1692 2878 1783 2924 Ps.
1808 2890 1978 2924 xxxvm
1999 2912 2012 2934 ‚
2038 2893 2090 2924 n.
2116 2875 2200 2939 37.

1254 2957 1321 3023 (3)
1355 2955 1696 3023 Argumentum
1727 2961 1865 3004 trium
1900 2957 2069 3004 harum
2107 2958 2203 3020 epi-

1183 3041 1402 3088 stolarum
1419 3049 1487 3088 est
1502 3039 1754 3099 ostendere,
1764 3050 2030 3104 potestatem
2043 3039 2202 3086 dimit-

1186 3122 1312 3169 tendi
1340 3132 1522 3186 peccata
1546 3122 1702 3169 datam
1726 3121 1865 3169 fuisse
1903 3120 2032 3169 Petro
2064 3130 2110 3168 et
2133 3136 2207 3168 ce-

1187 3207 1292 3253 teris
1319 3201 1551 3269 Apostolis
1568 3242 1580 3263 ‚
1622 3214 1674 3251 ut
1692 3206 1903 3251 transiret
1917 3203 1977 3250 ad
2000 3205 2205 3268 ipsorum

1187 3289 1492 3344 successores,
1540 3285 1599 3332 ad
1646 3302 1697 3333 ea
1739 3285 1949 3334 Ecclesiae
2001 3282 2207 3332 membra

1189 3368 1497 3425 vivificanda,
1550 3382 1653 3431 quae
1693 3384 1771 3431 per
1814 3377 2052 3430 peccatum
2102 3372 2207 3427 post

1190 3449 1420 3514 Baptisma
1454 3458 1680 3512 patratum
1715 3449 1954 3496 demortua
1975 3447 2197 3498 fuissent,

1194 3547 1324 3580 secus
1371 3548 1422 3578 ac
1463 3530 1803 3578 contendebant
1847 3528 2118 3587 Novatiani‚
2151 3523 2210 3573 dc

1198 3630 1398 3679 quorum
1432 3629 1561 3677 grege
1595 3623 1685 3660 erat
1714 3609 2098 3678 Sympronianuem
