2514 4218
373 186 534 228 mar.
581 188 621 225 1.
670 185 825 224 szc'r.
871 186 936 222 11.
983 182 1104 224 car.
1154 181 1233 220 ιιι.
1281 181 1352 220 nn
1394 182 1525 221 mr.
1574 182 1640 218 nr
1683 180 1803 218 wa.
1849 179 2003 220 ram.
2116 156 2240 217 439

137 343 292 393 creta
322 329 781 390 Constantientia
804 338 862 387 et
885 326 1248 388 Basileensia.
1285 323 1663 385 Dissimulant
1685 323 1923 383 interim
1945 322 2074 398 isti,
2098 320 2238 380 bina

135 428 234 486 illa
269 424 504 485 concilia
546 434 684 482 tunc
717 422 993 505 temporis
1034 442 1154 479 non
1191 419 1363 479 fuisse
1400 417 1790 491 oecumenica3
1824 437 2129 498 nunquam
2168 415 2242 475 de

134 530 331 603 aperta
372 530 432 578 et
475 539 743 599 expressa
796 515 1215 599 approbatione
1269 513 1502 573 illorum
1548 512 1915 573 decretorum
1957 532 2025 570 ex
2074 522 2244 593 parte

131 613 453 697 apostolicae
485 613 644 672 Sedis
671 612 1036 683 constitisse3
1075 609 1303 668 decreta
1339 607 1435 667 illa
1478 629 1599 666 non
1636 627 1760 667 esse
1801 604 2067 664 absoluta
2090 648 2108 679 ,
2139 604 2242 664 sed

131 709 406 769 coarctari
446 707 520 766 ad
560 729 755 766 casum
778 705 851 765 de
896 704 1170 764 Pontifice
1191 702 1371 761 dubio
1400 747 1416 776 7
1454 723 1519 761 ac
1554 702 1628 760 de
1656 713 1919 783 tempore
1955 698 2243 758 schisma-

131 804 203 861 tis
234 803 360 883 (l);
390 824 535 861 rom.
581 802 883 861 Pontifices
922 785 1142 881 saepius'
1164 796 1370 883 iisdem
1409 798 1722 877 refragatos
1760 818 1881 856 esse
1922 796 2040 874 (2);
2069 795 2246 853 innu-

130 919 320 958 meros
363 917 546 978 prope
595 895 901 974 theologos
942 893 1295 952 contrariam
1360 890 1684 950 doctrinam
1724 891 1874 951 tueri
1921 890 2030 971 (3).
2083 893 2244 950 Atta—

129 1015 265 1053 men
293 993 340 1051 si
363 991 674 1050 nonnullos
700 1013 769 1050 ex
807 989 930 1048 istis
966 987 1272 1048 neotericis
1316 985 1513 1046 audias
1535 1032 1552 1060 .,
1586 985 1736 1046 elato
1765 985 2071 1068 supercilio
2090 1030 2107 1061 .,
2139 1006 2244 1067 per

127 1085 266 1146 inde
303 1109 367 1147 ac
406 1088 453 1145 si
504 1087 614 1168 ipsi
652 1084 756 1145 soli
807 1094 1114 1164 saperent,
1168 1094 1387 1141 ceteros
1431 1103 1635 1141 omnes
1678 1080 1858 1142 veluti
1901 1081 2245 1140 Pontificum

129 1193 515 1242 assentatores
539 1178 863 1261 despiciunt
889 1222 905 1251 .,
947 1189 1122 1259 atque
1149 1177 1500 1236 sententiam
1539 1187 1627 1235 tot
1670 1176 2032 1257 antiquitatis
2066 1175 2245 1236 docu-

129 1276 343 1335 mentis
376 1275 580 1335 fultam
604 1318 621 1348 ,
661 1271 874 1333 divinae
919 1270 1144 1331 Ecclsiae
1189 1293 1220 1329 a
1259 1270 1492 1338 Christo
1547 1270 1806 1330 fundatae
1842 1269 2243 1329 constitutioni

130 1371 392 1429 innixam
411 1415 427 1443 7
458 1379 545 1428 tot
570 1366 967 1432 Conciliorum
1004 1365 1495 1426 oecumenicorum
1523 1366 1739 1446 apertis
1776 1364 2020 1423 decretis
2045 1365 2245 1423 firma-

127 1476 251 1524 tam
279 1510 295 1540 .,
328 1487 358 1534 a
384 1460 704 1522 sanioribus
734 1460 1062 1521 doctoribus
1089 1459 1360 1519 traditam
1388 1470 1446 1519 et
1471 1459 1534 1518 in
1564 1458 1807 1519 Ecclesia
1843 1479 2242 1532 communem,

133 1560 310 1622 veluti
355 1556 681 1616 inauditum
726 1555 1086 1638 paradoxum
1126 1554 1469 1631 traducunt,
1512 1565 1579 1612 ut
1616 1551 1927 1636 reprobata
1965 1566 2067 1610 sua
2104 1553 2250 1611 Con-

130 1656 467 1715 stantiensia
505 1665 563 1712 et
599 1653 939 1713 Basileensia
969 1651 1200 1711 decreta
1222 1662 1455 1710 tantum
1480 1649 1818 1710 obtrudant.
1852 1648 2006 1708 Adeo
2031 1670 2243 1709 verum

126 1762 215 1809 est
240 1794 256 1817 ,
287 1749 576 1831 potiorem
607 1758 834 1830 partem
871 1748 933 1805 in
958 1747 1027 1805 iis
1055 1792 1070 1819 ,
1095 1768 1224 1828 quae
1247 1746 1489 1806 minime
1512 1744 1772 1805 arrident
1793 1790 1810 1818 a
1838 1744 1961 1803 sibi
1986 1743 2250 1805 volunta·

127 1855 245 1904 tem
279 1844 460 1924 magis
505 1864 683 1924 quem
712 1840 1078 1902 intellectum
1104 1838 1433 1902 vindicare!

934 2018 1420 2061 DIFFICULTATES.

207 2146 345 2205 632.-
388 2145 517 2224 Obj.
555 2147 760 2229 prima.
792 2148 1085 2230 Scriptura
1117 2159 1316 2231 aperte
1356 2147 1661 2207 sententiae
1697 2145 1773 2205 de
1816 2143 2255 2228 praeeminentia

125 2241 366 2302 Concilii
387 2263 557 2323 supra
581 2242 919 2302 Pontificem
941 2242 1319 2324 suffragatum
1343 2264 1482 2301 nam
1499 2242 1786 2315 ChristuS,
1808 2240 2018 2300 Matth.
2032 2241 2249 2313 XVIII,

130 2336 205 2393 15
232 2347 292 2395 et
326 2357 491 2418 seqq.
529 2337 610 2396 ait
638 2359 652 2394 ε
694 2338 769 2396 Si
782 2342 1122 2416 peccaverit
1150 2343 1219 2396 in
1243 2348 1294 2395 te
1323 2341 1522 2416 frater
1552 2347 1768 2394 tuna...
1803 2337 1902 2393 dic
1929 2335 2250 2402 Ecclesioe,·

125 2435 182 2490 si
213 2441 412 2489 autem
441 2432 770 2491 Ecclesiam
803 2453 925 2491 non
957 2433 1258 2507 audierit,
1289 2437 1370 2490 sit
1411 2432 1530 2489 tihi
1551 2434 1710 2489 sicut
1743 2430 2015 2488 ethnicus
2042 2439 2099 2487 et
2120 2448 2248 2508 pu-

127 2527 422 2585 blicanus.
452 2527 585 2584 Jam
609 2548 745 2585 vero
775 2527 978 2585 Petrus
1003 2530 1240 2608 ejusque
1272 2547 1561 2585 successor
1584 2528 1785 2603 frater
1811 2535 1899 2583 est
1931 2569 1946 2597 7
1976 2523 2076 2605 qui
2106 2541 2245 2605 pec-

130 2642 258 2679 care
284 2631 516 2701 potest13
559 2642 692 2701 ergo
725 2642 804 2703 px
839 2620 1054 2680 Christi
1095 2620 1218 2700 lege
1242 2633 1302 2680 et
1332 2622 1454 2703 ipse
1493 2618 1567 2678 ad
1602 2617 1915 2678 Ecclesiam
1941 2617 2155 2677 saltem
2175 2615 2241 2674 in

132 2715 384 2773 Concilio
426 2727 828 2796 congregatam
867 2715 1081 2775 deferri
1122 2727 1350 2797 potest,
1397 2714 1470 2774 ab
1507 2734 1695 2795 eoque
1745 2724 2028 2793 tanquam
2071 2732 2105 2769 a
2147 2731 2249 2769 su-

131 2831 334 2891 premo
377 2809 654 2868 tribunali
698 2811 897 2892 puniri
936 2810 1045 2889 (4).
1098 2812 1167 2868 20
1224 2812 1302 2869 Eo
1361 2808 1453 2869 vel
1503 2809 1681 2887 magis
1722 2806 1879 2889 quod
1924 2803 2253 2887 promiserit

200 3001 265 3063 (l)
301 3001 399 3049 cfr.
418 3000 682 3049 Petitdidier
702 3000 798 3050 loc.
820 3002 904 3052 cit.
922 3018 1027 3066 pag.
1053 3000 1148 3066 347
1234 2999 1434 3049 affirmat
1468 3007 1708 3047 auctorum
1739 3012 1937 3045 numero
1967 3004 2013 3044 et
2040 2995 2260 3058 gravitate

135 3090 180 3129 et
205 3099 334 3148 seqq.
359 3093 404 3131 et
428 3081 647 3132 Ballerin.
670 3099 745 3148 op.
772 3084 857 3153 cit.
876 3080 959 3129 De
979 3089 1150 3148 potest.
1236 3082 1443 3146 gloriari,
1465 3090 1518 3130 ut
1549 3087 1672 3128 totus
1702 3077 1832 3127 orbis
1848 3114 1863 3138 ,
1896 3078 2103 3144 exceptis
2126 3090 2256 3142 pau-

135 3160 292 3210 eccles.
327 3180 433 3229 cap.
475 3180 501 3230 7
523 3201 535 3223 ‚
581 3181 765 3213 necnon
794 3162 1075 3228 Roncaglia,
1105 3164 1156 3210 in
1236 3161 1358 3211 culis
1372 3161 1668 3222 doctoribus,
1685 3177 1787 3209 eam
1806 3158 2136 3226 amplectatur.
2154 3156 2254 3205 Cfr.

140 3243 410 3295 Animadv.
430 3247 487 3294 ἐπ
507 3246 692 3299 decreta
709 3264 816 3297 sess.
839 3262 888 3294 ιν
904 3255 990 3294 etv
1006 3245 1155 3294 Conc.
1237 3242 1450 3293 Zaccaria
1469 3280 1483 3304 ,
1518 3246 1569 3290 in
1601 3239 1943 3307 Antifebronio
1976 3239 2219 3289 vindicato
2235 3272 2251 3298 ,

140 3323 531 3392 Constantiensis,
561 3329 620 3376 ad
654 3327 822 3377 calcem
850 3329 930 3376 cit.
971 3326 1078 3376 diss.
1100 3343 1148 3374 lv
1231 3335 1343 3373 tom.
1370 3341 1405 3373 ιι
1424 3362 1438 3383 ,
1464 3325 1570 3372 diss.
1598 3337 1644 3372 lv
1661 3359 1676 3385 ,
1703 3341 1804 3389 cap.
1836 3321 1866 3371 5
1886 3360 1900 3384 ‚
1934 3320 1962 3388 ᾗ
1992 3321 2040 3370 3.

144 3404 254 3454 Nat.
289 3403 420 3455 Alex.
447 3404 474 3472 §
509 3423 526 3455 1
558 3419 601 3457 et
630 3409 681 3459 3.
1301 3405 1368 3471 (h)
1407 3406 1474 3454 lta
1502 3405 1785 3466 Gemonias,
1814 3405 2080 3463 Almainus‚
2107 3398 2243 3448 Card.

170 3490 173 3492 ’
212 3486 276 3550 (2)
316 3486 416 3537 cfr.
442 3487 718 3555 Roncaglia‚
752 3490 869 3540 ibid.
899 3488 1002 3557 §5.
1238 3489 1535 3550 Alliacensis,
1583 3487 1758 3537 Natalis
1796 3485 2042 3536 Alexandr.
2077 3483 2249 3548 aliique

206 3567 280 3630 (3)
316 3568 527 3635 Loquens
562 3582 794 3636 propterea
822 3571 1063 3621 Duv'allius
1097 3571 1155 3620 de
1237 3572 1425 3635 passim.
1469 3569 1539 3619 De
1574 3568 1780 3618 Gersonii
1818 3568 2027 3618 doctrina
2061 3580 2114 3612 ac
2141 3562 2250 3611 fidei

145 3653 367 3700 sententia
382 3687 398 3714 ,
426 3670 563 3719 quam
598 3652 916 3713 vindicamus,
951 3654 1034 3704 tali
1057 3671 1157 3704 eam
1240 3654 1438 3718 puritate
1460 3653 1545 3702 cfr.
1563 3651 1859 3712 Petitdidier‚
1877 3667 1956 3715 op.
1971 3649 2051 3698 cit.
2067 3663 2170 3712 cap.
2195 3660 2213 3693 1
2231 3679 2247 3705 ‚
