2514 4218
508 214 667 251 um.
715 213 756 248 1.
813 209 967 248 suffr.
1016 207 1082 245 11.
1129 205 1255 245 ear.
1302 207 1382 244 ιν.
1432 206 1499 242 nu
1541 204 1718 243 norm.
1769 182 1927 242 ram.
2139 184 2257 244 525

141 360 368 420 adnexa
406 353 685 437 primatui
721 351 879 411 Petri
919 371 984 410 ac
1023 369 1413 409 successorum
1458 353 1610 426 ejus,
1650 369 1846 417 conc.,·
1883 369 2082 423 seem,
2107 371 2252 431 neq.

142 459 276 515 Jam
324 473 462 514 vero
507 449 640 508 ideo
676 470 709 506 a
740 447 969 507 Christo
1008 449 1212 506 Petrus
1253 466 1318 504 ac
1358 465 1711 504 successores
1758 449 1880 522 ejus
1920 444 1982 503 in
2030 443 2257 505 honum

140 547 403 608 Ecclesiae
436 541 846 603 infallibilitate
873 540 1101 623 praediti
1135 550 1308 614 sunt,
1342 539 1475 620 quia
1509 539 1831 621 primatum
1861 539 1942 611 eis
1978 539 2253 600 contulit.

141 645 288 701 Cum
317 651 515 699 autem
539 638 824 720 primatus
853 633 1173 718 personalis
1203 634 1277 692 sit
1297 679 1312 704 ,
1347 635 1718 715 consequitur
1736 678 1752 707 .,
1797 655 1919 692 non
1956 632 2030 692 ab
2056 634 2257 695 Eccle-

139 736 222 794 sia
268 756 510 794 romana
554 732 810 814 pendere
858 730 1206 790 Pontificum
1253 729 1670 802 inerrantiam3
1714 728 1818 788 sed
1862 750 1894 788 e
1936 749 2252 806 converSO.‚

140 831 336 891 omnia
366 829 664 913 privilegia
686 874 701 903 7
731 826 939 909 quibus
976 825 1189 885 fruitur
1211 826 1472 883 Romana
1497 824 1704 900 SedeS,
1741 847 1774 883 a
1814 825 1986 883 Petro
2013 828 2259 907 ‘ejusque

140 924 557 986 successoribus
590 925 651 982 in
693 944 820 983 eam
857 921 1178 980 dimanare.
1224 920 1336 980 Per
1377 920 1533 1002 ipsos
1566 919 1835 979 fidelibus
1867 921 2073 1002 patefit
2113 942 2254 982 vera

140 1021 400 1082 Ecclesiae
438 1041 702 1079 romanae·
734 1016 1001 1088 traditi03
1041 1034 1151 1073 nec
1187 1013 1305 1073 ulla
1330 1004 1447 1074 nos
1483 1018 1794 1075 necessitas
1843 1027 2012 1095 urget
2051 1015 2257 1097 inqui-

142 1115 314 1175 rendi
349 1115 412 1173 in
453 1114 649 1174 media
674 1159 690 1189 ,
740 1110 948 1194 quibus
992 1130 1125 1168 usus
1172 1109 1245 1167 sit
1287 1121 1387 1168 aut
1419 1111 1510 1168 uti
1541 1109 1752 1170 debeat
1787 1132 1938 1168 rom.
1990 1111 2262 1172 Pontifex

141 1210 217 1269 ad
238 1209 526 1271 solemnes
556 1230 687 1268 suas
715 1204 1064 1289 dogmaticas
1090 1203 1461 1265 definitiones
1483 1204 1770 1281 edendas3
1812 1204 2071 1287 alioquin
2092 1226 2257 1267 sem-

139 1328 244 1388 per
284 1305 439 1366 eludi
474 1315 725 1388 possent.
960 1327 965 1353 x

923 1495 1334 1550 PROPOSITIO
1372 1496 1472 1549 111.

141 1670 421 1749 Idz'psum
455 1669 848 1748 confirmatur
880 1688 953 1726 ea·
980 1671 1143 1746 facto
1180 1671 1310 1748 ipso
1341 1688 1497 1726 rom.
1538 1668 1900 1746 Pontificum
1923 1712 1940 1734 ,
1990 1689 2252 1748 quorum

218 1768 519 1824 neminem
554 1769 624 1823 in
659 1765 1008 1844 doqmaticis
1046 1764 1289 1822 decretis
1327 1784 1554 1823 errasse
1587 1764 1816 1822 ostendi
1841 1774 2042 1842 potest.

220 1980 361 2040 776.
381 1983 695 2062 Perperam
708 1979 988 2040 hactenus
1005 1979 1409 2042 adlaboratum
1426 2002 1458 2040 a
1472 1979 1643 2040 nobis
1658 1990 1805 2041 esset·
1818 1981 1880 2040 in
1893 1981 2247 2043 adstruenda

135 2099 284 2136 rom.
323 2077 615 2135 Pontificis
639 2074 1083 2152 infallibilitate,
1125 2076 1268 2135 dum
1296 2075 1600 2158 quidpiam
1625 2076 1700 2136 de
1738 2076 1853 2137 fide
1879 2098 2006 2138 esse
2052 2098 2125 2137 ex
2149 2099 2251 2139 ca-

134 2172 341 2231 thedra
379 2171 639 2231 decernit
659 2216 676 2245 ,
716 2171 828 2230 nisi
851 2171 1023 2230 simul
1051 2171 1496 2232 ostenderemus
1521 2172 1674 2232 facto
1696 2173 1821 2254 ipso
1849 2183 2137 2255 perpetuo
2185 2186 2246 2234 et

135 2269 461 2340 constanti,
513 2287 819 2348 nunquam
854 2288 1003 2325 rom.
1037 2268 1318 2327 Praesules
1354 2271 1417 2326 in
1452 2268 1567 2326 suis
1602 2266 1938 2347 dogmaticis
1976 2268 2250 2328 constitu-

135 2360 390 2420 tionibus
415 2362 477 2419 in
501 2382 758 2421 errorem
780 2372 981 2420 contra
1012 2363 1191 2422 fidem
1214 2363 1464 2445 dilapsos
1491 2383 1631 2423 esse.
1652 2363 1709 2422 Si
1732 2362 1892 2423 enim
1915 2361 2011 2423 vel
2042 2363 2250 2423 unicus

134 2455 416 2535 ejusmodi
443 2477 603 2515 error
631 2455 1169 2539 deprehenderetur
1187 2503 1204 2533 ,
1239 2469 1547 2540 appareret
1567 2502 1582 2532 ‚
1605 2478 1808 2517 omnes
1824 2456 2102 2522 adductas
2117 2480 2252 2540 pro-

134 2551 397 2612 bationes
432 2553 495 2611 in
523 2552 777 2612 nihilum
807 2553 1107 2614 redactum
1130 2554 1222 2613 iri.
1257 2555 1385 2613 Huc
1412 2565 1723 2636 propterea
1759 2553 2003 2613 demum
2037 2552 2249 2614 debui-

135 2671 265 2709 mus
309 2643 573 2708 animum
625 2662 894 2710 nostrum
945 2649 1239 2733 appellere
1282 2696 1298 2726 ,
1343 2661 1409 2709 ut
1483 2651 1885 2712 evinceremus
1946 2651 2244 2712 verissime

135 2744 428 2825 scripsisse
475 2746 533 2803 S.
585 2745 947 2826 Agathonem
1008 2747 1352 2806 Pontificem
1406 2768 1420 2805 τ
1472 2747 1632 2824 Ejus
1672 2768 1817 2805 vera
1869 2750 2154 2825 confessio
2207 2769 2249 2806 a

131 2827 320 2897 Potre
354 2841 424 2898 de
462 2842 621 2899 coelis
656 2851 740 2899 est
767 2843 1052 2910 revelata,
1070 2862 1190 2921 pro
1216 2863 1339 2920 qua
1370 2864 1410 2901 a
1433 2844 1692 2902 Domino
1724 2847 1998 2902 omnium
2040 2843 2248 2902 heatus

131 2955 251 2993 esse
276 2940 716 3014 pronuntiatus
744 2946 827 2994 est
847 2937 1104 3005 Petru3‚·
1149 2941 1264 3015 qui
1295 2947 1352 2994 et
1381 2938 1682 3016 spiritales
1707 2957 1833 2995 oves
1860 2937 2144 2996 Ecclesz'oe
2166 2938 2246 2996 ab

132 3033 260 3107 ‘apso
295 3031 683 3109 Redemptore
715 3034 991 3090 omnium
1022 3042 1195 3090 terna
1229 3033 1735 3090 commendatione
1753 3033 2092 3111 pascendas
2119 3053 2247 3091 sus-

132 3129 287 3205 cepit
318 3148 338 3195 ‚·
387 3132 565 3206 cujus
607 3130 909 3186 annitente
940 3128 1230 3206 prcesidio
1286 3128 1409 3187 lzoec
1445 3129 1768 3207 apostolica
1810 3132 1939 3206 ejus
1973 3129 2245 3189 Ecclesia

133 3241 454 3298 nunquam
479 3245 518 3280 a
557 3226 656 3282 via
685 3225 953 3280 veritatis
984 3227 1053 3280 in
1081 3207 1347 3302 qualibet
1378 3226 1605 3282 erroris
1631 3233 1808 3302 parte
1856 3223 2080 3300 deflexa
2114 3234 2198 3282 est
2221 3242 2242 3290 ;

132 3319 307 3392 eujus
355 3321 770 3398 auctoritatem
789 3361 811 3390 ,
862 3328 1052 3397 utpote
1093 3319 1508 3399 Apostolorum
1557 3324 1830 3378 omnium
1878 3319 2199 3398 Principis
2217 3361 2243 3390 ,

132 3431 362 3490 semper
395 3417 590 3470 omnis
632 3414 922 3473 catholica
963 3413 1195 3474 Christi
1225 3415 1495 3474 Ecclesia
1535 3424 1590 3472 et
1619 3416 1984 3480 universales·
2013 3413 2250 3493 Synodi

134 3507 418 3584 amplexae
438 3506 551 3587 (1).
577 3507 745 3581 Quod
773 3530 910 3570 vero
950 3531 1267 3590 'nunquam
1299 3509 1515 3568 factum
1544 3530 1667 3569 esse
1697 3531 1877 3592 usque
1908 3508 1984 3568 ad
2009 3518 2243 3568 aetatem

203 3695 268 3759 (1)
285 3695 344 3745 In
359 3695 409 3745 E
401 3699 521 3764 pist.
536 3697 600 3746 ad
612 3699 744 3766 Imp.
765 3697 1013 3751 Constant.
1029 3703 1154 3768 apud
1224 3701 1455 3753 Harduin.
1474 3699 1601 3751 Acta
1620 3700 1773 3751 Cone.
1808 3709 1842 3748 t.
1876 3713 1955 3758 111,
1979 3696 2072 3746 col.
2098 3707 2219 3759 1079
