<?xml version="1.0" encoding="UTF-8"?>
<!DOCTYPE html PUBLIC "-//W3C//DTD XHTML 1.0 Transitional//EN"
    "http://www.w3.org/TR/xhtml1/DTD/xhtml1-transitional.dtd">
<html xmlns="http://www.w3.org/1999/xhtml" xml:lang="en" lang="en">
 <head>
  <title>
</title>
<meta http-equiv="Content-Type" content="text/html;charset=utf-8" />
  <meta name='ocr-system' content='tesseract 3.04.00' />
  <meta name='ocr-capabilities' content='ocr_page ocr_carea ocr_par ocr_line ocrx_word'/>
</head>
<body>
  <div class='ocr_page' id='page_1' title='image "a603693808perruoft_0487.png"; bbox 0 0 2514 4218; ppageno 0'>
   <div class='ocr_carea' id='block_1_1' title="bbox 374 166 2252 228">
    <p class='ocr_par' dir='ltr' id='par_1_1' title="bbox 374 166 2252 228">
     <span class='ocr_line' id='line_1_1' title="bbox 374 166 2252 228; baseline -0.002 0"><span class='ocrx_word' id='word_1_1' title='bbox 374 188 535 228; x_wconf 76' lang='lat' dir='ltr'>PART.</span> <span class='ocrx_word' id='word_1_2' title='bbox 584 190 623 226; x_wconf 92' lang='lat'>1.</span> <span class='ocrx_word' id='word_1_3' title='bbox 672 186 819 224; x_wconf 70' lang='lat' dir='ltr'>secr.</span> <span class='ocrx_word' id='word_1_4' title='bbox 864 188 930 223; x_wconf 87' lang='lat'>11.</span> <span class='ocrx_word' id='word_1_5' title='bbox 978 187 1100 224; x_wconf 63' lang='lat' dir='ltr'>car.</span> <span class='ocrx_word' id='word_1_6' title='bbox 1140 185 1228 224; x_wconf 86' lang='lat'>111.</span> <span class='ocrx_word' id='word_1_7' title='bbox 1277 187 1346 225; x_wconf 71' lang='lat' dir='ltr'>na·</span> <span class='ocrx_word' id='word_1_8' title='bbox 1387 188 1519 224; x_wconf 71' lang='lat' dir='ltr'>lu&#39;r.</span> <span class='ocrx_word' id='word_1_9' title='bbox 1560 188 1626 224; x_wconf 77' lang='lat' dir='ltr'>m·</span> <span class='ocrx_word' id='word_1_10' title='bbox 1670 187 1790 226; x_wconf 77' lang='lat' dir='ltr'>sun.</span> <span class='ocrx_word' id='word_1_11' title='bbox 1839 187 1994 226; x_wconf 74' lang='lat' dir='ltr'>Pam.</span> <span class='ocrx_word' id='word_1_12' title='bbox 2130 166 2252 225; x_wconf 79' lang='lat'>475</span> 
     </span>
    </p>
   </div>
   <div class='ocr_carea' id='block_1_2' title="bbox 137 328 2321 3370">
    <p class='ocr_par' dir='ltr' id='par_1_2' title="bbox 137 328 2251 488">
     <span class='ocr_line' id='line_1_2' title="bbox 137 328 2251 411; baseline -0.002 -18"><span class='ocrx_word' id='word_1_13' title='bbox 137 333 286 393; x_wconf 88' lang='lat' dir='ltr'>verit</span> <span class='ocrx_word' id='word_1_14' title='bbox 309 354 404 392; x_wconf 90' lang='lat' dir='ltr'>eos</span> <span class='ocrx_word' id='word_1_15' title='bbox 421 350 644 404; x_wconf 63' lang='lat' dir='ltr'>omnes,</span> <span class='ocrx_word' id='word_1_16' title='bbox 677 329 777 411; x_wconf 89' lang='lat' dir='ltr'>qui</span> <span class='ocrx_word' id='word_1_17' title='bbox 802 328 1162 389; x_wconf 86' lang='lat' dir='ltr'>solemnibus</span> <span class='ocrx_word' id='word_1_18' title='bbox 1186 329 1522 410; x_wconf 83' lang='lat' dir='ltr'><strong>dogmaticis</strong></span> <span class='ocrx_word' id='word_1_19' title='bbox 1542 329 1827 408; x_wconf 90' lang='lat' dir='ltr'>ejusmodi</span> <span class='ocrx_word' id='word_1_20' title='bbox 1855 330 2251 390; x_wconf 87' lang='lat' dir='ltr'>Conciliorum</span> 
     </span>
     <span class='ocr_line' id='line_1_3' title="bbox 137 410 1306 488; baseline -0.004 0"><span class='ocrx_word' id='word_1_21' title='bbox 137 426 569 488; x_wconf 85' lang='lat' dir='ltr'>definitionibus</span> <span class='ocrx_word' id='word_1_22' title='bbox 603 410 879 484; x_wconf 87' lang='lat' dir='ltr'>obsistere</span> <span class='ocrx_word' id='word_1_23' title='bbox 913 425 1037 484; x_wconf 90' lang='lat' dir='ltr'>ausi</span> <span class='ocrx_word' id='word_1_24' title='bbox 1070 425 1306 485; x_wconf 84' lang='lat' dir='ltr'>fuerint.</span> 
     </span>
    </p>

    <p class='ocr_par' dir='ltr' id='par_1_3' title="bbox 137 518 2268 2223">
     <span class='ocr_line' id='line_1_4' title="bbox 222 518 2251 601; baseline 0 -21"><span class='ocrx_word' id='word_1_25' title='bbox 222 523 360 581; x_wconf 86' lang='lat'><strong>695.</strong></span> <span class='ocrx_word' id='word_1_26' title='bbox 406 520 539 600; x_wconf 86' lang='lat' dir='ltr'><strong>Obj.</strong></span> <span class='ocrx_word' id='word_1_27' title='bbox 579 519 851 579; x_wconf 88' lang='lat' dir='ltr'>secunda.</span> <span class='ocrx_word' id='word_1_28' title='bbox 882 522 955 577; x_wconf 71' lang='grc' dir='ltr'>κ&gt;</span> <span class='ocrx_word' id='word_1_29' title='bbox 971 522 1117 578; x_wconf 93' lang='lat' dir='ltr'>Cum</span> <span class='ocrx_word' id='word_1_30' title='bbox 1141 530 1261 578; x_wconf 91' lang='lat' dir='ltr'>tam</span> <span class='ocrx_word' id='word_1_31' title='bbox 1292 520 1477 579; x_wconf 88' lang='lat' dir='ltr'>multa</span> <span class='ocrx_word' id='word_1_32' title='bbox 1500 520 1647 596; x_wconf 83' lang='lat' dir='ltr'>sint,</span> <span class='ocrx_word' id='word_1_33' title='bbox 1677 538 1804 601; x_wconf 83' lang='lat' dir='ltr'>quae</span> <span class='ocrx_word' id='word_1_34' title='bbox 1826 518 1902 577; x_wconf 90' lang='lat' dir='ltr'>ad</span> <span class='ocrx_word' id='word_1_35' title='bbox 1925 519 2251 581; x_wconf 86' lang='lat' dir='ltr'>Concilium</span> 
     </span>
     <span class='ocr_line' id='line_1_5' title="bbox 137 613 2247 696; baseline -0.001 -20"><span class='ocrx_word' id='word_1_36' title='bbox 137 616 402 696; x_wconf 84' lang='lat' dir='ltr'>generale</span> <span class='ocrx_word' id='word_1_37' title='bbox 435 638 502 675; x_wconf 90' lang='lat' dir='ltr'>ac</span> <span class='ocrx_word' id='word_1_38' title='bbox 533 615 858 695; x_wconf 82' lang='lat' dir='ltr'>legitimum</span> <span class='ocrx_word' id='word_1_39' title='bbox 892 614 1305 695; x_wconf 72' lang='lat' dir='ltr'>requiruntur,</span> <span class='ocrx_word' id='word_1_40' title='bbox 1351 636 1461 674; x_wconf 89' lang='lat' dir='ltr'>nec</span> <span class='ocrx_word' id='word_1_41' title='bbox 1510 613 1675 673; x_wconf 87' lang='lat' dir='ltr'>facile</span> <span class='ocrx_word' id='word_1_42' title='bbox 1714 625 1982 673; x_wconf 84' lang='lat' dir='ltr'><strong>constare</strong></span> <span class='ocrx_word' id='word_1_43' title='bbox 2021 616 2207 695; x_wconf 87' lang='lat' dir='ltr'>possit</span> <span class='ocrx_word' id='word_1_44' title='bbox 2229 661 2247 691; x_wconf 71' lang='grc'><em>,</em></span> 
     </span>
     <span class='ocr_line' id='line_1_6' title="bbox 139 708 2251 783; baseline -0 -13"><span class='ocrx_word' id='word_1_45' title='bbox 139 734 215 770; x_wconf 90' lang='lat' dir='ltr'>an</span> <span class='ocrx_word' id='word_1_46' title='bbox 251 733 316 770; x_wconf 89' lang='lat' dir='ltr'>ea</span> <span class='ocrx_word' id='word_1_47' title='bbox 355 711 529 770; x_wconf 90' lang='lat' dir='ltr'>simul</span> <span class='ocrx_word' id='word_1_48' title='bbox 561 711 754 769; x_wconf 90' lang='lat' dir='ltr'>omnia</span> <span class='ocrx_word' id='word_1_49' title='bbox 790 711 851 768; x_wconf 93' lang='lat' dir='ltr'>in</span> <span class='ocrx_word' id='word_1_50' title='bbox 890 708 1142 769; x_wconf 87' lang='lat' dir='ltr'>Concilio</span> <span class='ocrx_word' id='word_1_51' title='bbox 1164 753 1180 783; x_wconf 73' lang='grc'><em>,</em></span> <span class='ocrx_word' id='word_1_52' title='bbox 1225 708 1371 767; x_wconf 91' lang='lat' dir='ltr'>dum</span> <span class='ocrx_word' id='word_1_53' title='bbox 1392 720 1776 769; x_wconf 87' lang='lat' dir='ltr'>convocatum</span> <span class='ocrx_word' id='word_1_54' title='bbox 1799 730 1865 767; x_wconf 91' lang='lat' dir='ltr'>ac</span> <span class='ocrx_word' id='word_1_55' title='bbox 1890 708 2251 769; x_wconf 89' lang='lat' dir='ltr'>celebratum</span> 
     </span>
     <span class='ocr_line' id='line_1_7' title="bbox 141 803 2257 886; baseline 0 -21"><span class='ocrx_word' id='word_1_56' title='bbox 141 818 228 866; x_wconf 88' lang='lat' dir='ltr'>est</span> <span class='ocrx_word' id='word_1_57' title='bbox 243 850 264 878; x_wconf 78' lang='grc'>,</span> <span class='ocrx_word' id='word_1_58' title='bbox 295 805 621 878; x_wconf 77' lang='lat' dir='ltr'>adfuerint3</span> <span class='ocrx_word' id='word_1_59' title='bbox 658 827 734 864; x_wconf 90' lang='lat' dir='ltr'>an</span> <span class='ocrx_word' id='word_1_60' title='bbox 770 803 1058 863; x_wconf 87' lang='lat' dir='ltr'>sufficiens</span> <span class='ocrx_word' id='word_1_61' title='bbox 1086 804 1150 861; x_wconf 91' lang='lat' dir='ltr'>in</span> <span class='ocrx_word' id='word_1_62' title='bbox 1179 804 1436 865; x_wconf 86' lang='lat' dir='ltr'>Concilio</span> <span class='ocrx_word' id='word_1_63' title='bbox 1480 804 1656 863; x_wconf 79' lang='lat' dir='ltr'>fuerit</span> <span class='ocrx_word' id='word_1_64' title='bbox 1690 826 1968 864; x_wconf 91' lang='lat' dir='ltr'>numerus</span> <span class='ocrx_word' id='word_1_65' title='bbox 2012 806 2257 886; x_wconf 88' lang='lat' dir='ltr'>Episco-</span> 
     </span>
     <span class='ocr_line' id='line_1_8' title="bbox 141 898 2258 983; baseline 0 -24"><span class='ocrx_word' id='word_1_66' title='bbox 141 923 387 983; x_wconf 82' lang='lat' dir='ltr'>porum3</span> <span class='ocrx_word' id='word_1_67' title='bbox 430 922 507 959; x_wconf 90' lang='lat' dir='ltr'>an</span> <span class='ocrx_word' id='word_1_68' title='bbox 535 921 740 960; x_wconf 91' lang='lat' dir='ltr'>omnes</span> <span class='ocrx_word' id='word_1_69' title='bbox 766 899 921 960; x_wconf 90' lang='lat' dir='ltr'>orbis</span> <span class='ocrx_word' id='word_1_70' title='bbox 949 898 1257 980; x_wconf 90' lang='lat' dir='ltr'>Episcopos</span> <span class='ocrx_word' id='word_1_71' title='bbox 1291 901 1800 980; x_wconf 78' lang='lat' dir='ltr'>repraesentarint3</span> <span class='ocrx_word' id='word_1_72' title='bbox 1840 922 1917 958; x_wconf 88' lang='lat' dir='ltr'>an</span> <span class='ocrx_word' id='word_1_73' title='bbox 1947 899 2093 960; x_wconf 91' lang='lat' dir='ltr'>tales</span> <span class='ocrx_word' id='word_1_74' title='bbox 2127 901 2258 961; x_wconf 88' lang='lat' dir='ltr'>fue-</span> 
     </span>
     <span class='ocr_line' id='line_1_9' title="bbox 144 993 2258 1076; baseline 0 -22"><span class='ocrx_word' id='word_1_75' title='bbox 144 998 266 1055; x_wconf 83' lang='lat' dir='ltr'>rint</span> <span class='ocrx_word' id='word_1_76' title='bbox 287 995 569 1076; x_wconf 80' lang='lat' dir='ltr'>dignitate</span> <span class='ocrx_word' id='word_1_77' title='bbox 593 1008 652 1056; x_wconf 90' lang='lat' dir='ltr'>et</span> <span class='ocrx_word' id='word_1_78' title='bbox 675 995 990 1056; x_wconf 84' lang='lat' dir='ltr'>eminentia</span> <span class='ocrx_word' id='word_1_79' title='bbox 1011 1039 1028 1068; x_wconf 78' lang='lat'>‚</span> <span class='ocrx_word' id='word_1_80' title='bbox 1067 993 1266 1075; x_wconf 87' lang='lat' dir='ltr'>quales</span> <span class='ocrx_word' id='word_1_81' title='bbox 1294 1006 1527 1076; x_wconf 84' lang='lat' dir='ltr'>oportet</span> <span class='ocrx_word' id='word_1_82' title='bbox 1558 1016 1682 1055; x_wconf 88' lang='lat' dir='ltr'>esse</span> <span class='ocrx_word' id='word_1_83' title='bbox 1711 996 1775 1054; x_wconf 92' lang='lat' dir='ltr'>in</span> <span class='ocrx_word' id='word_1_84' title='bbox 1799 995 2054 1054; x_wconf 87' lang='lat' dir='ltr'>Concilio</span> <span class='ocrx_word' id='word_1_85' title='bbox 2076 1017 2258 1076; x_wconf 81' lang='lat' dir='ltr'>gene-</span> 
     </span>
     <span class='ocr_line' id='line_1_10' title="bbox 144 1089 2255 1172; baseline 0.002 -24"><span class='ocrx_word' id='word_1_86' title='bbox 144 1090 251 1149; x_wconf 88' lang='lat' dir='ltr'>rali</span> <span class='ocrx_word' id='word_1_87' title='bbox 266 1137 282 1164; x_wconf 75' lang='lat'><strong>‚</strong></span> <span class='ocrx_word' id='word_1_88' title='bbox 309 1103 375 1149; x_wconf 91' lang='lat' dir='ltr'>ut</span> <span class='ocrx_word' id='word_1_89' title='bbox 398 1091 619 1166; x_wconf 78' lang='lat' dir='ltr'>caeteri,</span> <span class='ocrx_word' id='word_1_90' title='bbox 645 1091 743 1172; x_wconf 87' lang='lat' dir='ltr'>qui</span> <span class='ocrx_word' id='word_1_91' title='bbox 762 1089 1004 1161; x_wconf 77' lang='lat' dir='ltr'>absunt,</span> <span class='ocrx_word' id='word_1_92' title='bbox 1036 1101 1383 1149; x_wconf 81' lang='lat' dir='ltr'>censeantur</span> <span class='ocrx_word' id='word_1_93' title='bbox 1403 1090 1515 1149; x_wconf 91' lang='lat' dir='ltr'>illis</span> <span class='ocrx_word' id='word_1_94' title='bbox 1536 1112 1666 1149; x_wconf 91' lang='lat' dir='ltr'>suas</span> <span class='ocrx_word' id='word_1_95' title='bbox 1688 1091 1842 1152; x_wconf 85' lang='lat' dir='ltr'>vices</span> <span class='ocrx_word' id='word_1_96' title='bbox 1867 1091 2255 1166; x_wconf 75' lang='lat' dir='ltr'>commisisse3</span> 
     </span>
     <span class='ocr_line' id='line_1_11' title="bbox 145 1183 2260 1267; baseline 0.002 -24"><span class='ocrx_word' id='word_1_97' title='bbox 145 1208 222 1244; x_wconf 89' lang='lat' dir='ltr'>an</span> <span class='ocrx_word' id='word_1_98' title='bbox 252 1187 316 1244; x_wconf 92' lang='lat' dir='ltr'>in</span> <span class='ocrx_word' id='word_1_99' title='bbox 353 1187 611 1247; x_wconf 86' lang='lat' dir='ltr'>Concilio</span> <span class='ocrx_word' id='word_1_100' title='bbox 643 1186 837 1245; x_wconf 90' lang='lat' dir='ltr'>omnia</span> <span class='ocrx_word' id='word_1_101' title='bbox 878 1183 1135 1263; x_wconf 84' lang='lat' dir='ltr'>legitime</span> <span class='ocrx_word' id='word_1_102' title='bbox 1164 1196 1427 1267; x_wconf 75' lang='lat' dir='ltr'>peracta3</span> <span class='ocrx_word' id='word_1_103' title='bbox 1460 1208 1536 1245; x_wconf 86' lang='lat' dir='ltr'>an</span> <span class='ocrx_word' id='word_1_104' title='bbox 1567 1187 1704 1245; x_wconf 87' lang='lat' dir='ltr'>satis</span> <span class='ocrx_word' id='word_1_105' title='bbox 1736 1197 1965 1246; x_wconf 90' lang='lat' dir='ltr'>mature</span> <span class='ocrx_word' id='word_1_106' title='bbox 2004 1186 2260 1247; x_wconf 89' lang='lat' dir='ltr'>discussa</span> 
     </span>
     <span class='ocr_line' id='line_1_12' title="bbox 146 1278 2263 1364; baseline 0.001 -24"><span class='ocrx_word' id='word_1_107' title='bbox 146 1294 206 1341; x_wconf 88' lang='lat' dir='ltr'>et</span> <span class='ocrx_word' id='word_1_108' title='bbox 236 1285 564 1342; x_wconf 73' lang='lat' dir='ltr'>examinata</span> <span class='ocrx_word' id='word_1_109' title='bbox 620 1304 695 1340; x_wconf 90' lang='lat' dir='ltr'>an</span> <span class='ocrx_word' id='word_1_110' title='bbox 742 1280 879 1338; x_wconf 91' lang='lat' dir='ltr'>satis</span> <span class='ocrx_word' id='word_1_111' title='bbox 915 1278 1132 1355; x_wconf 75' lang='lat' dir='ltr'>libere3</span> <span class='ocrx_word' id='word_1_112' title='bbox 1183 1302 1259 1338; x_wconf 91' lang='lat' dir='ltr'>an</span> <span class='ocrx_word' id='word_1_113' title='bbox 1294 1292 1486 1340; x_wconf 91' lang='lat' dir='ltr'>metus</span> <span class='ocrx_word' id='word_1_114' title='bbox 1530 1280 1684 1340; x_wconf 89' lang='lat' dir='ltr'>ullus</span> <span class='ocrx_word' id='word_1_115' title='bbox 1738 1281 1861 1341; x_wconf 90' lang='lat' dir='ltr'>sive</span> <span class='ocrx_word' id='word_1_116' title='bbox 1901 1302 1935 1340; x_wconf 88' lang='lat' dir='ltr'>a</span> <span class='ocrx_word' id='word_1_117' title='bbox 1973 1293 2263 1364; x_wconf 80' lang='lat' dir='ltr'>potestate</span> 
     </span>
     <span class='ocr_line' id='line_1_13' title="bbox 145 1375 2258 1459; baseline 0.001 -24"><span class='ocrx_word' id='word_1_118' title='bbox 145 1377 387 1437; x_wconf 88' lang='lat' dir='ltr'>seculari</span> <span class='ocrx_word' id='word_1_119' title='bbox 405 1424 422 1453; x_wconf 86' lang='lat'>.‚</span> <span class='ocrx_word' id='word_1_120' title='bbox 465 1379 597 1438; x_wconf 61' lang='lat' dir='ltr'>sive’</span> <span class='ocrx_word' id='word_1_121' title='bbox 622 1377 700 1435; x_wconf 90' lang='lat' dir='ltr'>ab</span> <span class='ocrx_word' id='word_1_122' title='bbox 722 1380 1109 1435; x_wconf 79' lang='lat' dir='ltr'>ecclesiastica</span> <span class='ocrx_word' id='word_1_123' title='bbox 1129 1377 1392 1434; x_wconf 91' lang='lat' dir='ltr'>incussus</span> <span class='ocrx_word' id='word_1_124' title='bbox 1415 1420 1431 1450; x_wconf 65' lang='lat' dir='ltr'>a</span> <span class='ocrx_word' id='word_1_125' title='bbox 1451 1375 1677 1457; x_wconf 88' lang='lat' dir='ltr'>aliaque</span> <span class='ocrx_word' id='word_1_126' title='bbox 1699 1377 2017 1454; x_wconf 71' lang='lat' dir='ltr'>ejusmodi,</span> <span class='ocrx_word' id='word_1_127' title='bbox 2055 1389 2221 1459; x_wconf 87' lang='lat' dir='ltr'>patet</span> <span class='ocrx_word' id='word_1_128' title='bbox 2240 1424 2258 1452; x_wconf 73' lang='grc'><em>,</em></span> 
     </span>
     <span class='ocr_line' id='line_1_14' title="bbox 146 1471 2262 1555; baseline 0.001 -25"><span class='ocrx_word' id='word_1_129' title='bbox 146 1474 378 1532; x_wconf 89' lang='lat' dir='ltr'>nonnisi</span> <span class='ocrx_word' id='word_1_130' title='bbox 418 1494 524 1555; x_wconf 92' lang='lat' dir='ltr'>per</span> <span class='ocrx_word' id='word_1_131' title='bbox 560 1473 898 1531; x_wconf 89' lang='lat' dir='ltr'>unanimem</span> <span class='ocrx_word' id='word_1_132' title='bbox 925 1471 1183 1531; x_wconf 84' lang='lat' dir='ltr'>Ecclesiae</span> <span class='ocrx_word' id='word_1_133' title='bbox 1221 1471 1508 1531; x_wconf 86' lang='lat' dir='ltr'>universae</span> <span class='ocrx_word' id='word_1_134' title='bbox 1537 1472 1996 1553; x_wconf 86' lang='lat' dir='ltr'>acceptationem</span> <span class='ocrx_word' id='word_1_135' title='bbox 2032 1485 2092 1533; x_wconf 88' lang='lat' dir='ltr'>et</span> <span class='ocrx_word' id='word_1_136' title='bbox 2125 1494 2262 1532; x_wconf 83' lang='lat' dir='ltr'>con-</span> 
     </span>
     <span class='ocr_line' id='line_1_15' title="bbox 145 1566 2264 1651; baseline -0.001 -24"><span class='ocrx_word' id='word_1_137' title='bbox 145 1589 381 1627; x_wconf 88' lang='lat' dir='ltr'>sensum</span> <span class='ocrx_word' id='word_1_138' title='bbox 410 1579 567 1626; x_wconf 89' lang='lat' dir='ltr'>certo</span> <span class='ocrx_word' id='word_1_139' title='bbox 591 1567 760 1626; x_wconf 91' lang='lat' dir='ltr'>nobis</span> <span class='ocrx_word' id='word_1_140' title='bbox 783 1578 1049 1627; x_wconf 87' lang='lat' dir='ltr'>constare</span> <span class='ocrx_word' id='word_1_141' title='bbox 1076 1588 1275 1648; x_wconf 88' lang='lat' dir='ltr'>posse,</span> <span class='ocrx_word' id='word_1_142' title='bbox 1303 1588 1573 1651; x_wconf 86' lang='lat' dir='ltr'>quaenam</span> <span class='ocrx_word' id='word_1_143' title='bbox 1596 1567 1816 1626; x_wconf 88' lang='lat' dir='ltr'>fuerint</span> <span class='ocrx_word' id='word_1_144' title='bbox 1844 1566 2099 1627; x_wconf 87' lang='lat' dir='ltr'>Concilia</span> <span class='ocrx_word' id='word_1_145' title='bbox 2123 1567 2264 1650; x_wconf 87' lang='lat' dir='ltr'>legi-</span> 
     </span>
     <span class='ocr_line' id='line_1_16' title="bbox 147 1661 2265 1744; baseline 0 -23"><span class='ocrx_word' id='word_1_146' title='bbox 147 1664 318 1736; x_wconf 68' lang='lat' dir='ltr'>tima,</span> <span class='ocrx_word' id='word_1_147' title='bbox 345 1683 618 1744; x_wconf 86' lang='lat' dir='ltr'>quaenam</span> <span class='ocrx_word' id='word_1_148' title='bbox 647 1684 789 1724; x_wconf 84' lang='lat' dir='ltr'>vero</span> <span class='ocrx_word' id='word_1_149' title='bbox 811 1684 933 1722; x_wconf 91' lang='lat' dir='ltr'>non</span> <span class='ocrx_word' id='word_1_150' title='bbox 959 1663 1103 1722; x_wconf 89' lang='lat' dir='ltr'>item</span> <span class='ocrx_word' id='word_1_151' title='bbox 1123 1661 1230 1743; x_wconf 89' lang='lat'><strong>(1).</strong></span> <span class='ocrx_word' id='word_1_152' title='bbox 1247 1662 1316 1719; x_wconf 77' lang='lat'>2⁰</span> <span class='ocrx_word' id='word_1_153' title='bbox 1334 1663 1456 1721; x_wconf 85' lang='lat' dir='ltr'>Hac</span> <span class='ocrx_word' id='word_1_154' title='bbox 1477 1663 1701 1721; x_wconf 88' lang='lat' dir='ltr'>ratione</span> <span class='ocrx_word' id='word_1_155' title='bbox 1724 1662 2003 1722; x_wconf 87' lang='lat' dir='ltr'>adversus</span> <span class='ocrx_word' id='word_1_156' title='bbox 2023 1663 2265 1722; x_wconf 87' lang='lat' dir='ltr'>Arianos</span> 
     </span>
     <span class='ocr_line' id='line_1_17' title="bbox 146 1751 2266 1840; baseline 0 -24"><span class='ocrx_word' id='word_1_157' title='bbox 146 1757 359 1840; x_wconf 89' lang='lat' dir='ltr'>probat</span> <span class='ocrx_word' id='word_1_158' title='bbox 376 1758 744 1828; x_wconf 82' lang='lat' dir='ltr'>AthanasiuS,</span> <span class='ocrx_word' id='word_1_159' title='bbox 762 1770 1043 1840; x_wconf 85' lang='lat' dir='ltr'>tanquam</span> <span class='ocrx_word' id='word_1_160' title='bbox 1060 1756 1331 1837; x_wconf 84' lang='lat' dir='ltr'>generale</span> <span class='ocrx_word' id='word_1_161' title='bbox 1351 1779 1416 1816; x_wconf 86' lang='lat' dir='ltr'>ac</span> <span class='ocrx_word' id='word_1_162' title='bbox 1434 1756 1760 1837; x_wconf 82' lang='lat' dir='ltr'>legitimum</span> <span class='ocrx_word' id='word_1_163' title='bbox 1773 1751 2117 1816; x_wconf 80' lang='lat' dir='ltr'>habendum</span> <span class='ocrx_word' id='word_1_164' title='bbox 2141 1780 2266 1817; x_wconf 90' lang='lat' dir='ltr'>esse</span> 
     </span>
     <span class='ocr_line' id='line_1_18' title="bbox 149 1852 2268 1936; baseline 0 -24"><span class='ocrx_word' id='word_1_165' title='bbox 149 1853 470 1913; x_wconf 86' lang='lat' dir='ltr'>Concilium</span> <span class='ocrx_word' id='word_1_166' title='bbox 494 1855 795 1913; x_wconf 86' lang='lat' dir='ltr'>Nicaenum</span> <span class='ocrx_word' id='word_1_167' title='bbox 814 1899 830 1928; x_wconf 82' lang='lat'><strong>‚</strong></span> <span class='ocrx_word' id='word_1_168' title='bbox 862 1855 943 1912; x_wconf 88' lang='lat' dir='ltr'>ita</span> <span class='ocrx_word' id='word_1_169' title='bbox 979 1853 1055 1912; x_wconf 89' lang='lat' dir='ltr'>ad</span> <span class='ocrx_word' id='word_1_170' title='bbox 1091 1853 1376 1913; x_wconf 85' lang='lat' dir='ltr'>africanos</span> <span class='ocrx_word' id='word_1_171' title='bbox 1414 1854 1724 1936; x_wconf 87' lang='lat' dir='ltr'>Episcopos</span> <span class='ocrx_word' id='word_1_172' title='bbox 1754 1852 2015 1913; x_wconf 89' lang='lat' dir='ltr'>scribens</span> <span class='ocrx_word' id='word_1_173' title='bbox 2048 1875 2063 1911; x_wconf 89' lang='lat'>:</span> <span class='ocrx_word' id='word_1_174' title='bbox 2094 1855 2268 1913; x_wconf 87' lang='lat' dir='ltr'>Huic</span> 
     </span>
     <span class='ocr_line' id='line_1_19' title="bbox 147 1950 2267 2028; baseline 0 -20"><span class='ocrx_word' id='word_1_175' title='bbox 147 1960 301 2009; x_wconf 85' lang='lat' dir='ltr'>certo</span> <span class='ocrx_word' id='word_1_176' title='bbox 332 1950 593 2009; x_wconf 76' lang='lat' dir='ltr'>Concilio</span> <span class='ocrx_word' id='word_1_177' title='bbox 619 1954 935 2009; x_wconf 75' lang='lat' dir='ltr'>universus</span> <span class='ocrx_word' id='word_1_178' title='bbox 961 1950 1457 2009; x_wconf 12' lang='lat' dir='ltr'>orbiscassensum</span> <span class='ocrx_word' id='word_1_179' title='bbox 1477 1951 1782 2028; x_wconf 77' lang='lat' dir='ltr'>proebuit3</span> <span class='ocrx_word' id='word_1_180' title='bbox 1831 1958 1887 2007; x_wconf 85' lang='lat' dir='ltr'>et</span> <span class='ocrx_word' id='word_1_181' title='bbox 1909 1970 2267 2028; x_wconf 78' lang='lat' dir='ltr'>quanquam</span> 
     </span>
     <span class='ocr_line' id='line_1_20' title="bbox 153 2043 2268 2127; baseline 0.002 -27"><span class='ocrx_word' id='word_1_182' title='bbox 153 2046 355 2101; x_wconf 83' lang='lat' dir='ltr'>multoe</span> <span class='ocrx_word' id='word_1_183' title='bbox 376 2045 595 2103; x_wconf 67' lang='lat' dir='ltr'>habitae</span> <span class='ocrx_word' id='word_1_184' title='bbox 618 2050 742 2102; x_wconf 80' lang='lat' dir='ltr'>sint</span> <span class='ocrx_word' id='word_1_185' title='bbox 758 2046 1084 2124; x_wconf 73' lang='lat' dir='ltr'>Synodi...‚</span> <span class='ocrx_word' id='word_1_186' title='bbox 1122 2046 1279 2104; x_wconf 77' lang='lat' dir='ltr'>hanc</span> <span class='ocrx_word' id='word_1_187' title='bbox 1305 2055 1680 2127; x_wconf 75' lang='lat' dir='ltr'>aqnoverunt</span> <span class='ocrx_word' id='word_1_188' title='bbox 1699 2043 1985 2124; x_wconf 63' lang='lat' dir='ltr'>(Ecclesiae</span> <span class='ocrx_word' id='word_1_189' title='bbox 1999 2045 2048 2123; x_wconf 80' lang='lat'>)‚</span> <span class='ocrx_word' id='word_1_190' title='bbox 2069 2054 2126 2104; x_wconf 86' lang='lat' dir='ltr'>et</span> <span class='ocrx_word' id='word_1_191' title='bbox 2153 2046 2268 2104; x_wconf 85' lang='lat' dir='ltr'>ad·</span> 
     </span>
     <span class='ocr_line' id='line_1_21' title="bbox 150 2140 1952 2223; baseline 0.001 -25"><span class='ocrx_word' id='word_1_192' title='bbox 150 2142 391 2199; x_wconf 72' lang='lat' dir='ltr'>miratoe</span> <span class='ocrx_word' id='word_1_193' title='bbox 418 2150 586 2211; x_wconf 75' lang='lat' dir='ltr'>sunt,</span> <span class='ocrx_word' id='word_1_194' title='bbox 619 2152 676 2199; x_wconf 88' lang='lat' dir='ltr'>et</span> <span class='ocrx_word' id='word_1_195' title='bbox 704 2142 1140 2220; x_wconf 77' lang='lat' dir='ltr'>subscriptione</span> <span class='ocrx_word' id='word_1_196' title='bbox 1174 2144 1606 2223; x_wconf 85' lang='lat' dir='ltr'>approbarunt</span> <span class='ocrx_word' id='word_1_197' title='bbox 1635 2140 1743 2222; x_wconf 77' lang='lat'>(2).</span> <span class='ocrx_word' id='word_1_198' title='bbox 1785 2142 1952 2221; x_wconf 79' lang='lat' dir='ltr'>Ergo,</span> 
     </span>
    </p>

    <p class='ocr_par' dir='ltr' id='par_1_4' title="bbox 153 2235 2321 3370">
     <span class='ocr_line' id='line_1_22' title="bbox 235 2235 2270 2318; baseline 0.003 -26"><span class='ocrx_word' id='word_1_199' title='bbox 235 2235 378 2295; x_wconf 88' lang='grc'><strong>696.</strong></span> <span class='ocrx_word' id='word_1_200' title='bbox 424 2237 596 2317; x_wconf 86' lang='lat' dir='ltr'>Resp.</span> <span class='ocrx_word' id='word_1_201' title='bbox 640 2235 729 2297; x_wconf 87' lang='lat' dir='ltr'>Ad</span> <span class='ocrx_word' id='word_1_202' title='bbox 769 2237 873 2312; x_wconf 70' lang='grc'>1111,</span> <span class='ocrx_word' id='word_1_203' title='bbox 904 2236 1072 2297; x_wconf 87' lang='lat' dir='ltr'>facile</span> <span class='ocrx_word' id='word_1_204' title='bbox 1120 2236 1195 2298; x_wconf 91' lang='lat' dir='ltr'>de</span> <span class='ocrx_word' id='word_1_205' title='bbox 1247 2236 1338 2296; x_wconf 91' lang='lat' dir='ltr'>his</span> <span class='ocrx_word' id='word_1_206' title='bbox 1374 2235 1645 2296; x_wconf 90' lang='lat' dir='ltr'>omnihus</span> <span class='ocrx_word' id='word_1_207' title='bbox 1684 2247 1950 2296; x_wconf 86' lang='lat' dir='ltr'>constare</span> <span class='ocrx_word' id='word_1_208' title='bbox 1988 2258 2158 2318; x_wconf 90' lang='lat' dir='ltr'>posse</span> <span class='ocrx_word' id='word_1_209' title='bbox 2198 2258 2270 2298; x_wconf 83' lang='lat' dir='ltr'>ex</span> 
     </span>
     <span class='ocr_line' id='line_1_23' title="bbox 154 2330 2270 2413; baseline 0.001 -25"><span class='ocrx_word' id='word_1_210' title='bbox 154 2330 325 2388; x_wconf 90' lang='lat' dir='ltr'>unius</span> <span class='ocrx_word' id='word_1_211' title='bbox 347 2351 499 2389; x_wconf 87' lang='lat' dir='ltr'>rom.</span> <span class='ocrx_word' id='word_1_212' title='bbox 521 2332 813 2390; x_wconf 89' lang='lat' dir='ltr'>Pontificis</span> <span class='ocrx_word' id='word_1_213' title='bbox 843 2333 1288 2391; x_wconf 90' lang='lat' dir='ltr'>confirmatione</span> <span class='ocrx_word' id='word_1_214' title='bbox 1308 2378 1323 2407; x_wconf 70' lang='grc'><em>,</em></span> <span class='ocrx_word' id='word_1_215' title='bbox 1347 2338 1517 2411; x_wconf 78' lang='lat' dir='ltr'>juxta</span> <span class='ocrx_word' id='word_1_216' title='bbox 1546 2331 1805 2412; x_wconf 84' lang='lat' dir='ltr'>regulam</span> <span class='ocrx_word' id='word_1_217' title='bbox 1827 2353 2004 2413; x_wconf 89' lang='lat' dir='ltr'>quam</span> <span class='ocrx_word' id='word_1_218' title='bbox 2020 2336 2270 2410; x_wconf 88' lang='lat' dir='ltr'>majores</span> 
     </span>
     <span class='ocr_line' id='line_1_24' title="bbox 153 2426 2269 2508; baseline 0.002 -25"><span class='ocrx_word' id='word_1_219' title='bbox 153 2426 339 2484; x_wconf 92' lang='lat' dir='ltr'>nostri</span> <span class='ocrx_word' id='word_1_220' title='bbox 371 2447 604 2508; x_wconf 90' lang='lat' dir='ltr'>semper</span> <span class='ocrx_word' id='word_1_221' title='bbox 649 2428 877 2508; x_wconf 89' lang='lat' dir='ltr'>sequuti</span> <span class='ocrx_word' id='word_1_222' title='bbox 921 2437 1080 2486; x_wconf 87' lang='lat' dir='ltr'>sunt.</span> <span class='ocrx_word' id='word_1_223' title='bbox 1131 2429 1266 2508; x_wconf 80' lang='lat' dir='ltr'>Qua</span> <span class='ocrx_word' id='word_1_224' title='bbox 1311 2433 1692 2508; x_wconf 70' lang='lat' dir='ltr'>iqnorantia,</span> <span class='ocrx_word' id='word_1_225' title='bbox 1739 2426 1932 2486; x_wconf 85' lang='lat' dir='ltr'>aiebat</span> <span class='ocrx_word' id='word_1_226' title='bbox 1963 2426 2269 2504; x_wconf 83' lang='lat' dir='ltr'>Ratherius</span> 
     </span>
     <span class='ocr_line' id='line_1_25' title="bbox 153 2521 2272 2604; baseline 0.001 -25"><span class='ocrx_word' id='word_1_227' title='bbox 153 2521 504 2579; x_wconf 83' lang='lat' dir='ltr'>Veronensis</span> <span class='ocrx_word' id='word_1_228' title='bbox 523 2566 540 2595; x_wconf 65' lang='lat' dir='ltr'><em>v</em></span> <span class='ocrx_word' id='word_1_229' title='bbox 572 2543 687 2600; x_wconf 91' lang='lat' dir='ltr'>quo</span> <span class='ocrx_word' id='word_1_230' title='bbox 713 2525 929 2582; x_wconf 83' lang='lat' dir='ltr'>melius</span> <span class='ocrx_word' id='word_1_231' title='bbox 960 2528 1138 2595; x_wconf 74' lang='lat' dir='ltr'>exui,</span> <span class='ocrx_word' id='word_1_232' title='bbox 1172 2545 1287 2603; x_wconf 90' lang='lat' dir='ltr'>quo</span> <span class='ocrx_word' id='word_1_233' title='bbox 1309 2528 1516 2604; x_wconf 79' lang='lat' dir='ltr'>aptius</span> <span class='ocrx_word' id='word_1_234' title='bbox 1546 2544 1812 2602; x_wconf 63' lang='lat' dir='ltr'>possum,</span> <span class='ocrx_word' id='word_1_235' title='bbox 1848 2544 2034 2601; x_wconf 90' lang='lat' dir='ltr'>quam</span> <span class='ocrx_word' id='word_1_236' title='bbox 2060 2524 2272 2582; x_wconf 84' lang='lat' dir='ltr'>Romae</span> 
     </span>
     <span class='ocr_line' id='line_1_26' title="bbox 155 2616 2270 2701; baseline 0.002 -27"><span class='ocrx_word' id='word_1_237' title='bbox 155 2616 390 2675; x_wconf 58' lang='lat' dir='ltr'>doceri?</span> <span class='ocrx_word' id='word_1_238' title='bbox 428 2618 595 2697; x_wconf 76' lang='lat' dir='ltr'>Quid</span> <span class='ocrx_word' id='word_1_239' title='bbox 620 2624 779 2676; x_wconf 82' lang='lat' dir='ltr'>enim</span> <span class='ocrx_word' id='word_1_240' title='bbox 819 2621 888 2677; x_wconf 80' lang='lat' dir='ltr'>de</span> <span class='ocrx_word' id='word_1_241' title='bbox 925 2622 1337 2679; x_wconf 77' lang='lat' dir='ltr'>ecclesiasticis</span> <span class='ocrx_word' id='word_1_242' title='bbox 1374 2621 1751 2701; x_wconf 73' lang='lat' dir='ltr'>doqmatibus</span> <span class='ocrx_word' id='word_1_243' title='bbox 1781 2621 2020 2678; x_wconf 85' lang='lat' dir='ltr'>alicubi</span> <span class='ocrx_word' id='word_1_244' title='bbox 2040 2623 2270 2693; x_wconf 76' lang='lat' dir='ltr'>scitur,</span> 
     </span>
     <span class='ocr_line' id='line_1_27' title="bbox 154 2709 2269 2794; baseline 0.002 -24"><span class='ocrx_word' id='word_1_245' title='bbox 154 2713 313 2790; x_wconf 78' lang='lat' dir='ltr'>quod</span> <span class='ocrx_word' id='word_1_246' title='bbox 346 2713 553 2772; x_wconf 81' lang='lat' dir='ltr'>Romoe</span> <span class='ocrx_word' id='word_1_247' title='bbox 581 2714 934 2794; x_wconf 61' lang='lat' dir='ltr'>iqnoretur?</span> <span class='ocrx_word' id='word_1_248' title='bbox 973 2716 1112 2775; x_wconf 80' lang='lat' dir='ltr'>Illic</span> <span class='ocrx_word' id='word_1_249' title='bbox 1142 2721 1374 2775; x_wconf 76' lang='lat' dir='ltr'>summi</span> <span class='ocrx_word' id='word_1_250' title='bbox 1414 2718 1514 2775; x_wconf 81' lang='lat' dir='ltr'>illi</span> <span class='ocrx_word' id='word_1_251' title='bbox 1544 2709 1720 2774; x_wconf 77' lang='lat' dir='ltr'>totius</span> <span class='ocrx_word' id='word_1_252' title='bbox 1771 2717 1934 2774; x_wconf 79' lang='lat' dir='ltr'>orbis</span> <span class='ocrx_word' id='word_1_253' title='bbox 1970 2716 2230 2775; x_wconf 70' lang='lat' dir='ltr'>doctores</span> <span class='ocrx_word' id='word_1_254' title='bbox 2252 2762 2269 2792; x_wconf 90' lang='lat'>.,</span> 
     </span>
     <span class='ocr_line' id='line_1_28' title="bbox 154 2809 2266 2892; baseline 0.003 -28"><span class='ocrx_word' id='word_1_255' title='bbox 154 2809 281 2892; x_wconf 82' lang='lat' dir='ltr'>illic</span> <span class='ocrx_word' id='word_1_256' title='bbox 319 2817 768 2886; x_wconf 67' lang='lat' dir='ltr'>praestantiores</span> <span class='ocrx_word' id='word_1_257' title='bbox 809 2814 1163 2871; x_wconf 73' lang='lat' dir='ltr'>enituerunt</span> <span class='ocrx_word' id='word_1_258' title='bbox 1203 2814 1570 2872; x_wconf 79' lang='lat' dir='ltr'>universalis</span> <span class='ocrx_word' id='word_1_259' title='bbox 1621 2813 1902 2872; x_wconf 66' lang='lat' dir='ltr'>Ecclesiae</span> <span class='ocrx_word' id='word_1_260' title='bbox 1929 2816 2266 2891; x_wconf 75' lang='lat' dir='ltr'>principes.</span> 
     </span>
     <span class='ocr_line' id='line_1_29' title="bbox 155 2903 2275 2987; baseline 0.002 -26"><span class='ocrx_word' id='word_1_261' title='bbox 155 2903 292 2961; x_wconf 85' lang='lat' dir='ltr'>Illic</span> <span class='ocrx_word' id='word_1_262' title='bbox 330 2904 647 2962; x_wconf 74' lang='lat' dir='ltr'>decretalia</span> <span class='ocrx_word' id='word_1_263' title='bbox 695 2906 1090 2984; x_wconf 82' lang='lat' dir='ltr'>Pontificum,</span> <span class='ocrx_word' id='word_1_264' title='bbox 1136 2914 1556 2967; x_wconf 79' lang='lat' dir='ltr'>um&#39;versorum</span> <span class='ocrx_word' id='word_1_265' title='bbox 1598 2910 2002 2987; x_wconf 69' lang='lat' dir='ltr'>conyreqatiO,</span> <span class='ocrx_word' id='word_1_266' title='bbox 2044 2911 2275 2966; x_wconf 71' lang='lat' dir='ltr'>exami-</span> 
     </span>
     <span class='ocr_line' id='line_1_30' title="bbox 158 2999 2321 3085; baseline 0.004 -30"><span class='ocrx_word' id='word_1_267' title='bbox 158 3003 327 3056; x_wconf 86' lang='lat' dir='ltr'>natio</span> <span class='ocrx_word' id='word_1_268' title='bbox 351 3020 687 3067; x_wconf 90' lang='lat' dir='ltr'>canonum,</span> <span class='ocrx_word' id='word_1_269' title='bbox 715 3003 1070 3079; x_wconf 77' lang='lat' dir='ltr'>approbatio</span> <span class='ocrx_word' id='word_1_270' title='bbox 1095 3005 1570 3084; x_wconf 85' lang='lat' dir='ltr'>recipiendorum</span> <span class='ocrx_word' id='word_1_271' title='bbox 1586 3050 1604 3073; x_wconf 92' lang='lat'><strong><em>,</em></strong></span> <span class='ocrx_word' id='word_1_272' title='bbox 1625 3005 1963 3083; x_wconf 82' lang='lat' dir='ltr'>reprobatio</span> <span class='ocrx_word' id='word_1_273' title='bbox 1984 3024 2272 3085; x_wconf 79' lang='lat' dir='ltr'>spernen-</span> <span class='ocrx_word' id='word_1_274' title='bbox 2317 2999 2321 3002; x_wconf 58' lang='grc'><strong><em>’</em></strong></span> 
     </span>
     <span class='ocr_line' id='line_1_31' title="bbox 159 3094 2273 3179; baseline 0.005 -30"><span class='ocrx_word' id='word_1_275' title='bbox 159 3094 398 3154; x_wconf 85' lang='lat' dir='ltr'>dorum.</span> <span class='ocrx_word' id='word_1_276' title='bbox 424 3095 724 3154; x_wconf 80' lang='lat' dir='ltr'>Postremo</span> <span class='ocrx_word' id='word_1_277' title='bbox 746 3111 1046 3175; x_wconf 78' lang='lat' dir='ltr'>nusquam</span> <span class='ocrx_word' id='word_1_278' title='bbox 1067 3110 1305 3168; x_wconf 83' lang='lat' dir='ltr'>ratum,</span> <span class='ocrx_word' id='word_1_279' title='bbox 1332 3100 1487 3178; x_wconf 78' lang='lat' dir='ltr'>quod</span> <span class='ocrx_word' id='word_1_280' title='bbox 1514 3101 1640 3157; x_wconf 83' lang='lat' dir='ltr'>illic</span> <span class='ocrx_word' id='word_1_281' title='bbox 1662 3102 1949 3168; x_wconf 84' lang='lat' dir='ltr'>irritum,·</span> <span class='ocrx_word' id='word_1_282' title='bbox 1967 3121 2273 3179; x_wconf 77' lang='lat' dir='ltr'>nusquam</span> 
     </span>
     <span class='ocr_line' id='line_1_32' title="bbox 161 3190 2274 3273; baseline 0.004 -29"><span class='ocrx_word' id='word_1_283' title='bbox 161 3190 444 3263; x_wconf 68' lang='lat' dir='ltr'>irritum,</span> <span class='ocrx_word' id='word_1_284' title='bbox 477 3193 637 3269; x_wconf 82' lang='lat' dir='ltr'>quod</span> <span class='ocrx_word' id='word_1_285' title='bbox 654 3193 781 3250; x_wconf 83' lang='lat' dir='ltr'>illic</span> <span class='ocrx_word' id='word_1_286' title='bbox 806 3203 1014 3251; x_wconf 87' lang='lat' dir='ltr'>ratum</span> <span class='ocrx_word' id='word_1_287' title='bbox 1039 3197 1238 3272; x_wconf 79' lang='lat' dir='ltr'>fuerit</span> <span class='ocrx_word' id='word_1_288' title='bbox 1257 3198 1454 3253; x_wconf 78' lang='lat' dir='ltr'>visum</span> <span class='ocrx_word' id='word_1_289' title='bbox 1487 3193 1596 3273; x_wconf 83' lang='grc'><strong>(3).</strong></span> <span class='ocrx_word' id='word_1_290' title='bbox 1636 3195 1706 3253; x_wconf 89' lang='lat' dir='ltr'>Et</span> <span class='ocrx_word' id='word_1_291' title='bbox 1730 3194 2055 3254; x_wconf 85' lang='lat' dir='ltr'>Ferrandus</span> <span class='ocrx_word' id='word_1_292' title='bbox 2085 3194 2274 3254; x_wconf 88' lang='lat' dir='ltr'>diaco·</span> 
     </span>
     <span class='ocr_line' id='line_1_33' title="bbox 164 3285 2270 3370; baseline 0.004 -31"><span class='ocrx_word' id='word_1_293' title='bbox 164 3304 273 3340; x_wconf 90' lang='lat' dir='ltr'>nus</span> <span class='ocrx_word' id='word_1_294' title='bbox 310 3305 323 3340; x_wconf 74' lang='grc' dir='ltr'>ε</span> <span class='ocrx_word' id='word_1_295' title='bbox 366 3285 510 3363; x_wconf 78' lang='lat' dir='ltr'>Quoe</span> <span class='ocrx_word' id='word_1_296' title='bbox 545 3290 892 3366; x_wconf 80' lang='lat' dir='ltr'>finiuntur,</span> <span class='ocrx_word' id='word_1_297' title='bbox 931 3289 1125 3370; x_wconf 90' lang='lat' dir='ltr'>inquit</span> <span class='ocrx_word' id='word_1_298' title='bbox 1148 3334 1164 3364; x_wconf 81' lang='grc'><em>,</em></span> <span class='ocrx_word' id='word_1_299' title='bbox 1211 3292 1632 3350; x_wconf 77' lang='lat' dir='ltr'>indicantibus</span> <span class='ocrx_word' id='word_1_300' title='bbox 1671 3293 1982 3370; x_wconf 79' lang='lat' dir='ltr'>Episcopis</span> <span class='ocrx_word' id='word_1_301' title='bbox 2017 3293 2270 3360; x_wconf 77' lang='lat' dir='ltr'>sanctis,</span> 
     </span>
    </p>
   </div>
   <div class='ocr_carea' id='block_1_3' title="bbox 232 3500 1499 3582">
    <p class='ocr_par' dir='ltr' id='par_1_5' title="bbox 232 3500 1499 3582">
     <span class='ocr_line' id='line_1_34' title="bbox 232 3500 1499 3582; baseline 0.006 -32"><span class='ocrx_word' id='word_1_302' title='bbox 232 3501 295 3565; x_wconf 84' lang='lat' dir='ltr'>(l)</span> <span class='ocrx_word' id='word_1_303' title='bbox 335 3501 400 3549; x_wconf 86' lang='lat' dir='ltr'>Ita</span> <span class='ocrx_word' id='word_1_304' title='bbox 422 3500 713 3567; x_wconf 78' lang='lat' dir='ltr'>Opstraetus,</span> <span class='ocrx_word' id='word_1_305' title='bbox 744 3505 836 3556; x_wconf 88' lang='lat' dir='ltr'>loc.</span> <span class='ocrx_word' id='word_1_306' title='bbox 867 3509 946 3582; x_wconf 76' lang='lat' dir='ltr'>cit.</span> <span class='ocrx_word' id='word_1_307' title='bbox 975 3510 1055 3574; x_wconf 89' lang='lat' dir='ltr'>qui</span> <span class='ocrx_word' id='word_1_308' title='bbox 1080 3508 1182 3573; x_wconf 88' lang='lat' dir='ltr'>plu·</span> <span class='ocrx_word' id='word_1_309' title='bbox 1261 3508 1351 3557; x_wconf 88' lang='lat' dir='ltr'>col.</span> <span class='ocrx_word' id='word_1_310' title='bbox 1380 3505 1499 3575; x_wconf 80' lang='lat'>891.</span> 
     </span>
    </p>
   </div>
   <div class='ocr_carea' id='block_1_4' title="bbox 165 3582 2269 3738">
    <p class='ocr_par' dir='ltr' id='par_1_6' title="bbox 165 3582 2269 3738">
     <span class='ocr_line' id='line_1_35' title="bbox 165 3582 2269 3657; baseline 0.004 -27"><span class='ocrx_word' id='word_1_311' title='bbox 165 3584 292 3631; x_wconf 84' lang='lat' dir='ltr'>ribus</span> <span class='ocrx_word' id='word_1_312' title='bbox 321 3582 407 3632; x_wconf 85' lang='lat' dir='ltr'>has</span> <span class='ocrx_word' id='word_1_313' title='bbox 439 3602 582 3649; x_wconf 82' lang='lat' dir='ltr'>nugas</span> <span class='ocrx_word' id='word_1_314' title='bbox 605 3591 914 3654; x_wconf 85' lang='lat' dir='ltr'>prosequitur.</span> <span class='ocrx_word' id='word_1_315' title='bbox 1331 3589 1400 3653; x_wconf 74' lang='lat'>(3)</span> <span class='ocrx_word' id='word_1_316' title='bbox 1438 3589 1615 3639; x_wconf 82' lang='lat' dir='ltr'>Itiner.</span> <span class='ocrx_word' id='word_1_317' title='bbox 1647 3608 1698 3640; x_wconf 91' lang='lat' dir='ltr'>n.</span> <span class='ocrx_word' id='word_1_318' title='bbox 1733 3607 1781 3641; x_wconf 84' lang='lat'>2.</span> <span class='ocrx_word' id='word_1_319' title='bbox 1812 3590 1934 3657; x_wconf 88' lang='lat' dir='ltr'>Opp.</span> <span class='ocrx_word' id='word_1_320' title='bbox 1967 3591 2081 3640; x_wconf 84' lang='lat' dir='ltr'>edit.</span> <span class='ocrx_word' id='word_1_321' title='bbox 2118 3589 2269 3639; x_wconf 83' lang='lat' dir='ltr'>Balle-</span> 
     </span>
     <span class='ocr_line' id='line_1_36' title="bbox 236 3664 1755 3738; baseline 0.007 -26"><span class='ocrx_word' id='word_1_322' title='bbox 236 3666 302 3727; x_wconf 74' lang='lat'>(2)</span> <span class='ocrx_word' id='word_1_323' title='bbox 338 3664 501 3731; x_wconf 80' lang='lat' dir='ltr'>Epist.</span> <span class='ocrx_word' id='word_1_324' title='bbox 537 3667 602 3716; x_wconf 84' lang='lat' dir='ltr'>ad</span> <span class='ocrx_word' id='word_1_325' title='bbox 634 3667 815 3732; x_wconf 76' lang='lat' dir='ltr'>Afros,</span> <span class='ocrx_word' id='word_1_326' title='bbox 859 3681 947 3720; x_wconf 82' lang='lat' dir='ltr'>etc.</span> <span class='ocrx_word' id='word_1_327' title='bbox 972 3673 1062 3721; x_wconf 84' lang='lat' dir='ltr'>loc.</span> <span class='ocrx_word' id='word_1_328' title='bbox 1100 3674 1179 3720; x_wconf 90' lang='lat' dir='ltr'>cit.</span> <span class='ocrx_word' id='word_1_329' title='bbox 1263 3675 1354 3720; x_wconf 86' lang='lat' dir='ltr'>rin.</span> <span class='ocrx_word' id='word_1_330' title='bbox 1381 3671 1572 3722; x_wconf 83' lang='lat' dir='ltr'>Veronae</span> <span class='ocrx_word' id='word_1_331' title='bbox 1609 3670 1755 3738; x_wconf 81' lang='lat'><strong>1765.</strong></span> 
     </span>
    </p>
   </div>
  </div>
 </body>
</html>
