2514 4218
219 117 338 178 488

835 135 1033 176 TRAGT.
1079 138 1147 173 DE
1191 136 1344 175 LOCIS
1387 134 1763 175 THEOLOGICIS.

222 282 446 342 ducunt
490 278 808 342 adversarii
856 278 1041 339 veluti
1087 278 1377 360 imparem
1398 324 1415 353 .,
1480 276 1539 337 in
1572 278 1844 358 praesenti
1873 299 2071 339 rerum
2106 277 2315 341 ordine
2339 326 2355 356 ,

221 374 550 445 medendO,
581 374 917 455 excogitatis
956 373 1070 433 illis
1107 371 1493 432 incommodis
1543 393 1670 455 quae
1700 395 1772 432 ex
1805 396 1872 434 ea
1908 375 2020 457 ipsi
2049 387 2358 457 repetunt,

231 493 601 555 quorumque
651 469 898 531 obtentu
953 470 1264 552 pontificiae
1320 469 1625 551 potestatis
1680 491 1872 529 osores
1925 470 2362 533 distinctionem

230 567 394 628 illam
432 569 494 626 in
530 567 795 627 medium
839 564 1232 647 protulerunt.
1258 567 1422 625 Nova
1454 563 1742 646 siquidem
1772 564 2217 646 perturbaretur
2242 568 2364 628 dis-

231 664 478 748 ciplina,
512 674 679 724 vetus
713 673 910 721 autem
946 661 1191 721 minime
1227 671 1602 722 revocaretur
1630 659 1745 740 (l).

1058 854 1530 897 DIFFICULTATES

316 997 461 1056 712.
511 995 646 1075 Obj.
702 997 914 1078 prima.
973 998 1036 1054 1Ο
1083 994 1347 1054 Christus
1396 1016 1517 1054 non
1566 997 1668 1053 uni
1715 1018 1865 1054 rom.
1924 997 2222 1071 Pontifici,
2274 994 2378 1056 sed

227 1094 404 1155 etiam
427 1091 723 1175 Episcopis
751 1091 1067 1152 Ecclesiam
1099 1090 1397 1151 ordinario
1421 1095 1553 1170 jure
1587 1091 1908 1170 regendam
1941 1104 2001 1152 et
2039 1092 2375 1173 gubernan-

230 1189 368 1248 dam
403 1187 729 1263 commisit,
767 1187 1040 1246 imminui
1089 1186 1338 1269 proinde
1380 1209 1503 1244 non
1555 1197 1744 1267 potest
1782 1188 2216 1247 ordinariorum
2261 1209 2375 1270 po-

230 1296 411 1345 testas
434 1329 450 1358 .,
498 1283 644 1364 quin
692 1282 1074 1365 perturbetur
1099 1284 1242 1342 ordo
1282 1305 1312 1340 a
1338 1281 1568 1341 Christo
1611 1283 1737 1365 ipso
1772 1283 2096 1343 institutus.
2126 1284 2195 1342 20
2227 1284 2379 1343 Sane

236 1380 488 1441 Ecclesia
539 1379 840 1460 primitiva
875 1426 891 1451 ‚
955 1378 1289 1440 fidelissima
1343 1378 1559 1438 Christi
1612 1379 1932 1440 voluntatis
1982 1382 2273 1463 interpres
2321 1391 2382 1440 et

235 1497 530 1537 canonum
579 1485 808 1547 custos,
855 1497 962 1533 usu
989 1486 1049 1534 et
1076 1473 1486 1533 observatione
1525 1485 1726 1556 aperte
1765 1475 2023 1535 ostendit
2051 1522 2066 1549 ,
2108 1497 2382 1558 quaenam

234 1578 369 1653 jura
388 1556 748 1631 ,essentialia
785 1571 1071 1652 pontificii
1111 1570 1399 1652 primatus
1442 1570 1666 1630 censeri
1702 1569 1958 1630 debeant
1981 1617 1997 1645 ,
2017 1577 2130 1652 jus
2167 1572 2385 1633 scilicet

237 1689 531 1747 supremoe
581 1670 1006 1745 inspectionis‘,
1037 1670 1153 1744 jus
1205 1671 1481 1744 supremi
1508 1670 1847 1746 provisorii
1892 1672 2241 1749 reyiminis,
2267 1674 2385 1748 jus

250 1764 522 1824 Concilio,
557 1763 922 1822 convocandi
974 1767 1169 1842 iisque
1211 1763 1617 1840 proesidendi,
1653 1767 1772 1842 jus
1812 1765 2174 1823 vindicandi
2207 1786 2386 1823 eano-

249 1882 399 1919 παθη
437 1862 910 1929 observantiam,
937 1869 1078 1933 etc.;
1117 1857 1339 1940 reliqua
1375 1846 1512 1918 vero
1535 1863 1703 1939 jura,
1729 1882 1822 1920 ex.
1863 1883 1947 1940 gr.
1985 1862 2395 1941 confirmandi

243 1957 570 2036 Episcopos
582 1999 606 2027 ,
648 1955 1063 2014 canonizandi
1090 1955 1367 2023 Sane-803,
1403 1957 1828 2034 appellationes
1856 1958 2226 2034 reci-piendi,
2255 1956 2388 2014 dis-

242 2053 593 2131 pensandi,
630 2054 788 2130 festa
822 2051 1217 2122 instituendi,
1257 2072 1434 2110 casus
1465 2052 1854 2124 reservandi,
1894 2062 2004 2111 etc.
2034 2073 2164 2133 quae
2185 2051 2391 2133 primis

251 2145 460 2207 seculis
509 2167 541 2204 a
592 2168 744 2205 rom.
800 2144 1180 2204 Pontificibus
1238 2145 1484 2205 minime
1536 2145 1964 2206 exercebantur
1989 2192 2006 2222 7
2061 2146 2165 2206 sed
2210 2147 2391 2206 serius

253 2243 449 2324 primo
499 2263 529 2300 a
578 2239 1045 2323 metropolitanis
1089 2287 1106 2317 7
1175 2240 1390 2301 deinde
1437 2263 1469 2299 a
1517 2241 1754 2323 synodis
1803 2240 2261 2325 provincialibus
2317 2241 2393 2303 ad

265 2337 502 2398 eosdem
549 2335 823 2400 devoluta
852 2347 1027 2414 sunt,
1062 2335 1226 2400 velut
1259 2336 1636 2397 accidentalia
1662 2349 1800 2397 sunt
1838 2337 2104 2421 putanda
2145 2336 2276 2415 vel,
2318 2360 2391 2401 ex

259 2584 397 2634 docta
427 2584 685 2634 dissertatio
735 2586 1013 2650 prooemialis
1037 2621 1053 2649 ‚
1094 2587 1147 2634 in
1190 2604 1284 2653 qua

256 2668 386 2718 idem
452 2677 612 2717 auctor
689 2669 942 2718 clarissimo
997 2671 1048 2718 in
1105 2670 1286 2719 lumine

258 2753 391 2816 ponit
414 2750 707 2799 schismatica
735 2749 860 2799 illius
881 2768 1151 2816 congressus
1181 2769 1284 2799 mo-

264 2833 451 2882 limina.
496 2832 642 2881 Paulo
681 2843 787 2882 ante
819 2836 917 2900 jam
949 2850 1289 2882 commemora-

263 2914 415 2962 vimus
464 2931 673 2963 erroneas
694 2966 698 2970 .
721 2926 766 2964 et
821 2915 1137 2963 schismaticas
1202 2917 1289 2964 do-

267 2997 467 3057 ctrinas,
502 2999 552 3043 in
579 3014 695 3062 quas
724 2997 941 3046 nonnulli
981 2998 1288 3047 distinctionis

271 3073 416 3142 hujus
445 3089 687 3127 assertores
718 3080 917 3145 prolapsi
942 3090 1068 3129 sunt.

336 3158 407 3222 (Ι)
442 3157 603 3224 Neque
638 3162 715 3209 hic
751 3162 1061 3211 omittendum
1103 3173 1200 3224 est,
1238 3179 1290 3213 ex

270 3239 479 3304 plurium
522 3240 855 3308 Episcoporum
893 3262 945 3293 ac
976 3246 1292 3310 metropolita-

267 3339 374 3369 rum
408 3322 687 3387 negligentia
726 3326 1040 3389 superioribus
1070 3330 1293 3392 tempori-

273 3405 362 3454 bus
377 3406 551 3454 factum
577 3423 669 3455 esse
686 3444 699 3467 ,
735 3420 783 3457 ut
816 3429 933 3458 rom.
954 3411 1197 3460 Pontifices
1222 3416 1294 3460 in-

272 3497 517 3553 terponere
536 3489 780 3538 debuerint
799 3496 1117 3543 auctoritatem
1135 3512 1265 3542 suam
1279 3531 1292 3554 ‚

275 3572 411 3635 cujus
442 3590 538 3620 non
572 3589 718 3637 pauca
745 3575 953 3640 exempla
978 3576 1050 3625 vel
1072 3579 1168 3642 ipse
1187 3594 1295 3642 pro-

276 3656 446 3703 testans
459 3646 638 3706 ⁴Hurter
665 3656 836 3722 profert
863 3658 913 3706 in
944 3657 1131 3709 historia
1150 3658 1291 3708 Inno-

1368 2590 1509 2636 centii
1567 2586 1654 2635 111.
1712 2586 1875 2653 Neque
1930 2587 2237 2652 praetereundi
2288 2597 2397 2636 sunt

1369 2670 1704 2718 nonnullorum
1757 2669 2089 2735 Episcoporum
2132 2670 2305 2720 abusus
2345 2673 2396 2719 in

1370 2754 1593 2799 exercitio
1624 2767 1716 2799 suae
1748 2755 2056 2813 auctoritatis,
2087 2755 2169 2820 qui
2196 2755 2396 2801 occasio-

1372 2850 1480 2882 nem
1496 2834 1797 2899 proebuerunt
1810 2852 1936 2885 rom.
1950 2835 2254 2885 Pontificibus
2267 2836 2398 2900 plura

1372 2917 1459 2964 sibi
1503 2918 1789 2966 reservandi.
1835 2918 1997 2985 Neque
2040 2918 2242 2983 denique
2276 2934 2397 2981 prae-

1373 3001 1724 3049 termittendum
1756 3011 1853 3064 est,
1893 3002 1999 3050 talia
2024 3001 2303 3067 quandoque
2343 3019 2396 3050 ex

1374 3099 1530 3131 rerum
1569 3084 1864 3149 politicarum
1907 3093 2027 3132 statu
2066 3083 2283 3147 adjuncta
2319 3087 2393 3132 vi-

1375 3183 1511 3231 gere,
1555 3167 1726 3232 quibus
1766 3165 2048 3231 impossibile
2088 3168 2145 3213 sit
2182 3165 2394 3215 Concilia

1376 3250 1675 3312 provincialia
1688 3266 1863 3313 cogere.
1883 3247 2157 3308 Adversarii,
2180 3248 2263 3315 qui
2280 3265 2398 3314 saepe

1378 3331 1493 3379 adeo
1515 3332 1732 3380 adversus
1760 3329 1935 3378 abusus
1965 3331 2212 3396 pontificiae
2233 3342 2394 3380 aucto-

1378 3414 1523 3461 ritatis
1551 3412 1834 3470 declamant,
1868 3413 1970 3462 haec
1999 3416 2156 3462 omnia
2179 3414 2395 3462 dissimu-

1379 3495 1515 3554 lant,
1565 3497 1601 3541 si
1648 3494 1900 3544 nonnullos
1947 3498 2090 3562 magis
2135 3496 2394 3547 moderatos

1380 3578 1593 3641 excipias.
