2514 4218
2083 194 2203 258 499

438 220 599 257 PAn'r.
649 220 691 256 1·
739 217 891 256 SEC'I'·
938 218 1002 255 11.
1051 218 1174 256 CAP.
1218 218 1302 258 IV·
1353 219 1421 255 DE
1463 217 1642 256 noun.
1692 217 1839 264 Pluu.

83 359 423 421 Pontificem
454 357 529 418 de
556 378 711 418 novo
740 379 934 418 errore
955 403 971 432 7
1007 362 1246 438 ejusque
1273 355 1561 436 judicium
1596 369 1773 440 atque
1801 357 2204 422 definitionem

85 466 421 544 exposcunt.
454 455 620 512 Rom.
652 452 919 512 Pontifex
945 449 1174 512 mature
1210 450 1367 533 quod
1402 451 1515 510 sibi
1550 452 1916 534 propositum
1951 466 2040 514 est
2073 477 2205 539 per·

85 551 290 634 pendit
311 595 328 622 ,
362 548 822 629 diuturnamque
847 546 1102 606 instituit
1131 546 1613 628 inquisitionem,
1643 558 1711 606 ut
1735 568 1802 606 ea
1832 564 1948 630 qua
1976 570 2083 630 par
2115 564 2204 612 est

82 645 397 728 prudentia
433 665 498 702 ac
526 645 861 703 maturitate
896 644 958 701 in
993 640 1346 700 difficillimis
1370 642 1844 724 gravissimisque
1870 645 2116 724 negotiis
2144 669 2206 709 se

85 752 266 820 gerat.
294 742 581 799 Rumores
615 739 976 810 excitantur,
1000 736 1213 816 scripta
1247 735 1388 796 hinc
1420 736 1559 797 inde
1594 737 1922 820 prodeunt,
1951 740 2209 804 Concilia

86 836 385 896 interdum
419 834 794 919 provincialia
826 845 927 894 aut
957 832 1271 892 nationalia
1309 834 1486 894 etiam
1521 834 1597 893 ad
1628 857 1755 895 rem
1785 834 2211 901 discutiendam

88 941 407 1013 coguntur,
453 930 649 1012 plures
679 928 1029 1011 quandoque
1068 928 1209 986 anni
1256 928 1318 987 in
1349 928 1439 989 his
1486 928 1849 1006 dilabuntur,
1891 946 2210 1016 antequam

89 1038 289 1085 sancta
339 1025 514 1085 Sedes
560 1024 962 1085 definitionem
1007 1043 1173 1081 suam
1216 1025 1447 1084 emittat
1472 1070 1488 1099 ,
1531 1025 1618 1083 uti
1662 1027 2023 1108 experientia
2061 1051 2205 1089 con-

89 1132 205 1179 stat
231 1120 338 1203 (l).
374 1119 619 1193 Quando
659 1117 905 1201 proinde
942 1138 1207 1176 summus
1242 1119 1511 1178 Pontifex
1544 1118 1822 1180 ultimum
1855 1144 2027 1183 suum
2049 1124 2208 1202 judi-

91 1215 246 1275 cium
284 1215 541 1297 profert,
585 1215 876 1292 integrum
916 1214 1219 1294 negotium
1254 1212 1431 1294 plane
1468 1215 1769 1274 maturuit.
1813 1217 2208 1290 Quamobrem

92 1313 219 1373 fieri
250 1312 456 1393 nequit
480 1356 497 1386 ,
530 1321 596 1369 ut
625 1307 870 1368 Ecclesia
904 1306 1003 1368 vel
1035 1309 1300 1388 insurgat
1328 1308 1605 1372 adversus
1642 1312 1934 1373 Pontificis
1965 1315 2214 1396 dogma-

92 1409 275 1468 ticum
308 1406 633 1487 judicium,
673 1415 774 1463 aut
807 1402 954 1462 illud
988 1403 1308 1464 reformare
1355 1405 1574 1486 possit3
1611 1427 1678 1465 ae
1711 1428 2018 1489 nunquam
2059 1422 2215 1473 certe

95 1503 306 1564 accidit
365 1523 514 1561 rom.
573 1499 916 1559 Pontificem
988 1499 1050 1557 in
1119 1498 1557 1558 definitionibus
1618 1500 1959 1582 dogmaticis
2020 1504 2214 1565 solum

96 1598 370 1658 extitisse.
426 1594 594 1669 Quod
648 1595 697 1653 si
740 1594 1004 1676 Episcopi
1048 1594 1204 1653 inter
1249 1614 1310 1654 se
1359 1594 1526 1657 divisi
1577 1596 1731 1671 sint,
1803 1597 2017 1680 aliique
2045 1635 2047 1638 .
2074 1622 2210 1660 cum

95 1693 406 1766 Pontifice,
457 1701 658 1749 contra
702 1689 1046 1749 Pontificem
1096 1700 1292 1749 autem
1339 1689 1437 1748 alii
1480 1699 1638 1749 stent
1661 1736 1677 1761 ,
1738 1691 1889 1751 nulli
1930 1695 2211 1756 catholico

96 1789 293 1868 ignota
336 1785 535 1866 regula
585 1796 673 1845 est
706 1806 722 1843 z
766 1784 888 1844 Ubi
921 1785 1172 1859 Petrus,
1211 1786 1307 1846 ihi
1342 1785 1615 1845 Ecclesia
1646 1784 1766 1868 (2),
1815 1788 2075 1872 adeoque
2117 1812 2213 1851 eos

96 1881 418 1942 necessario
446 1901 673 1954 errare,
716 1879 819 1962 qui
852 1889 1053 1940 contra
1084 1880 1425 1939 Pontificem
1451 1901 1513 1940 se
1549 1881 1813 1960 erigunt,
1854 1905 1988 1943 cum
2022 1886 2216 1948 Eccle-

98 1978 244 2035 siam
272 1998 394 2035 non
426 1974 676 2057 amplius
698 1974 840 2056 ipsi,
876 1972 981 2034 sed
1002 1973 1318 2034 factionem
1344 1974 1686 2057 acephalam
1709 1979 2072 2041 constituant
2093 1981 2206 2064 (3).

172 2235 238 2299 (Ι)
265 2234 415 2299 Hujus
431 2232 602 2300 agendi
618 2232 810 2280 rationis
825 2230 1116 2279 luculentum

104 2318 307 2382 suppetit
335 2315 596 2380 exemplum
615 2316 667 2362 in
686 2315 996 2363 controversia
1011 2311 1118 2378 jan·

108 2403 322 2460 seniana,
345 2414 447 2466 quae
474 2398 559 2446 diu
577 2399 742 2461 agitata
761 2407 898 2462 atque
916 2397 1118 2446 discussa

104 2485 155 2532 in
181 2481 339 2531 Galliis
371 2482 535 2530 fuerat.
563 2479 761 2528 Romam
779 2515 794 2540 ,
834 2478 918 2527 ubi
944 2496 1119 2528 novum

106 2576 174 2614 est
191 2566 453 2613 institutum
474 2580 695 2622 examen,
723 2562 987 2628 janseniani
1014 2578 1120 2609 suos

106 2644 335 2712 delegatos
359 2647 605 2708 miserant3
630 2644 810 2709 singula
842 2660 1006 2707 magna
1032 2643 1122 2691 sol-

105 2729 234 2777 lertia
258 2745 311 2776 ac
338 2728 420 2775 diu
437 2728 564 2775 fuere
585 2741 831 2791 perpensa,
851 2727 901 2773 in
919 2724 1120 2791 quadra·

107 2813 235 2875 ginta
271 2816 353 2858 aut
383 2811 722 2875 quinquaginta
757 2809 1123 2872 congregationi-

108 2893 200 2941 bus
239 2894 334 2941 sive
375 2908 527 2939 coram
570 2890 794 2938 Pontifice
831 2890 925 2938 sive
965 2906 1121 2937 eoram

112 2975 437 3024 Cardinalibus
466 2974 525 3022 ad
548 2973 649 3021 hoc·
662 2972 848 3021 delectis
865 3008 879 3032 ‚
911 2974 994 3037 qui
1025 2981 1123 3020 octo

115 3059 354 3120 postremis
391 3057 631 3104 mensibus
651 3051 778 3102 illius
798 3053 998 3111 biennii,
1029 3070 1125 3120 quo

116 3152 308 3186 examen
330 3137 454 3186 istud
477 3137 744 3186 confectum
767 3144 835 3183 est
855 3172 869 3195 ,
897 3152 1044 3200 usque
1065 3135 1125 3183 ad

116 3220 301 3282 triginta
325 3228 414 3267 tres
435 3218 835 3277 interveniebant,
867 3216 1015 3264 donee
1042 3215 1126 3263 In-

117 3301 358 3348 nocentius
383 3299 458 3358 X,
495 3318 573 3349 an.
610 3297 767 3360 1653,
804 3298 879 3346 die
923 3299 980 3347 31
1017 3297 1128 3346 Maii

118 3381 346 3430 celebrem
386 3383 759 3429 constitutionem
799 3380 982 3435 edidit,
1026 3396 1128 3444 quae

120 3464 283 3528 incipit
310 3478 324 3512 ι
353 3460 441 3510 Em
481 3463 745 3512 occasione.
774 3460 874 3511 cfr.
893 3451 1129 3509 ‘Histoire

121 3543 203 3591 des
230 3546 345 3608 cinq
384 3543 711 3608 Proposiiions
744 3542 802 3592 de
830 3542 1126 3599 Jamem‘us,

123 3625 260 3692 Liege
297 3623 455 3693 1699,
491 3636 606 3674 tom.
635 3642 650 3673 1
672 3662 686 3686 ‚
720 3625 802 3676 liv.
837 3643 870 3674 1.
898 3623 1040 3674 Aliud
1060 3643 1131 3674 re-

1199 2230 1540 2282 Constitutione
1568 2232 1640 2282 Pii
1661 2232 1726 2282 Vl
1743 2272 1757 2296 ‚
1796 2234 2056 2286 Auctorem
2068 2240 2218 2304 fidei,

1203 2329 1311 2380 quae
1336 2324 1431 2363 toto
1463 2316 1688 2364 decennio
1711 2332 1739 2364 a
1760 2317 1988 2368 celebrata
2017 2324 2222 2386 pseudo-

1200 2395 1376 2462 synodo
1407 2396 1709 2457 Piston-icosi,
1745 2414 1915 2465 nempe
1939 2416 2019 2450 an.
2059 2401 2222 2472 1794,

1201 2486 1383 2527 exarata
1413 2488 1498 2527 est.

1272 2559 1340 2623 (2)
1376 2557 1430 2609 S.
1459 2559 1672 2609 Ambros.
1689 2558 1922 2611 Enormi.
1951 2565 2001 2612 in
2029 2563 2104 2615 Ps.
2137 2583 2192 2615 xi.
2211 2603 2226 2631 ,

1202 2660 1253 2690 n.
1288 2641 1373 2690 30.
1939 2662 1941 2664 ·

1269 2723 1342 2787 (3)
1371 2723 1422 2772 Id
1448 2722 1736 2787 apertissime
1754 2737 1930 2775 constat
1955 2746 2015 2781 exv
2040 2739 2109 2778 tot
2144 2731 2221 2780 fa-

1203 2805 1436 2854 ctionibus
1456 2842 1470 2865 ,
1503 2821 1610 2871 quae
1634 2805 1893 2856 identidem
1925 2811 1977 2857 in
2006 2808 2224 2861 Ecclesiis

1204 2887 1505 2936 orientalibus
1549 2889 1753 2935 exeitatae
1791 2900 1905 2938 sunt
1921 2927 1935 2951 ,
1970 2895 2221 2955 praesertim

1204 2986 1316 3017 vero¹
1349 2985 1406 3017 ex
1435 2969 1672 3016 occasione
1702 2969 1960 3020 schismatis
1987 2971 2224 3026 Acaciani.

1204 3050 1427 3115 Quamvis
1463 3066 1599 3115 porro
1639 3066 1808 3116 magno
1843 3070 2040 3103 numero
2078 3066 2257 3110 essent.

1207 3132 1450 3198 Episcopi,
1472 3133 1674 3198 quicum
1693 3136 1789 3181 suis
1805 3136 2075 3198 patriarchis
2091 3142 2227 3189 resti-

1206 3223 1364 3263 terunt
1395 3231 1517 3261 rom.
1545 3212 1792 3274 Pontifici,
1821 3215 1996 3282 absque
2023 3219 2119 3267 ulla
2138 3220 2226 3269 du-

1207 3296 1434 3345 bitatione
1464 3294 1533 3343 illi
1556 3310 1717 3344 omnes
1742 3305 1788 3344 et
1816 3298 1897 3346 soli
1914 3299 1974 3348 ad
2002 3304 2226 3350 unitatem

1209 3377 1425 3426 Ecclesiae
1474 3378 1746 3442 pertinuisse
1786 3378 1933 3428 habiti
1969 3393 2108 3442 sunt,
2144 3385 2230 3450 qui

1210 3477 1329 3508 rom.
1364 3458 1547 3506 Praesuli
1587 3458 1898 3511 adhaeserunt.
1940 3461 2229 3529 Quapropter

1210 3540 1479 3600 Bossuetus,
1507 3542 1555 3588 iu
1576 3536 1904 3591 Imtructione
1915 3545 2157 3609 postorali
2172 3545 2233 3596 de

1204 3623 1457 3691 promissis
1495 3621 1732 3673 Ecclesiae
1767 3625 1915 3690 sociis
1934 3662 1949 3683 ,
1982 3644 2123 3692 agens
2147 3628 2230 3677 ad-

129 3709 306 3758 centius
338 3707 490 3757 adhuc
527 3706 789 3772 exemplum
831 3706 1056 3757 habemus
1092 3709 1142 3756 in
1223 3721 1384 3757 versus
1399 3705 1635 3756 haereticos
1647 3711 1960 3767 autumantes,
1980 3707 2233 3760 Ecclesiam

1890 3785 1988 3846 32.
