2514 4218
232 174 350 235 520
850 190 1046 230 rnAc'r.
1095 193 1165 229 nn
1209 190 1361 231 roms
1405 177 1789 232 rnaozoslcm.

236 338 574 421 dogmaticis
597 382 614 412 ‚
656 346 758 396 aut
798 334 1009 395 saltem
1044 336 1131 394 uti
1173 334 1499 414 dogmatica
1532 346 1790 416 spectata
1831 357 1955 396 non
1991 336 2232 397 fuerunt
2260 339 2371 419 (l).

318 433 459 495 768.
511 432 602 493 Ad
655 431 764 503 4¹1¹,
817 432 977 491 Dist.
1037 431 1097 489 Si
1151 441 1497 509 cogerentur
1547 430 1802 491 Concilia
1861 432 1935 492 ad
1995 433 2375 493 intrinsecam

234 530 548 614 pontificiis
594 528 932 608 dogmaticis
986 526 1232 586 decretis
1293 528 1415 586 vim
1465 526 1914 604 conferendam,
1965 551 2156 600 conc.;
2205 531 2254 588 si
2302 529 2374 590 ad

237 627 644 686 auctoritatem
695 624 1081 683 extrinsecam
1136 621 1558 701 adjiciendam,
1604 623 1685 681 ita
1740 624 2115 704 poscentibus
2170 646 2371 685 rerum

237 721 564 801 adjunctiS‚
614 734 742 800 neq.
792 718 1143 800 Dogmaticae
1191 719 1351 777 enim
1394 740 1542 776 rom.
1595 719 1944 802 Pontificum
1995 720 2373 781 definitiones

237 828 426 877 totam
460 817 583 878 vim
617 837 865 896 eamque
899 815 1220 876 coactivam
1249 835 1320 874 ex
1352 835 1413 874 se
1444 813 1701 889 habent,
1743 814 1890 875 adeo
1923 828 1990 876 ut
2026 839 2204 878 nemo
2240 837 2378 877 vere

240 912 557 973 catholicus
595 912 664 970 iis
706 911 990 970 obsistere
1034 910 1219 992 possit
1259 922 1362 969 aut
1408 910 1704 990 refragari.
1748 912 1973 972 Verum
2017 934 2152 972 cum
2191 934 2379 972 nova-

240 1020 395 1068 tores
437 1008 520 1067 eis
565 1019 937 1066 contumaces
971 1005 1300 1075 obsistunt,
1348 1006 1548 1066 turbas
1590 1019 1871 1083 movent,
1915 1010 2179 1068 incautos
2222 1003 2381 1068 deci·-

245 1104 452 1186 piunt,
484 1125 630 1184 opus
665 1114 945 1185 praeterea
984 1113 1073 1163 est
1096 1113 1163 1160 ut
1192 1101 1446 1161 Concilia
1470 1102 1771 1162 interdum
1802 1115 2235 1181 convocentur,
2264 1126 2381 1187 quo

244 1222 318 1261 ex
342 1199 692 1259 >multorum
759 1197 985 1259 collatis
1037 1198 1323 1277 suffragiis
1382 1210 1562 1280 atque
1616 1199 1863 1260 solemni
1921 1199 2253 1261 adhaesione
2306 1201 2382 1262 ad

244 1297 611 1379 pontificiam
651 1295 1062 1355 definitionem
1094 1297 1275 1374 magis
1305 1306 1565 1376 patescat
1595 1297 1771 1354 totius
1801 1295 2060 1356 Ecclesiae
2087 1296 2383 1358 catholicae

244 1392 425 1469 fides,
467 1414 533 1452 ac
576 1391 670 1452 vel
717 1403 1088 1451 contumaces
1143 1391 1366 1450 facilius
1411 1391 1486 1450 ad
1528 1393 1819 1452 unitatem
1856 1405 2244 1468 revocentur,
2289 1392 2385 1455 vel

254 1489 572 1550 solemnius
595 1510 797 1548 eorum
812 1486 1480 1570 pervicaciadamnetur.
1495 1489 1862 1569 Experientia
1883 1501 2084 1549 tamen
2106 1488 2383 1567 ostendit,

250 1607 347 1645 eos
397 1606 637 1658 omneS‚
689 1584 788 1666 qui
842 1583 1022 1642 fidem
1079 1594 1138 1642 et
1191 1582 1614 1660 subjectionem
1670 1586 1981 1666 pontificiis
2043 1586 2385 1667 dogmaticis

253 1680 654 1742 sanctionibus
722 1678 1127 1738 detrectarunt
1165 1722 1184 1752 ‚
1253 1677 1525 1737 eamdem
1583 1678 1936 1739 detrectasse
1996 1683 2390 1742 oecumenico-

250 1798 386 1836 rum
432 1774 825 1834 Conciliorum
860 1773 1129 1833 decretis,
1170 1774 1449 1847 Accedit,
1515 1777 1822 1835 Pontifices
1860 1776 2018 1858 ipsos
2067 1776 2395 1836 identidem

256 1870 543 1951 ejusmodi
578 1870 974 1930 Conciliorum
1001 1872 1488 1931 convocationem
1506 1871 1845 1951 efflagitasse
1882 1883 1950 1930 ut
1977 1871 2241 1932 medium
2267 1872 2394 1931 ido-

257 1989 442 2029 neum
487 1967 562 2027 ad
603 1967 955 2050 quaestiones
988 1966 1276 2049 implexas
1326 1988 1392 2027 ac
1438 1967 1702 2049 difficiles
1733 1968 1915 2027 tutius
1974 1966 2391 2027 discutiendas,

256 2064 374 2124 Nec
406 2066 565 2124 enim
595 2064 717 2125 sive
759 2086 908 2123 rom.
947 2064 1247 2123 Pontificis
1289 2065 1411 2126 sive
1456 2064 1700 2124 Concilii
1736 2065 2081 2124 oecumenici
2114 2062 2395 2127 infallibi-

256 2160 388 2219 litas
428 2159 687 2219 excludit
717 2159 907 2219 media
958 2159 1032 2219 ad
1072 2161 1384 2220 veritatem
1427 2160 1500 2220 de
1546 2183 1661 2242 qua
1697 2161 1888 2241 agitur
1934 2159 2395 2242 assequendam,

259 2256 512 2338 quippe,
548 2267 612 2314 ut
643 2255 780 2320 alias
817 2255 1105 2333 diximuS,
1140 2279 1264 2315 non
1302 2279 1409 2339 per
1445 2257 1690 2316 modum
1724 2257 1901 2316 infusi
1938 2257 2122 2333 doni,
2154 2254 2258 2316 sed
2290 2277 2397 2338 per

261 2351 504 2411 modum
535 2351 826 2433 praesidii,
861 2352 984 2413 sive
1012 2363 1078 2411 ut
1101 2353 1267 2411 aiunt
1295 2354 1691 2423 adsistentioe,
1726 2356 1880 2412 Deus
1908 2352 2074 2412 illam
2102 2351 2391 2435 promisit.

347 2448 488 2510 769,
543 2447 676 2527 Obj.
720 2450 915 2510 tertia.
953 2451 1016 2507 10
1050 2449 1316 2508 Christus
1346 2449 1827 2509 infallibilitatem
1861 2448 2107 2509 contulit
2135 2447 2397 2508 Ecclesiae

265 2545 591 2620 universae3
617 2566 751 2627 ergo
788 2545 861 2605 ab
887 2567 953 2606 ea
982 2542 1154 2607 unice
1190 2558 1279 2606 est
1313 2545 1673 2631 exquirenda
1704 2568 1840 2609 vera
1868 2545 2011 2606 fides
2031 2591 2047 2621 .,
2084 2556 2145 2605 et
2176 2543 2250 2603 ab
2275 2547 2397 2624 ejus

335 2779 401 2846 (l)
438 2779 533 2829 cfr.
551 2796 657 2846 quae
673 2779 730 2829 de
744 2780 835 2828 hoc
851 2790 1123 2846 argumento
1140 2783 1288 2846 scrip·
1375 2780 1563 2845 loqique
1595 2779 1871 2829 accablante
1883 2819 1895 2842 ‚
1923 2797 2021 2828 une
2040 2779 2287 2828 eruditiori,
2304 2779 2401 2826 im-

272 2864 416 2912 simus
443 2865 494 2910 in
514 2871 644 2911 tract.
666 2860 738 2911 De
758 2858 982 2913 Sacram.
1008 2865 1067 2911 in
1091 2879 1287 2928 qenere,
1374 2861 1562 2924 meme,
1584 2881 1680 2911 une
1702 2861 1948 2929 eloquence
1965 2880 2080 2911 sans
2101 2861 2257 2928 bqalffl
2274 2857 2403 2926 qu'il

274 2962 376 3010 cap.
409 2944 439 2993 3
459 2983 471 3006 ,
505 2962 637 3010 prop.
666 2962 713 3007 1,
740 2964 786 2994 n.
822 2963 933 2996 121.
951 2945 1164 2995 Ceterum
1181 2947 1293 2994 huic
1374 2962 1496 2993 nous
1525 2945 1725 3011 indique
1763 2955 1953 2994 sartont
1986 2945 2028 2994 le
2066 2942 2288 2994 tribunal
2313 2942 2401 3006 qui

277 3031 417 3077 etiam
437 3028 699 3077 difficultati
718 3012 874 3094 aptare
888 3047 1149 3096 possumus,
1165 3031 1291 3097 quod
1373 3030 1644 3077 examinoit
1672 3046 1748 3077 ces
1780 3029 2019 3077 decisione
2048 3037 2092 3076 et
2122 3029 2211 3093 qui
2239 3025 2305 3073 les
2321 3029 2398 3072 νέ-

274 3109 350 3158 cl.
378 3108 542 3159 Comes
559 3110 629 3160 De
647 3112 832 3161 Maistre
856 3114 1167 3179 respondebat
1187 3114 1293 3162 Bos·
1367 3111 1583 3175 sormoit.
1617 3111 1707 3162 Au
1735 3119 1875 3174 reste,
1909 3110 1989 3158 s’il
2018 3126 2143 3159 noue
2172 3107 2397 3167 accorde,

276 3203 405 3243 sueto
437 3210 451 3242 z
487 3194 689 3244 Bossuet
725 3196 899 3245 veut-il
931 3213 1055 3245 nous
1082 3214 1295 3263 prouver
1374 3194 1463 3242 s’il
1487 3210 1609 3243 nous
1637 3210 1854 3261 proavo,
1894 3191 1972 3239 s’il
2000 3207 2122 3240 nouo
2164 3191 2402 3238 demontro

276 3276 328 3323 la
351 3282 611 3324 nouveaute
630 3278 684 3325 de
710 3286 826 3331 cette
845 3279 1058 3327 doctrino
1081 3280 1169 3343 (de
1186 3277 1294 3327 l'in-
1373 3295 1463 3343 que
1500 3277 1565 3325 les
1603 3278 1781 3325 decreta
1816 3276 2141 3340 doqmatiques
2172 3274 2251 3322 des
2275 3271 2402 3322 Sou-

276 3358 526 3407 faillibilite
543 3359 592 3421 )?
637 3359 776 3426 Qu'il
809 3378 930 3409 nous
969 3362 1163 3426 assiqua
1198 3379 1292 3410 une
1374 3359 1812 3422 veraim-Pomifhs
1850 3364 1932 3405 ont
1969 3359 2183 3424 toujours
2211 3356 2311 3422 fait
2335 3355 2404 3403 102·

280 3444 455 3506 bpoque
485 3440 542 3488 de
576 3437 804 3504 I'quise,
845 3443 909 3491 οιὶ
945 3442 1010 3490 les
1051 3443 1292 3492 decisione
1373 3442 1498 3490 dam
1522 3441 1755 3506 I’E'qlise,
1789 3439 2070 3487 laissons-le
2100 3439 2204 3487 dire
2235 3455 2325 3503 que
2352 3436 2399 3485 la

276 3521 604 3587 doqmatiquea
634 3522 701 3569 du
732 3522 1041 3589 Saint-Sibqe
1069 3525 1294 3581 ‘n’bloient
1373 3523 1589 3572 doctrine
1612 3523 1670 3571 de
1686 3521 2042 3587 l’insaillibilite
2059 3531 2128 3572 est
2149 3519 2363 3570 nouvelle
2380 3554 2397 3580 ,

270 3620 366 3669 pas
394 3604 473 3651 des
501 3603 589 3652 lois
610 3604 751 3669 aqu‘il
773 3607 917 3671 efface
940 3616 1044 3655 tous
1066 3607 1131 3657 les
1148 3611 1291 3657 ἐσήιε
1371 3606 1596 3673 qu’est-ce
1610 3622 1701 3669 que
1723 3603 1821 3653 cela
1840 3622 1962 3654 ‘nous
1977 3605 2112 3671 fait?
2131 3604 2223 3654 Du
2241 3602 2401 3669 Papo,

276 3687 340 3734 οὐ
369 3685 412 3733 il
434 3704 464 3735 a
487 3692 671 3753 proava
703 3687 744 3735 le
780 3691 1020 3737 contraire
1049 3707 1163 3739 avec
1195 3708 1290 3739 une
1372 3691 1456 3739 liv.
1486 3705 1502 3737 ι
1523 3726 1538 3750 ,
1570 3688 1647 3739 ch.
1691 3705 1705 3735 1
1733 3726 1746 3750 ,
1782 3690 1833 3737 in
1861 3689 1976 3741 fine.
