2514 4218
502 194 662 231 ram.
709 192 754 227 1.
801 190 930 228 cxv.
974 190 1051 231 lv.
1096 192 1164 228 »Β
1208 189 1479 230 noemmin
1522 189 1774 239 nominos.
2078 167 2199 226 285

152 336 304 395 429.
352 334 438 394 Ad
481 333 563 392 4¹1¹
599 378 615 406 ,
658 335 817 391 szsc.
875 331 1179 413 Apostolus
1219 330 1535 414 appellavit
1579 329 1655 389 ad
1704 330 2022 403 Caesarem,
2069 330 2204 413 quia

84 429 226 490 falso
258 439 552 489 accusatus
592 440 715 488 erat
754 427 827 487 de
860 426 1072 487 delicto
1099 427 1255 487 civili
1291 439 1353 487 et
1388 427 1658 509 politico,
1693 446 1909 508 nempe
1941 426 2016 487 de
2040 426 2204 488 sedi-

85 526 276 598 tione,
308 545 495 593 conc.,·
530 523 605 583 ob
638 524 934 604 negotium
969 521 1455 596 ecclesiasticum,
1497 544 1626 604 neq.

164 618 305 678 430.
355 618 486 697 Obj.
510 619 785 678 secunda.
818 619 882 677 1ο
910 615 1222 697 Disciplina
1255 617 1506 677 exterior
1525 617 1782 699 pertinet
1809 615 1883 676 ad
1905 616 2207 726 politicum

78 713 411 796 reipublicae
445 714 753 788 ordinem,
789 713 863 773 ad
897 711 1205 773 hominum
1242 711 1457 770 scilicet
1489 713 1778 787 actiones,
1809 724 2097 795 quatenus
2122 715 2208 772 ci·-

84 831 185 871 ves
214 821 351 868 sunt
370 854 386 884 ,
420 820 595 891 atque
615 808 691 869 ad
716 829 808 869 res
832 804 1185 888 temporales
1217 817 1283 865 et·
1308 804 1609 867 sensibiles
1633 852 1650 883 ,
1688 818 1997 890 propterea
2030 831 2062 868 a
2088 809 2210 869 rei·-

82 903 328 987 publicae
360 902 791 984 magistratibus
839 914 899 961 et
944 899 1400 982 Imperatoribus
1455 901 1861 963 moderandas,
1902 905 1971 962 20
2018 906 2211 978 Quare

85 999 350 1061 videmus
384 999 637 1059 Concilia
666 996 1014 1080 quamplura
1042 996 1107 1054 in
1139 997 1486 1078 antiquitate
1506 1043 1522 1072 ,
1562 998 1739 1058 etiam
1772 999 2061 1078 generalia
2082 1045 2098 1074 ,
2134 998 2210 1060 ad

87 1095 472 1176 Imperatores
495 1094 728 1178 propria
757 1102 882 1151 acta
911 1091 1302 1152 transmisisse
1331 1138 1347 1168 ,
1383 1103 1450 1152 ut
1483 1091 1557 1152 ab
1590 1093 1660 1153 iis
1698 1096 2213 1156 confirmarentur.

88 1188 154 1247 30
184 1189 583 1271 -Quid2quod
627 1187 862 1248 Codices
907 1185 1341 1248 Theodosianus
1375 1198 1435 1248 et
1467 1189 1900 1267 Justinianeus,
1939 1211 2047 1251 nec
2086 1212 2211 1251 non

87 1294 304 1344 statuta
337 1288 686 1345 Francorum
733 1304 939 1363 regum
977 1281 1148 1364 plura
1185 1283 1544 1342 constituant
1573 1283 1648 1342 ad
1685 1306 1777 1344 res
1808 1284 2208 1368 disciplinares

85 1381 460 1462 pertinentia,
476 1391 536 1439 et
561 1400 626 1439 ea
650 1379 1026 1452 confirment,
1052 1399 1181 1460 quae
1204 1379 1267 1436 in
1288 1377 1556 1437 Conciliis
1580 1378 1735 1438 edita
1756 1382 1917 1461 prius
1942 1382 2203 1455 fuerant,

88 1475 318 1536 decreta
336 1521 353 1551 ,
389 1475 680 1557 Episcopis
707 1497 829 1534 non
861 1475 1053 1535 solum
1083 1472 1470 1557 probantibus
1490 1520 1506 1549 ,
1552 1496 1757 1535 verum
1786 1476 1962 1535 etiam
1995 1497 2212 1558 expos-

88 1569 451 1630 tulantibus?
484 1569 551 1629 40
589 1572 806 1630 Notum
837 1569 1090 1652 denique
1122 1580 1211 1630 est
1240 1579 1300 1630 et
1333 1569 1746 1652 pervulgatum
1788 1573 2211 1654 Imperatorem

90 1656 540 1727 Constantinum
574 1687 634 1728 se
671 1667 865 1748 ipsum
903 1665 1119 1726 dixisse
1154 1669 1498 1746 episcopum
1547 1677 1896 1744 eoetcrnum,
1953 1689 2020 1727 ac
2055 1690 2211 1728 non-

87 1760 277 1819 nullos
311 1763 696 1843 Imperatores
722 1774 824 1820 aut
862 1783 1023 1842 reges
1061 1761 1157 1822 vel
1192 1783 1223 1820 a
1262 1763 1434 1822 Rom.
1467 1761 1845 1822 Pontificibus
1870 1763 1966 1825 vel
1994 1786 2026 1823 a
2057 1766 2211 1824 Con-

87 1854 230 1913 ciliis
250 1868 482 1916 vocatos
500 1856 674 1917 fuisse
689 1859 1012 1916 sacerdotes
1028 1903 1046 1927 ,
1072 1858 1134 1916 E
1136 1859 1358 1917 cclesioe
1380 1868 1629 1917 rectores
1644 1903 1662 1932 ,
1679 1860 1984 1937 pontifices
2005 1860 2206 1934 etiam3

87 1951 187 2031 qui
214 1964 552 2034 propterea,
592 1952 657 2010 50
691 1964 839 2013 teste
878 1952 1280 2012 Thomassinio
1315 1952 1557 2035 aliisque
1595 1954 1972 2035 scriptoribus
2004 1955 2208 2015 catho-

88 2043 210 2103 licis
231 2091 248 2120 ,
285 2048 502 2126 regiam
534 2058 885 2130 potestatem
924 2059 1310 2108 exercuerunt
1332 2051 1902 2127 superintendentiae
1929 2050 1992 2108 in
2032 2073 2213 2131 nego-

91 2139 185 2197 tiis
208 2150 273 2199 ·et
288 2141 537 2201 decretis
555 2143 950 2203 ecclesiasticis
973 2189 989 2218 ,
1019 2145 1082 2202 in
1107 2142 1428 2203 condendis
1453 2142 1680 2224 legibus
1704 2143 2176 2228 disciplinaribus
2193 2191 2210 2220 ,
2266 2191 2268 2194 ·

92 2234 443 2314 corrigendis
475 2235 747 2296 abusibus
771 2283 787 2311 ,
829 2237 1213 2299 decernendis
1259 2238 1469 2296 ritibus
1508 2240 1717 2311 sacriS,
1764 2251 1875 2298 etc.
1919 2239 2029 2320 (1).
2075 2243 2214 2315 Quae

93 2330 290 2389 omnia
322 2341 521 2411 aperte
560 2331 881 2391 ostendunt
902 2377 918 2406 ,
949 2332 1180 2412 negotia
1206 2331 1599 2412 disciplinaria
1624 2332 1836 2411 ⁹subjici
1863 2346 2073 2393 natura
2109 2358 2213 2396 sua

94 2424 434 2507 Principum
463 2428 828 2502 auctoritati,
866 2439 967 2486 aut
994 2426 1203 2486 saltem
1229 2427 1492 2487 Ecclesiae
1519 2439 1871 2509 potestatem
1903 2429 1967 2487 in
1992 2429 2082 2488 his
2106 2430 2214 2489 ab-

91 2518 341 2577 sol-utam
367 2542 490 2578 non
523 2542 647 2582 esse
681 2534 858 2604 atque
884 2543 1257 2604 supremam,
1298 2521 1403 2582 sed
1431 2524 1673 2583 omnino
1701 2524 2141 2607 dependentem
2176 2549 2211 2586 a

92 2614 245 2676 civili
273 2615 571 2695 regimine.
611 2619 779 2698 Ergo.

175 2708 315 2768 431.
365 2712 538 2794 Resp.
578 2711 668 2771 Ad
708 2714 822 2788 1¹¹1,
871 2714 1025 2795 Neq.
1067 2715 1146 2772 Ut
1192 2715 1350 2774 enim
1383 2714 1751 2776 imbecillitas
1792 2717 2072 2799 propositi
2116 2739 2212 2777 ar-

93 2807 357 2885 gumenti
387 2808 659 2888 patefiat,
686 2809 824 2868 satis
852 2820 942 2869 est
973 2809 1444 2871 animadvertere
1464 2811 1693 2893 ,quod,
1725 2813 1773 2870 si
1796 2812 1929 2872 ideo
1959 2814 2210 2873 exterior

94 2899 396 2983 disciplina
426 2902 502 2961 ad
530 2903 826 2986 Principes
851 2906 1112 2985 pertinet
1129 2951 1146 2982 ,
1171 2907 1305 2987 quia
1327 2907 1389 2966 in
1423 2907 1726 2989 politicum
1750 2909 2011 2988 regimen
2036 2909 2211 2969 nimis

99 2994 322 3071 influit,
347 3008 405 3057 et
434 2997 496 3056 in
525 3008 709 3058 status
743 2998 1089 3077 utilitatem,
1123 3000 1323 3060 nullus
1357 3023 1491 3083 ergo
1530 3004 1641 3062 erit
1663 3003 1727 3061 in
1766 3003 2040 3084 religione
2061 3050 2077 3080 ,
2116 3004 2212 3065 in-

95 3197 230 3262 pdtrc
267 3216 282 3248 z
319 3199 372 3248 Il
414 3203 527 3268 saut
555 3201 723 3269 pluuia*⁴
766 3204 899 3253 cheir
931 3204 962 3252 ὰ
990 3203 1118 3253 Dieu
1199 3223 1246 3256 se
1300 3219 1533 3273 gesserunt
1588 3207 1801 3274 Episcopi
1845 3212 2212 3275 praevaricatores

103 3276 278 3341 qu’aux
294 3279 517 3354 hommes.
543 3284 611 3334 Ce
627 3293 734 3334 sont
753 3285 810 3334 de
838 3285 996 3334 laches
1022 3303 1119 3334 ser·
1199 3287 1378 3356 Angliae
1397 3328 1410 3352 ,
1437 3308 1544 3339 cum
1585 3288 1811 3340 Henricu's
1844 3309 1926 3341 vui
1952 3293 2026 3342 his
2062 3293 2212 3342 verbis

103 3359 285 3407 viteam
327 3365 414 3426 qui
452 3381 501 3412 ω
545 3375 730 3415 servem
782 3383 959 3416 comme
1000 3367 1117 3432 d’tm
1199 3371 1491 3432 abuteretur,
1526 3381 1667 3438 atque
1694 3390 1874 3439 semper
1895 3374 2037 3423 aulici
2062 3391 2108 3422 se
2133 3377 2212 3436 ge-

107 3439 318 3489 bouclier
330 3446 564 3495 commode
581 3484 597 3508 ‚
614 3449 670 3497 de
683 3448 961 3498 l’extemion
975 3450 1117 3516 qu’ils
1197 3464 1339 3516 runt,
1361 3457 1541 3520 quoties
1562 3472 1609 3503 se
1632 3455 1855 3506 obtulerit
1880 3458 2072 3506 occasio.

107 3533 273 3571 cavent
299 3523 482 3573 donner
499 3527 623 3578 dam
649 3539 797 3581 tontes
831 3533 897 3582 les
925 3535 1113 3583 ‘circon-
1261 3536 1332 3601 (l)
1369 3536 1435 3584 Ita
1488 3535 1697 3599 Palmet,
1732 3550 1818 3604 op.
1864 3541 1944 3587 cit·
1973 3554 2079 3601 pag·
2109 3532 2204 3597 461
2276 3563 2281 3565 ·

106 3614 295 3654 otances
317 3606 349 3654 ὰ
376 3621 451 3654 cce
474 3613 830 3676 autmoparoles
850 3635 869 3663 .-
890 3614 999 3683 Que
1015 3619 1115 3664 tout
1194 3626 1240 3666 et
1270 3635 1399 3684 seqq.

107 3686 149 3735 le
161 3687 331 3737 mondo
345 3689 434 3737 soit
452 3691 631 3740 soumis
641 3691 674 3740 ὰ
686 3690 923 3745 l’autorieh
934 3713 957 3758 ‚-
975 3707 1113 3763 prout
