2514 4218
265 125 383 186 376

891 141 1087 179 TRAG'r.
1133 141 1202 177 1213
1246 140 1392 178 touls
1435 141 1811 181 THEOLOGICIS.

352 288 496 347 551.
543 287 610 345 4⁰
641 284 996 366 Conspirant
1032 284 1344 341 innumera
1390 282 1796 363 antiquissima
1844 282 2194 342 documenta
2218 327 2235 358 ‚
2273 304 2399 367 quae

268 388 466 444 Romae
494 382 796 465 potissime
822 379 1161 439 invisuntur
1188 377 1250 435 in
1286 377 1530 458 picturis
1563 422 1580 453 ,
1612 379 1873 437 nummis
1899 423 1915 452 ‚
1946 377 2266 460 parietibus
2291 426 2309 453 .,
2334 402 2400 440 ac

268 478 571 561 sepulcrO,
618 498 735 558 quo
776 479 904 553 jam
940 495 971 531 a
1025 472 1220 531 seculo
1276 474 1352 531 111
1406 473 1573 551 Cajus
1627 471 1736 531 sub
1784 474 2119 556 Zephyrino
2167 474 2403 535 haereti-

271 596 471 634 corum
523 570 1011 653 cataphrygarum
1056 567 1361 648 frangebat
1398 567 1738 643 audaciam,
1775 589 1875 629 eos
1917 570 2292 650 provocando
2328 571 2404 630 ad

267 669 578 732 invisenda
616 667 877 745 trophoea
908 711 923 739 ‚
979 677 1046 723 ut
1093 667 1217 746 ipse
1263 664 1564 747 loquitur„
1624 664 2037 747 Apostolorum
2065 711 2082 739 ‚
2135 667 2404 728 videlicet

269 768 430 828 Petri
462 773 520 824 et
557 763 719 823 Pauli
759 762 1022 844 sepulcra
1047 763 1158 841 (1)..
1623 752 1626 754 ’

354 862 494 919 552.
547 859 613 916 50
649 859 959 940 Conspirat
1009 859 1318 918 universus
1370 858 1573 917 christi
1613 880 1725 916 nus
1772 857 1966 932 orbiS.,
2024 858 2181 940 apud
2229 881 2405 942 quem

272 956 650 1018 celeberrima
704 955 814 1013 fuit
866 953 958 1015 vel
1008 976 1037 1012 a
1080 955 1467 1013 remotissima
1506 954 1852 1035 antiquitate
1898 956 2287 1036 peregrinatio
2332 955 2408 1015 ad

232 1052 538 1135 'sepulcra
583 1062 921 1109 sanctorum
978 1049 1388 1132 Apostolorum
1438 1050 1562 1129 (2);
1628 1070 1735 1110 nec
1785 1049 1979 1108 minus
2040 1049 2282 1111 celebris
2322 1063 2410 1111 est

274 1148 662 1208 Ecclesiarum
687 1157 818 1205 tum
841 1145 1215 1205 orientalium
1238 1157 1366 1204 tum
1401 1144 1853 1206 occidentalium
1882 1145 2119 1205 traditio
2153 1147 2228 1208 de
2266 1149 2416 1208 Petri

275 1254 466 1303 morte
504 1254 565 1302 et
601 1241 879 1302 cathedra
921 1241 1185 1318 ejusdem
1230 1263 1512 1317 romana,
1560 1245 1721 1318 cujus
1763 1241 1885 1301 dies
1925 1242 2107 1302 festus
2144 1243 2417 1304 anniver-

270 1340 456 1400 sarius
491 1337 566 1398 ab
599 1336 1053 1398 immemorabili
1081 1348 1350 1421 tempore
1395 1336 1643 1396 solemni
1674 1336 2010 1397 celebritate
2034 1337 2246 1397 colitur
2283 1338 2373 1420 (3)
2397 1360 2419 1409 ;

272 1434 620 1495 universalis
645 1433 886 1493 demum
921 1434 1220 1495 veneratio
1249 1454 1314 1491 ac
1348 1432 1630 1511 subJectio
1651 1454 1782 1513 erga
1810 1455 2117 1493 romanam
2153 1433 2364 1494 Sedem
2399 1481 2416 1509 ‚

274 1529 350 1591 ob
393 1552 708 1589 romanum
757 1550 972 1610 nempe
1010 1529 1168 1588 Petri
1203 1530 1631 1611 episcopatum.

357 1625 499 1685 553.
549 1627 691 1699 Quae
716 1646 850 1684 cum
877 1626 961 1684 ita
985 1646 1045 1684 se
1071 1624 1332 1707 habeant
1349 1670 1365 1701 ‚
1405 1647 1540 1685 cum
1570 1623 1803 1684 nullum
1821 1625 2046 1685 factum
2072 1626 2420 1686 historicum

274 1732 438 1780 tanta
476 1721 827 1802 scriptorum
874 1731 1520 1802 monumentorumque
1568 1721 2002 1802 conspiratione
2055 1721 2416 1798 universali,

274 1819 568 1878 constanti
599 1862 616 1892 ‚
653 1818 902 1899 perenni
942 1818 1245 1876 firmatum
1283 1839 1348 1876 ac
1387 1818 1779 1877 constitutum
1814 1819 1891 1877 sit
1913 1863 1930 1893 ,
1973 1817 2299 1896 cujusmodi
2330 1829 2419 1878 est

275 1913 434 1974 istud
460 1913 534 1974 de
578 1915 738 1974 Petri
777 1915 841 1972 in
878 1912 1101 1973 Urbem
1145 1914 1433 1990 adventu,
1472 1914 1813 1996 episcopatu
1865 1925 2044 1996 atque
2088 1915 2370 1994 martyrio
2397 1959 2414 1991 ,

268 2015 403 2090 jure
440 2010 653 2070 merito
691 2008 1096 2069 concludimus
1117 2054 1134 2087 ,
1168 2020 1269 2068 aut
1295 2030 1535 2069 omnem
1571 2008 1830 2068 historiae
1857 2010 2039 2068 fidem
2073 2030 2197 2069 esse
2229 2009 2420 2069 dene-

274 2106 563 2188 gandam,
597 2117 698 2165 aut
738 2118 895 2165 certe
947 2106 1168 2165 factum
1214 2105 1376 2165 istud
1405 2105 1732 2165 necessario
1782 2103 2239 2165 admittendum.
2285 2106 2420 2166 Haec

277 2203 476 2263 omnia
503 2203 928 2263 confirmantur
950 2223 1021 2262 ex
1049 2223 1149 2277 eo,
1180 2202 1339 2284 quod
1356 2223 1534 2262 nemo
1561 2200 1655 2262 vel
1688 2199 2122 2261 infensissimus
2157 2200 2419 2263 Ecclesiae

276 2441 377 2473 cem
414 2425 555 2474 habet
586 2442 599 2474 ε
628 2425 861 2473 Finitum
885 2434 952 2473 est
982 2424 1303 2493 Evanqelium

266 2507 647 2573 praedicationis
699 2509 904 2569 Marci,
949 2509 1077 2573 quod
1118 2508 1304 2558 locutus

275 2599 348 2636 est
370 2597 414 2638 et
427 2589 751 2656 praedicavit(
770 2591 897 2657 quod
912 2591 991 2640 hic
1010 2592 1302 2640 tantumdem

275 2672 398 2722 valet
426 2690 480 2721 ae
501 2672 733 2739 scripsit,
779 2690 887 2721 cum
922 2673 1025 2721 talis
1066 2675 1204 2722 etiam
1233 2676 1302 2722 vis

276 2756 333 2803 sit
372 2765 418 2804 et
452 2765 651 2821 potestas
682 2754 897 2806 vocabuli
940 2754 1132 2817 Sabor,
1167 2756 1299 2822 juxta

275 2853 414 2886 usum
457 2838 668 2904 ejusdem
718 2840 981 2903 interpretis
1014 2839 1162 2905 quoad
1209 2839 1298 2887 alia

277 2920 568 2985 evangelia)
606 2921 756 2969 latine
806 2921 982 2969 Romoe.
1029 2921 1118 2970 Alii
1177 2924 1295 2970 anti-

279 3003 494 3066 quissimi
531 3011 667 3053 testes
698 3005 786 3052 cfr.
834 3003 960 3069 apud
985 3004 1260 3070 Fogginium
1280 3042 1293 3064 ,

278 3098 359 3146 op.
396 3086 475 3131 cit.
503 3089 689 3135 exercit.
730 3102 809 3134 ιι.

343 3166 404 3229 (Ι)
444 3166 544 3217 Cfr.
590 3169 760 3219 Euseb.
800 3170 888 3219 lib.
940 3188 1003 3227 11,
1047 3188 1150 3235 cap.
1194 3169 1289 3230 25,

273 3250 354 3314 qui
371 3260 586 3312 praeterea
603 3251 721 3300 ibid.
738 3263 1074 3302 commemorat
1099 3255 1294 3317 inscrip-

267 3334 451 3390 tiones,
484 3349 576 3380 seu·
606 3344 656 3380 ut
695 3338 826 3383 vertit
864 3335 1115 3384 Valesius:
1153 3335 1294 3383 Petri

268 3413 516 3478 Paulique
577 3418 771 3463 nomine
826 3420 1069 3483 insiqnita
1115 3434 1289 3466 monu-

267 3505 426 3544 menta
452 3534 464 3556 ‚
499 3513 607 3561 quae
649 3498 704 3544 in
746 3497 882 3546 urbis
914 3502 1078 3560 Romoe
1119 3517 1287 3548 caeme-

264 3579 401 3624 teriia
431 3580 699 3626 etiamnum
744 3582 994 3639 visuntur,
1028 3583 1087 3631 ad
1122 3584 1292 3631 confir-

264 3664 517 3713 mationem
540 3666 763 3729 passionis
785 3662 866 3716 SS.
899 3664 1227 3731 Apostolorum
1243 3669 1293 3714 in

1389 2425 1506 2474 urbe
1539 2425 1718 2475 Romae.
1760 2423 1829 2474 De
1866 2427 2204 2491 antiquissimis
2245 2428 2422 2492 pariter

1390 2507 1717 2574 Apostolorum
1747 2507 1866 2556 Petri
1908 2518 1953 2555 et
1981 2506 2111 2556 Pauli
2141 2508 2419 2573 imaginibus

1388 2591 1599 2657 loquitur
1624 2591 1748 2638 idem
1767 2589 1995 2637 Eusebius
2012 2624 2029 2650 ,
2050 2589 2136 2638 lib.
2154 2605 2240 2650 vn,
2258 2606 2301 2638 c.
2337 2588 2416 2640 18.

1460 2672 1528 2736 (2)
1579 2671 1649 2719 De
1711 2673 2050 2737 antiquissimis
2110 2672 2238 2720 hisce
2284 2688 2417 2736 pere-

1386 2754 1727 2819 grinationibus
1766 2754 1823 2802 ad
1858 2752 2024 2802 limina
2053 2754 2380 2820 Apostolorum
2399 2792 2414 2815 ,

1385 2854 1438 2886 ex
1466 2839 1683 2885 universo
1712 2836 1828 2885 orbe
1862 2837 2116 2886 christiano
2146 2839 2368 2903 susceptis
2396 2873 2413 2896 ,

1384 2919 1470 2967 cfr.
1521 2917 1768 2968 Gretzerus
1806 2955 1821 2980 ,
1893 2917 1965 2968 De
2004 2920 2158 2968 sacri-5
2193 2920 2413 2984 pereqri-

1382 3005 1572 3064 natz'on.
1601 3002 1687 3052 lib.
1712 3020 1771 3061 11,
1801 3020 1904 3068 cap.
1947 3019 1964 3049 1
1993 3038 2008 3065 ,
2028 3012 2072 3051 et
2105 3019 2208 3067 cap.
2236 3018 2270 3069 9
2290 3040 2303 3062 ‚
2339 3018 2416 3064 10,

1390 3101 1443 3135 11
1478 3123 1490 3147 ,
1531 3102 1622 3146 12,
1661 3084 1756 3146 13,
1810 3085 1901 3148 14,
1935 3102 2017 3150 op.
2068 3084 2183 3134 edit.
2220 3084 2406 3135 Ratisb.

1383 3179 1501 3217 tom.
1539 3186 1602 3216 lv.

1453 3251 1519 3316 (3)
1558 3250 1656 3299 cfr.
1696 3251 1754 3299 de
1787 3249 1877 3298 hoc
1916 3247 2033 3297 festo
2079 3248 2304 3298 Batonius
2355 3248 2407 3297 in

1379 3335 1591 3382 adnotat.
1640 3331 1700 3380 ad
1741 3329 2122 3396 Martyrologium
2164 3330 2301 3380 Rom.
2332 3331 2407 3380 die

1385 3416 1444 3466 18
1486 3418 1598 3466 Jan.
1630 3416 1944 3465 etBollandus
1970 3419 2020 3463 in
2053 3416 2196 3464 Actis
2236 3415 2402 3465 Sanct.

1376 3514 1492 3550 tom.
1525 3509 1557 3548 η’
1581 3539 1592 3560 ‚
1622 3515 1770 3549 mens.
1806 3499 1998 3548 Janaur.
2021 3500 2080 3548 ad
2106 3498 2234 3548 hunc
2251 3500 2403 3564 ipsum

1377 3584 1516 3632 diem.
