2514 4218
501 223 657 264 PARr.
701 224 744 259 1.
791 222 943 261 sacr.
990 223 1055 261 11.
1103 221 1225 261 cn.
1272 221 1353 262 xv.
1397 222 1466 258 nn
1507 220 1686 259 norm.
1735 222 1890 260 an.
2125 204 2239 263 531

130 368 503 448 perhibens:
542 365 690 443 qut
731 365 894 422 enim
932 373 1189 442 utraque
1227 365 1434 441 forma
1446 404 1468 433 ,
1507 373 1616 423 etc.
1656 362 1768 443 (1).
1819 365 2005 423 Nemo
2047 375 2248 424 tamen

136 473 446 546 propterea
481 458 743 537 Sergium
779 478 813 516 a
851 457 1304 517 monothelismo
1340 455 1622 520 absolvet.
1660 459 1824 537 Ergo.

216 553 357 615 784.
402 556 572 634 Resp.
597 551 748 631 Ney.
782 563 909 611 ant.
936 552 1019 611 Ad
1046 553 1125 610 1m
1148 550 1318 633 prob.
1358 554 1517 611 Dist.
1553 553 1638 611 lta
1662 563 1862 612 tamen
1889 564 1956 611 ut
1984 553 2246 635 epistolae

136 650 248 710 illae
261 649 488 708 nullum
504 647 891 728 dogmaticum
914 647 1212 707 decretum
1225 658 1325 706 aut
1339 646 1476 706 fidei
1492 646 1890 708 definitionem
1903 647 2242 723 exhibeant,

135 746 224 805 uti
255 767 326 805 ex
351 744 517 803 dictis
541 741 864 802 luculenter
890 753 1085 825 patet,
1113 752 1318 810 trans;
1346 760 1506 801 secus
1526 785 1543 816 ‚
1581 764 1713 823 noy.
1743 742 1915 802 Aliud
1937 754 2134 802 autem
2159 755 2247 803 est

135 831 414 922 scriptum
445 836 680 921 aliquod
713 857 835 897 esse
875 837 1304 917 dogmaticum,
1338 834 1500 894 aliud
1535 827 1724 897 vero
1707 859 1769 896 1n
1798 838 1924 917 ipso
1962 837 2254 897 contineri

138 934 518 1015 dogmaticam
563 933 988 993 definitionem.
1031 931 1305 1003 Alterum
1352 928 1490 990 cum
1533 931 1718 992 altero
1760 933 2096 1016 permisceri
2145 953 2254 994 ne-

139 1030 265 1112 quit
298 1030 410 1108 (2).

219 1123 256 1182 7
263 1124 360 1183 80
404 1121 494 1183 Ad
529 1124 639 1199 2111,
698 1125 857 1185 Dist.
894 1119 1109 1180 Probat
1161 1119 1468 1181 consilium
1504 1122 1683 1202 Sergii
1718 1133 1779 1182 et
1813 1122 1948 1204 Cyri
1991 1124 2065 1184 de
2097 1123 2256 1184 indi-

138 1217 325 1278 cendo
381 1217 610 1277 silentio
654 1239 723 1278 ex
764 1215 1089 1276 inconsulta
1137 1238 1201 1276 ac
1242 1216 1571 1298 improvida
1617 1219 1970 1294 oeconomia
2020 1218 2258 1280 illorum

140 1313 366 1374 vafiitie
412 1313 719 1395 deceptuS‚
772 1331 937 1370 conc.
956 1310 1233 1391 ‚·probat
1268 1332 1535 1390 pravum
1583 1332 1648 1370 ac
1701 1311 2012 1372 subdolum
2051 1335 2257 1374 eorum

140 1408 446 1468 consilium
495 1408 558 1465 in
592 1406 859 1465 h’aeretico
893 1404 1162 1488 dogmate
1202 1403 1522 1480 tradendO,
1559 1407 1832 1487 quodque
1874 1407 2062 1466 adhuc
2106 1407 2259 1469 late-

137 1487 242 1562 bat
272 1547 288 1577 7
332 1523 460 1582 neq.
506 1501 679 1579 Argui
730 1499 889 1558 enim
935 1498 1141 1579 nequit
1180 1497 1470 1557 Honorius
1523 1497 1585 1555 in
1625 1520 1728 1556 sua
1781 1500 1990 1578 agendi
2030 1503 2257 1562 ratione

141 1618 274 1657 cum
318 1595 429 1655 illis
475 1593 711 1653 occultis
758 1592 1044 1651 haereticis
1103 1591 1215 1649 nisi
1265 1591 1459 1650 nimiae
1517 1590 1916 1668 credulitatiS,
1971 1605 2146 1676 atque
2192 1607 2262 1655 ut

143 1691 342 1764 aiunt,
379 1691 547 1748 honoe
567 1689 742 1785 fidei,
765 1687 913 1745 dum
936 1686 1168 1767 putavit
1188 1684 1317 1743 illos
1341 1685 1562 1745 sincere
1588 1706 1789 1765 agere,
1819 1689 2095 1768 quando
2078 1690 2259 1772 lmpia

139 1783 557 1845 moliebantur.

218 1881 361 1939 786.
410 1877 500 1938 Ad
537 1877 643 1950 3¹³,
673 1874 828 1954 Neq.
864 1872 980 1933 Sed
1013 1894 1148 1933 cum
1183 1874 1477 1934 Honorius
1514 1873 1704 1934 fallaci
1737 1878 2109 1958 persuasione
2146 1878 2262 1939 sibi

138 1972 578 2033 adblandiretur
607 1990 731 2030 sese
763 1968 1142 2029 orientalibus
1170 1990 1377 2050 pacem
1407 1968 1755 2043 allaturum,
1796 1972 1845 2029 si
1880 1972 2063 2032 semel
2100 1973 2259 2034 obti-

142 2069 367 2127 nuisset
391 2066 688 2136 silentium
703 2064 849 2123 circa
868 2084 1037 2126 voces
1059 2064 1233 2123 unius
1254 2075 1356 2124 aut
1378 2063 1622 2147 duplicis
1645 2067 2027 2147 operationiS,
2051 2068 2260 2129 eodem

141 2164 319 2223 modo
349 2182 415 2221 ac
446 2162 636 2223 vetuit
657 2159 854 2239 Sergio
880 2170 940 2219 et
971 2160 1120 2240 Cyro
1139 2203 1156 2233 ‚
1195 2160 1506 2242 quominus
1541 2181 1733 2219 unam
1774 2160 2159 2241 praedicarent
2193 2164 2259 2222 in

143 2259 367 2320 Christo
408 2255 808 2338 operationem
828 2297 844 2329 ‚
901 2254 984 2313 ita
1019 2255 1208 2316 vetuit
1241 2254 1601 2338 SophroniO,
1633 2276 1710 2315 ne
1746 2255 2051 2317 adhiberet
2084 2279 2257 2320 voca-

141 2353 348 2417 bulum
379 2354 642 2433 duplicis
677 2349 1064 2433 operationiS‚
1107 2361 1176 2409 ut
1212 2371 1284 2411 ex
1322 2350 1463 2433 ipsis
1495 2355 1617 2429 ejus
1642 2349 1836 2414 verbis
1873 2351 2060 2414 elucet
2088 2353 2200 2434 (3).

211 2559 284 2623 (l)
317 2558 439 2609 lbid.
465 2561 515 2608 in
538 2561 670 2625 epist.
688 2558 861 2624 Sergii,
888 2559 979 2609 eol.
1002 2557 1149 2609 1318.
1272 2557 1336 2622 (3)
1353 2559 1517 2608 Praeter
1529 2558 1664 2608 allata
1684 2557 2042 2620 Honoriiverba,
2059 2576 2155 2609 non
2169 2562 2259 2610 mi-

212 2640 279 2704 (2)
317 2641 422 2690 Non
451 2643 551 2690 sine
573 2642 973 2691 animadversione
990 2641 1152 2690 dimit·
1235 2658 1324 2689 nus
1340 2641 1478 2701 clare,
1499 2641 1626 2707 quod
1639 2642 1985 2703 contendimus,
2002 2644 2222 2692 evincunt
2238 2679 2253 2703 ‚

146 2722 340 2770 tendum
381 2732 478 2784 est,
521 2724 646 2789 quod
685 2723 897 2790 Synodus
932 2741 981 2773 vx
1001 2760 1015 2785 ‚
1050 2739 1154 2789 quae
1228 2738 1336 2789 quae
1364 2721 1579 2771 Pontifex
1599 2722 1803 2787 profert,
1832 2732 1884 2771 ut
1912 2722 2067 2788 Sergio
2091 2740 2146 2773 ae
2171 2724 2258 2774 So·

146 2819 262 2868 saepe
305 2803 417 2852 adeo
460 2804 728 2868 doqmatica
771 2807 948 2855 vocavit
987 2808 1154 2871 scripta
1234 2807 1432 2872 phronio
1464 2805 1656 2855 suadeat
1675 2805 1914 2871 repudiare
1934 2823 2076 2855 novas
2093 2824 2252 2869 voces,

148 2883 324 2949 Sergii,
358 2884 468 2951 Cyri
492 2886 804 2952 aliorumque,
834 2904 1067 2952 nusquam
1084 2896 1156 2934 ta·
1236 2904 1338 2953 quae
1354 2874 1640 2944 noscuntur,
1666 2896 1719 2934 ut
1758 2888 1854 2950 ipse
1885 2887 2091 2952 loquitur
2108 2925 2122 2949 ,
2141 2904 2256 2939 san-
2284 2923 2296 2946 x

150 2984 260 3016 men
282 2966 473 3032 loquens
492 2969 726 3032 speciatim
757 2968 814 3016 de
844 2967 1045 3017 Honorii
1062 2970 1159 3033 epi·
1237 2970 1326 3016 ctis
1358 2965 1454 3016 Dei
1472 2965 1710 3016 Ecclesiis
1736 2967 1966 3016 scandala
1987 2985 2217 3033 generare
2237 2986 2254 3034 3

153 3049 278 3097 stolis
295 3066 369 3097 eas
384 3048 673 3113 doqmaticas
698 3049 883 3099 dixerit.
905 3047 1032 3099 Hinc
1047 3049 1156 3099 Nat.
1237 3067 1297 3099 ne
1323 3049 1527 3117 parvuli
1556 3057 1644 3097 aut
1676 3049 1884 3098 duarum
1923 3053 2253 3116 operationum

152 3128 284 3180 Alex.
322 3133 373 3180 in
412 3134 488 3179 cit.
519 3128 723 3179 Πίσωνι.
752 3131 808 3178 in
854 3131 969 3181 hiat.
995 3129 1157 3181 eccles.
1238 3130 1463 3182 vocabulo
1479 3132 1665 3198 offensi,
1679 3139 1907 3180 sectantes
1922 3131 2252 3196 Nestorianoe,

152 3226 248 3259 sec.
274 3227 366 3271 vu,
394 3230 539 3280 prop.
558 3227 620 3273 n,
640 3213 887 3278 privatam
912 3223 1045 3262 vocat
1059 3215 1160 3279 epi·
1239 3232 1327 3266 nos
1363 3231 1540 3265 vesana
1583 3231 1747 3280 sapere
1788 3215 2112 3278 arbitrantium
2167 3226 2254 3265 aut

155 3291 317 3345 stolam
335 3327 350 3355 ,
380 3310 522 3359 quam
538 3294 596 3343 ad
622 3294 830 3359 Sergium
849 3296 1028 3361 scripsit
1060 3294 1159 3349 Ho-
1241 3304 1394 3358 certe,
1447 3299 1494 3345 si
1542 3313 1713 3345 rursus
1747 3313 1897 3345 unam
1936 3299 2252 3364 operationem

156 3375 315 3422 notius
336 3409 350 3434 ‚
407 3375 535 3439 quod
595 3392 650 3425 ex
699 3377 902 3442 professo
963 3376 1163 3426 ostendit
1242 3381 1314 3428 D.
1339 3378 1411 3428 N.
1440 3376 1497 3428 J.
1530 3377 1590 3428 C.
1609 3378 1860 3444 fatendam
1888 3396 1986 3427 esso
2010 3381 2252 3427 censueri-

155 3452 404 3519 Roncaglia
439 3457 490 3503 in
519 3458 753 3507 animadv.
784 3459 843 3508 ad
872 3461 949 3508 cit.
986 3458 1160 3508 Natalis
1241 3477 1378 3517 mus,
1413 3459 1608 3509 stultam
1626 3458 2115 3526 Eutychiani-starum
2126 3467 2248 3511 atto-

153 3534 542 3599 dissertationem‚
564 3538 780 3605 quodque
799 3543 966 3606 pariter
985 3544 1158 3607 praesti-
1240 3544 1362 3591 mitis
1390 3541 1591 3592 auribus
1632 3542 1918 3591 dementiam
1939 3541 2093 3607 soteri
2109 3549 2251 3608 pute-

154 3617 209 3663 tit
232 3616 587 3680 Thomassinus‚
620 3620 730 3672 diss.
763 3637 825 3672 xx
853 3625 904 3672 in
921 3620 1035 3690 Syn.
1054 3641 1160 3674 sex-
1240 3642 1368 3676 mur.
1401 3622 1540 3692 Apud
1567 3621 1716 3676 Hard.
1746 3625 1836 3674 loc.
1865 3625 1944 3674 cit.
1968 3624 2062 3674 col.
2099 3622 2246 3674 1323.

154 3707 276 3761 tam,
304 3717 356 3748 n.
382 3696 415 3748 8
445 3710 490 3750 et
518 3717 646 3767 seqq.
1447 3705 1452 3709 ’

1832 3784 1929 3843 34.
