2514 4218
2140 166 2258 227 507

472 194 632 233 PART.
681 195 721 232 1.
766 194 917 232 SECT.
966 193 1030 230 11.
1078 191 1207 230 GAP.
1256 191 1338 229 lv.
1387 191 1456 228 DE
1499 189 1683 229 norm.
1730 187 1886 226 mm.

136 362 260 399 non
293 348 488 398 autem
528 337 783 419 corporis
817 336 1030 409 totius3
1077 355 1419 417 supremum
1451 332 1594 392 item
1638 341 1934 413 pastorem
1977 350 2101 390 esse
2135 331 2261 388 sin-

137 434 404 515 gularum
427 432 625 490 ovium
641 477 656 504 .,
677 431 920 490 minime
940 452 1080 492 vero
1104 429 1363 490 universi
1386 427 1568 508 gregis
1585 472 1602 501 ,
1628 448 1762 484 cum
1784 437 1984 485 tamen
1998 425 2263 485 Christus

139 528 352 590 dixerit
393 527 713 586 universim
764 549 778 588 ε
839 528 1037 605 Super
1089 530 1246 584 lianc
1281 535 1526 604 petram
1576 523 1883 601 oedificabo
1927 521 2263 581 Ecclesiam

140 644 336 682 meam
354 642 374 690 ‚·
404 633 467 682 et
496 644 509 680 z
548 623 737 681 Pasce
761 642 886 680 oves
920 642 1100 679 meas.
1135 621 1367 679 Novum
1404 617 1579 700 plane
1617 628 1705 676 est
1727 661 1742 689 ,
1773 637 1983 698 corpus
2018 637 2266 697 praeesse

139 718 345 799 capiti,
373 738 602 796 gregem
628 716 838 776 ducere
867 725 1193 796 pastorem,
1227 713 1533 774 aedificium
1557 733 1757 792 regere
1780 712 2259 771 fundamentum.

167 868 169 871 ⁴
228 813 371 871 745.
421 811 510 870 Ad
545 811 651 886 3¹1¹,
690 816 842 870 Dist.
885 811 943 869 Si
983 810 1180 870 ovium
1218 820 1367 868 esset
1399 807 1661 888 judicare
1695 818 2027 889 pastorem,
2069 828 2227 866 conc.
2248 831 2269 873 ‚-

144 929 342 982 secus,
379 928 508 986 neq.
561 904 769 988 Ecquis
807 905 965 965 enim
1002 902 1185 982 judex
1224 904 1366 979 erit,
1417 904 1480 961 in
1529 901 1706 962 rebus
1752 901 2078 984 praesertim
2130 922 2270 963 vere

145 1002 334 1062 dubiis
352 1047 368 1075 ,
394 1012 462 1059 ut
486 999 746 1082 loquitur
768 998 1282 1078 Bellarminus(l),
1306 1009 1509 1057 utrum
1529 996 1799 1057 Pontifex
1829 1018 1968 1056 sana
1998 1007 2272 1079 rectaque

145 1097 384 1156 suadeat
412 1141 428 1170 ,
487 1117 563 1155 an
610 1117 789 1178 prava
845 1094 1155 1174 suggerat?
1198 1094 1526 1154 Praesertim
1576 1114 1709 1152 cum
1761 1091 2130 1175 exploratum
2166 1092 2273 1164 sit,

143 1194 370 1272 integra
412 1191 665 1251 Concilia
692 1236 710 1265 ,
760 1210 943 1271 eaque
985 1190 1464 1249 numerosissima
1511 1190 1639 1249 sine
1694 1189 1979 1248 Pontifice
2021 1187 2275 1271 turpiter

147 1285 412 1348 errasse?
458 1286 689 1346 Accedit
715 1331 732 1360 ,
783 1305 1100 1367 perperam
1149 1283 1515 1344 adversarios
1568 1284 1903 1344 existimare
1949 1282 2112 1342 haud
2151 1303 2275 1342 esse

145 1381 491 1441 rationabile
523 1379 863 1461 obsequium
883 1425 898 1454 ,
937 1379 1098 1462 quod
1131 1401 1165 1437 a
1197 1377 1438 1458 singulis
1475 1379 1736 1438 Ecclesiis
1776 1377 2088 1438 exhibetur
2115 1380 2276 1438 Pon-

150 1478 290 1536 tifici
328 1499 398 1536 ex
441 1474 715 1534 cathedra
764 1474 1090 1555 dogmatice
1139 1473 1482 1550 definienti,
1523 1474 1634 1532 nisi
1678 1473 1847 1555 prius
1885 1472 2280 1555 expenderint

149 1572 460 1631 intrinseca
501 1569 886 1629 fundamenta
904 1614 922 1647 ,
949 1568 1160 1651 quibus
1181 1570 1416 1629 innixus
1441 1569 1708 1628 Pontifex
1737 1566 1887 1627 illud
1915 1567 2049 1628 fidei
2074 1567 2279 1627 decre-

152 1680 280 1727 tum
315 1665 589 1725 emiserit.
623 1668 834 1725 Nonne
858 1675 1253 1747 protestantes
1288 1687 1353 1723 ac
1392 1665 1619 1724 sectarii
1651 1685 1856 1722 omnes
1896 1662 2053 1723 idem
2083 1664 2278 1744 ipsum

152 1772 391 1845 possent
419 1761 697 1821 adversus
726 1761 983 1821 Ecclesiae
1013 1761 1381 1821 definitiones
1405 1761 1670 1843 excipere
1692 1759 1814 1841 (2)?
1843 1763 2095 1820 Demum
2126 1782 2282 1819 assu-

152 1868 325 1917 munt
372 1857 692 1917 adversarii
740 1858 803 1915 in
850 1856 958 1915 hac
1008 1858 1186 1916 etiam
1236 1856 1612 1931 difficultate,
1656 1868 1722 1915 ut
1756 1858 1819 1915 in
1867 1857 2075 1917 ceteris
2120 1854 2277 1933 aliis,

153 1951 477 2011 Ecclesiam·
515 1973 616 2011 seu
665 1952 860 2034 potius
911 1952 1220 2034 Episcopos
1273 1953 1594 2012 inerrantia
1639 1951 1916 2035 praeditos
1966 1975 1999 2012 a
2049 1950 2279 2011 Christo

154 2067 279 2106 esse
310 2048 623 2128 separatim
661 2069 691 2104 a
730 2047 953 2131 capite,
994 2046 1152 2129 quod
1188 2058 1387 2107 tamen
1418 2048 1688 2108 evincere
1725 2058 2052 2130 nequeunt.
2080 2048 2287 2129 Neque

156 2141 304 2200 illud
340 2141 570 2201 silentio
607 2141 1119 2224 praetereundum,
1174 2143 1237 2201 in
1269 2144 1436 2225 praxi
1474 2141 1629 2202 hanc
1668 2142 1993 2203 doctrinam
2021 2163 2286 2201 summo-

157 2258 299 2319 pere
350 2237 587 2295 noxiam
635 2258 794 2311 esse,
846 2238 979 2295 cum
1033 2238 1259 2297 sectarii
1311 2259 1515 2296 omnes
1562 2237 1801 2298 eludere
1846 2248 2087 2320 possent
2128 2258 2280 2296 rom.

159 2330 511 2391 Pontificum
548 2332 778 2393 decreta
797 2377 814 2407 ,
846 2333 1057 2414 quibus
1090 2355 1293 2394 eorum
1324 2334 1771 2417 proscribuntur
1796 2334 2088 2395 novitates
2107 2379 2122 2408 ,
2153 2354 2285 2415 quae

161 2427 436 2509 praesenti
486 2427 745 2488 remedio
784 2428 1056 2509 indigent
1084 2474 1099 2504 ,
1154 2430 1342 2489 donec
1388 2431 1712 2490 constiterit
1756 2429 1829 2489 de
1876 2451 2150 2512 expresso
2191 2427 2291 2490 vel

163 2523 341 2581 tacito
362 2522 623 2582 Ecclesiae
650 2544 887 2582 assensu
905 2570 920 2599 ,
948 2535 1006 2583 et
1039 2525 1275 2584 interim
1312 2524 1483 2605 longe
1514 2525 1746 2608 lateque
1779 2526 2022 2608 impune
2050 2533 2289 2608 possent

164 2639 387 2677 errores
427 2640 558 2676 suos
595 2619 975 2679 disseminare
1009 2619 1122 2700 (3)
1190 2634 1200 2644 ⁸

254 2712 395 2771 746.
446 2713 530 2772 Ad
562 2715 666 2790 lim,
703 2717 844 2795 Neq.
886 2726 952 2773 ut
985 2726 1150 2796 patet
1186 2737 1257 2775 ex
1293 2736 1444 2797 resp.
1484 2715 1559 2774 ad
1587 2717 1646 2775 2.
1689 2794 1693 2798 ἢ

239 2865 304 2928 (Ι)
346 2862 415 2913 De
441 2882 562 2916 rom.
600 2866 750 2916 Pom.
778 2867 866 2916 lib.
896 2885 968 2927 lv,
994 2885 1098 2932 cap.
1124 2867 1185 2931 3,

167 2966 219 2997 n.
252 2947 334 2996 33.
545 2964 550 2967 ·

238 3030 302 3095 (2)
338 3029 448 3078 Haec
467 3048 577 3079 sane
603 3041 669 3080 est
697 3041 915 3098 perpetua
933 3043 1191 3097 protestan-

173 3111 288 3158 tium
324 3114 536 3177 exceptio
555 3150 573 3171 ‚f
597 3112 725 3178 quod
757 3112 960 3160 Ecclesia
990 3114 1190 3179 postulet

1271 2872 1362 2928 sit,
1398 2886 1455 2918 ex
1490 2872 1696 2934 ipsorum
1727 2872 1965 2935 principiis
1995 2873 2039 2918 vi
2065 2871 2294 2919 examinis

1270 2951 1376 3000 elici
1406 2951 1559 3000 debet.
1594 2951 1713 3000 Satis
1748 2954 1875 3001 enim
1903 2955 1953 3000 in
1982 2953 2056 3002 his
2078 2964 2145 3002 est
2162 2955 2292 3019 prin-

1271 3035 1447 3098 cipium
1475 3036 1629 3099 jacere
1649 3071 1663 3095 ‚
1694 3041 1746 3081 ut
1777 3033 1947 3084 deinde
1988 3035 2224 3084 evolvatur
2248 3045 2293 3084 et

172 3207 348 3239 coecam
392 3196 485 3242 suis
527 3194 796 3259 dogmaticis
838 3194 1188 3244 definitionibus

173 3274 499 3323 adhaesionem.
553 3276 819 3325 Janseniani
867 3294 973 3325 vero
1020 3277 1189 3327 exinde

174 3367 492 3406 commentum
517 3376 652 3408 suurn
675 3362 994 3425 excogitarunt
1022 3361 1081 3409 de
1108 3378 1191 3409 ne-

171 3439 376 3486 cessitate
408 3455 659 3488 consensus
689 3440 903 3490 Ecclesiae
943 3443 1191 3501 universae,

173 3531 224 3568 ut
255 3521 579 3571 irretractabile
601 3527 775 3572 censeri
805 3525 969 3586 debeat
998 3524 1194 3574 Concilii

174 3607 443 3653 oecumenici
463 3598 702 3654 'decretum
725 3643 740 3665 ‚
797 3610 878 3674 qui
908 3624 1156 3658 consensus
1172 3644 1189 3671 ,

174 3693 427 3754 antequam
471 3688 757 3754 praebeatur,
806 3700 858 3738 ut
905 3691 1190 3742 rationabilis

1271 3115 1542 3180 applicetur.

1339 3195 1406 3263 (3)
1424 3195 1473 3246 Si
1492 3200 1596 3264 quis
1612 3208 1781 3248 attente
1801 3200 2078 3265 perpendat,
2098 3202 2290 3266 quinam

1271 3278 1462 3327 demum
1487 3283 1612 3336 sint,
1662 3283 1742 3346 qui
1775 3299 1926 3330 moras
1962 3291 2156 3331 nectunt
2179 3318 2192 3341 ,
2232 3299 2296 3330 ne

1272 3360 1509 3410 Pontificis
1546 3352 1815 3427 dogmaticis
1857 3363 2207 3413 definitionibus
2244 3381 2293 3412 se

1274 3441 1556 3508 subjiciant,
1596 3443 1880 3510 comperiet,
1908 3462 2005 3494 non
2036 3444 2290 3493 Ecclesiam

1276 3524 1546 3588 gallicanam
1561 3560 1580 3588 ‚
1609 3544 1706 3576 non
1725 3527 2006 3593 gallicanum
2028 3526 2207 3576 clerum
2231 3529 2293 3575 ita

1275 3623 1322 3655 se
1350 3623 1503 3671 gerere
1530 3645 1543 3668 ,
1573 3608 1653 3656 sed
1677 3609 1935 3658 nebulones
1966 3618 2104 3675 atque
2130 3609 2293 3659 factio-

1275 3704 1365 3736 sos.
1397 3686 1487 3754 Qui
1502 3690 1699 3757 *quidem
1728 3706 1834 3739 oum
1870 3688 2092 3753 videant,
2139 3700 2292 3740 actum
