2514 4218
296 186 410 245 190

910 200 1106 239 TRAGT.
1156 201 1225 236 DE
1270 201 1420 240 mols
1457 207 1837 248 wmsommcls.

290 351 414 411 vim
444 345 702 408 habeant
723 342 966 426 cogendi
989 341 1064 400 ad
1090 332 1397 402 internum
1417 344 1556 405 fidei
1580 367 1887 412 assensum
1906 397 1922 428 ,
1947 375 2078 435 neq.
2113 353 2286 415 Plura
2314 361 2426 432 uti-

288 466 404 528 que
451 465 558 527 per
606 462 900 502 summam
945 436 1428 499 incohaerentiam
1481 441 1642 524 apud
1679 446 2073 510 Protestantes
2126 449 2418 511 celebrata

288 541 577 622 ejusmodi
611 537 842 599 comitia
865 545 1036 609 sunt,
1063 545 1239 616 atque
1261 535 1406 596 adeo
1442 536 1748 598 interdum
1776 541 2183 622 celebrantur3
2212 568 2420 609 verum

286 638 593 699 enimvero
621 630 884 714 cumipsi
902 630 1219 706 fateantur,
1235 630 1574 712 hujusmodi
1599 635 1831 695 comitia
1862 658 2056 702 errare
2083 663 2253 724 posse
2272 688 2288 717 a
2320 664 2429 703 nec

285 734 702 795 infallibilitate
730 728 987 813 pollere,
1014 729 1255 791 evidens
1279 741 1391 807 est,
1417 730 1665 793 minime
1695 732 1836 815 ipsis
1867 734 2048 795 tribui
2073 758 2244 819 posse
2257 739 2424 820 judi-

280 832 519 893 ciariam
560 837 955 911 potestatem,
1001 825 1107 887 sed
1144 826 1341 888 solum
1382 827 1860 906 declaratoriam‚
1902 841 2080 914 prout
2113 834 2423 919 presbyte-

278 926 431 986 riani
470 935 674 1007 aperte
720 922 966 984 confessi
1004 934 1144 982 sunt
1173 924 1289 1005 (l).
1323 925 1455 984 Dixi
1502 946 1644 986 vero
1669 947 1786 1006 per
1817 949 2127 988 summam
2165 932 2426 991 incohoe-

277 1011 543 1082 rentiam
578 1020 677 1081 illa
717 1020 950 1081 comitia
989 1017 1063 1080 ad
1091 1018 1229 1081 fidei
1261 1022 1687 1085 controversias
1718 1021 2078 1084 dirimendas
2112 1024 2423 1106 celebrari,

277 1119 411 1202 quia
458 1129 798 1201 repugnant
840 1115 1138 1178 essentiali
1187 1119 1651 1199 protestantismi
1694 1119 1984 1203 principio
2031 1120 2106 1182 de
2150 1120 2425 1185 libertate

275 1216 563 1276 examinis
619 1236 686 1274 ac
743 1211 1085 1274 omnimoda
1136 1212 1607 1297 independentia
1649 1237 1681 1275 a
1733 1215 1997 1298 qualibet
2051 1220 2417 1280 auctoritate.

276 1312 442 1374 Idem
493 1311 885 1372 intrinsecum
935 1310 1148 1371 vitium
1190 1307 1509 1395 arbitrariis
1557 1311 1671 1371 illis
1716 1311 1965 1373 inhaeret
2016 1312 2154 1374 fidei
2194 1315 2425 1375 confes-

271 1407 535 1469 sionibus
621 1429 723 1468 seu
784 1406 948 1466 libris
1010 1405 1343 1490 symbolicis
1371 1452 1388 1483 ‚
1448 1429 1593 1491 quos
1649 1401 1972 1470 adversarii
2030 1410 2274 1493 quidem
2329 1413 2424 1491 ja-

270 1517 474 1582 ctant,
517 1502 620 1565 sed
675 1504 867 1588 reipsa
913 1514 1315 1564 contemnunt
1357 1502 1469 1585 (2).
1515 1507 1618 1565 Ast
1663 1504 1740 1566 de
1795 1504 1886 1565 his
1938 1506 2244 1568 hactenus·
2266 1506 2421 1568 dicta

275 1599 594 1663 sufficiunt.

358 1699 500 1759 302.
549 1702 695 1759 lnst.
748 1695 1048 1780 Quidquid
1085 1694 1327 1756 demum
1377 1697 1456 1756 sit
1491 1697 1565 1758 de
1623 1697 1970 1760 Lutheranis
1998 1744 2015 1776 ,
2071 1701 2422 1762 Reformatis

273 1793 807 1877 dissidentibusque
858 1792 1096 1876 reliquis
1134 1786 1226 1875 (3)
1251 1838 1267 1869 ,
1310 1814 1488 1854 nemo
1540 1800 1673 1872 jure
1710 1796 1956 1856 inficiari
1998 1797 2250 1879 poterit,
2291 1810 2421 1858 tum

333 1985 410 2050 (1)
446 1984 506 2033 In
531 1983 637 2033 The
652 1984 781 2049 form
815 1980 1236 2049 ofGovernement
1261 1983 1323 2046 of
1393 2000 1505 2031 nem
1529 1984 1897 2050 profudissent,
1944 1991 2163 2054 sepositas
2191 1990 2294 2056 sere
2321 1993 2422 2039 sint

269 2068 346 2117 the
372 2068 722 2132 Presbyter-ian
743 2064 939 2114 Clcuroh
960 2066 1017 2112 in
1036 2065 1272 2114 America
1291 2104 1304 2126 ,
1391 2066 1542 2115 veluti
1583 2070 1852 2133 antiquatae
1875 2106 1888 2129 ‚
1933 2081 2021 2117 aut
2049 2072 2421 2121 subscribantur

269 2167 325 2200 as
348 2149 585 2199 amended
616 2152 674 2197 in
712 2146 832 2198 1821
858 2184 875 2210 ‚
916 2147 1056 2213 chap.
1097 2165 1147 2210 ι,
1188 2146 1216 2214 ξ
1252 2165 1302 2215 7.

339 2233 410 2297 (2)
449 2232 607 2298 Hujus
627 2233 693 2280 rei
709 2231 874 2280 vadem
890 2230 1197 2279 libentissime
1214 2230 1297 2278 da-

269 2334 377 2364 mus
405 2325 642 2364 auctorem
664 2313 793 2362 haud
809 2322 1093 2378 suspectum.
1111 2311 1299 2360 Etenim

267 2399 486 2457 palmer,
536 2415 611 2463 op.
654 2400 738 2446 cit.
783 2406 907 2462 part.
953 2413 1006 2456 ι,
1049 2413 1154 2460 cap.
1195 2412 1295 2456 12,

266 2497 374 2548 pag.
402 2477 503 2528 388
534 2488 579 2528 et
614 2476 745 2546 389,
784 2478 947 2544 aperte
965 2464 1185 2534 declarat„
1219 2477 1295 2525 lu-

265 2564 607 2612 theranismum
648 2571 694 2608 et
723 2561 1050 2609 calvinismum
1075 2560 1162 2608 ‘vix
1200 2577 1297 2607 non

265 2647 506 2695 evanuisse
524 2681 538 2705 ‚
577 2645 641 2691 ita
667 2653 720 2690 ut
747 2644 840 2690 sint
863 2645 1019 2707 potius
1047 2657 1299 2706 argumen-

266 2739 366 2777 tum
398 2727 618 2776 historiae.
657 2723 910 2791 Quoniam
930 2758 949 2794 ,Α
975 2732 1044 2772 υτ
1069 2724 1130 2770 ait
1162 2724 1260 2787 ipse
1280 2760 1294 2783 ,

265 2809 441 2858 debiles
480 2807 702 2873 re'liquiae
735 2807 845 2854 sine
877 2806 1013 2867 vita,
1048 2820 1170 2870 quas
1196 2806 1300 2870 ipsi

258 2901 370 2958 post
387 2910 434 2940 se
457 2891 759 2957 reliquerunt
777 2927 790 2950 ‚
823 2905 1024 2954 qumque
1052 2886 1217 2935 adhuc
1237 2886 1298 2935 il-

266 2974 420 3022 lorum
449 2977 646 3023 nomine
677 2972 1031 3037 desiqnantur,
1060 2986 1162 3018 non
1184 2978 1298 3018 sunt

266 3058 371 3104 nisi
399 3056 618 3105 luctuosa
642 3062 952 3104 monumenta
983 3061 1295 3119 systematum

266 3155 471 3207 quorum
526 3138 912 3206 imperfectiones
957 3143 1003 3184 et
1050 3135 1259 3200 desectus
1277 3174 1291 3195 ‚

264 3225 553 3290 quicumque
600 3223 792 3272 demum
826 3219 911 3270 illi
931 3220 1121 3286 fuerint
1145 3258 1158 3280 ‚
1202 3237 1291 3269 no-

264 3304 456 3354 bilitata
477 3304 683 3368 fuerunt
714 3314 878 3353 sancto
906 3302 1077 3352 ardore
1101 3318 1160 3349 ac
1192 3301 1293 3351 zelo

227 3436 230 3438 ,
264 3404 378 3453 erqo
409 3386 575 3435 Deum
605 3389 800 3453 ejusque
835 3384 1172 3435 revelationem
1203 3388 1293 3448 (ut

265 3474 364 3537 ipse
391 3471 478 3537 pie
511 3479 725 3518 autumat
753 3469 795 3535 ).
844 3469 938 3519 Sed
974 3470 1091 3517 mira
1124 3477 1192 3515 est
1218 3468 1290 3531 ip-

265 3553 584 3602 sius'auctoris
627 3551 861 3601 conclusio
912 3569 926 3600 ε
961 3551 1128 3618 Quum
1157 3565 1291 3596 nunc

264 3636 584 3702 confessiones
606 3633 725 3696 fidei
739 3669 754 3694 ‚
792 3634 848 3681 ob
868 3651 988 3700 quas
1019 3631 1285 3694 Ludimus,

267 3718 548 3785 Zwinylius
569 3723 616 3767 et
646 3716 883 3767 Calvinus
908 3734 1051 3765 suum
1081 3718 1285 3779 sanqui-

1390 2149 1478 2198 sub
1505 2151 1574 2198 iis
1616 2149 1852 2198 clausulis
1889 2158 1935 2198 et
1977 2151 2416 2215 declarationibus,

1387 2248 1495 2296 quoe
1526 2240 1689 2279 actum
1725 2232 2100 2298 subscriptionis
2146 2234 2214 2282 ad
2234 2247 2435 2301 puram.

1387 2330 1582 2364 scenam
1625 2313 1867 2363 ludicram
1918 2325 2172 2379 revocant,
2205 2335 2419 2384 quanam

1387 2401 1579 2445 ratione
1599 2414 1859 2463 possumus
1889 2415 1976 2447 nos
2013 2400 2320 2450 existentiam
2348 2401 2417 2448 il-

1385 2479 1541 2528 lorum
1577 2480 1700 2545 fidei
1742 2482 2046 2545 aqnoscereP
2092 2482 2329 2547 Oppressi
2354 2483 2415 2530 ab

1382 2562 1567 2610 audaci
1602 2563 1850 2628 impietate
1890 2562 2172 2628 neoloqismi
2203 2602 2217 2626 ‚
2277 2572 2417 2630 atque

1382 2643 1499 2691 adeo
1536 2643 1600 2692 ab
1638 2643 2004 2701 incredulitate,
2032 2663 2141 2711 quce
2187 2663 2235 2694 se
2261 2645 2415 2713 pallio

1381 2722 1646 2772 christiani
1685 2727 1902 2774 nom-inis
1943 2727 2115 2793 obteqit
2135 2765 2149 2788 ‚
2180 2745 2272 2794 quo
2295 2745 2412 2796 pos-

1380 2807 1480 2856 sint
1515 2807 1637 2872 fidei
1682 2807 1920 2857 deteriora
1955 2809 2156 2859 vulnera
2199 2812 2378 2877 inferri
2396 2851 2410 2871 ‚

1379 2899 1468 2938 aut
1493 2892 1550 2938 in
1574 2906 1795 2958 praeceps
1813 2891 1987 2959 dejecti
2001 2893 2218 2942 mortalis
2237 2893 2414 2943 lethar-

1377 2975 1474 3038 9i1e
1499 3010 1515 3037 ,
1558 2977 1821 3040 apostasiae
1862 2977 2100 3024 nimirum
2136 2980 2330 3025 ariance
2365 2987 2411 3026 et

1379 3059 1643 3107 socinianoe
1664 3095 1680 3118 ‚
1710 3058 2088 3108 lutheranismus
2105 3067 2150 3106 et
2177 3059 2407 3109 calvinis-

1377 3158 1509 3201 mus,
1555 3143 1635 3189 uti
1666 3149 1925 3206 systemata
1950 3141 2175 3206 reliqiosa
2193 3180 2206 3203 ‚
2248 3144 2304 3191 in
2330 3160 2408 3192 re-

1375 3222 1629 3287 yionibus,
1650 3223 1709 3270 in
1738 3222 1914 3287 quibus
1928 3231 2086 3271 ortum
2108 3222 2402 3287 habuerunt,

1367 3305 1520 3372 plane
1547 3304 1783 3354 videntur
1804 3306 2010 3370 periisse
2027 3307 2051 3354 .'

1443 3388 1510 3453 (3)
1548 3388 1889 3438 Dissidentium
1920 3391 2111 3439 nomine
2137 3391 2409 3457 significant

1375 3471 1619 3535 Anglicani
1675 3471 1780 3518 illos
1824 3488 2020 3532 omnes,
2064 3490 2182 3539 quos
2231 3484 2400 3523 vocant

1377 3554 1520 3603 etiam
1553 3554 1861 3619 separatistas
1890 3566 1969 3605 aut
1994 3573 2093 3605 non
2114 3557 2397 3622 conformis—

1373 3642 1447 3683 tas
1467 3673 1481 3695 ‚
1514 3638 1594 3701 qui
1631 3636 1805 3686 scilicet
1852 3639 2075 3688 dissident
2103 3640 2162 3687 ab
2196 3639 2396 3688 Ecclesia

1373 3718 1508 3782 legali
1546 3735 1598 3766 ac
1636 3720 1907 3770 dominante
1930 3759 1942 3781 ,
1980 3706 2243 3788 cujusmodi
2285 3728 2396 3769 sunt
