2514 4218
275 123 393 184 330

900 143 1102 181 TRACT.
1149 143 1218 182 DE
1262 145 1412 183 LOCIS
1457 147 1835 193 THEOLOGICIS·

274 294 432 353 solus
463 289 574 349 fuit
617 290 842 350 Petrus
886 287 1057 362 Quod
1093 287 1353 347 ostendit
1382 288 1558 348 series
1602 294 1887 353 sermonis
1934 293 2114 377 ipsius
2159 294 2421 373 Christi,

277 387 378 468 qui
401 397 714 469 propterea
742 385 954 463 adjecit
982 406 997 442 ε
1028 383 1236 464 Ete90
1271 385 1404 443 dico
1442 386 1562 443 tibi
1581 429 1603 457 ,
1633 397 1726 445 etc
1752 386 1957 468 (1).20
1983 391 2129 464 Quia
2159 390 2426 452 Christus

278 481 559 565 singulari
599 503 847 542 numero
891 479 1211 562 alloquitur
1255 480 1447 539 solum
1500 483 1765 541 Petrum.
1817 481 1883 543 30
1929 488 2098 560 Quod
2137 489 2183 546 si
2220 489 2428 549 ceteris

280 581 569 663 Apostolis
608 581 758 638 facta
781 589 869 638 est
900 578 1230 637 communis
1254 579 1560 660 responsio
1582 563 1786 654 Petri,
1828 579 1891 638 id
1925 592 2161 649 tantum
2185 587 2430 666 contigit

278 699 388 760 per
426 675 874 736 consensionem
898 685 958 734 et
981 673 1505 757 approbationem,
1542 698 1664 734 non
1699 688 1900 736 autem
1929 676 2039 738 alia
2060 681 2287 744 ratione
2312 709 2328 758 ς
2364 703 2431 741 ac

281 772 534 857 proinde
563 818 579 847 ,
634 771 796 854 quod
847 792 1212 854 consequens
1254 783 1344 832 est
1383 793 1448 830 ac
1487 774 1687 832 Patres
1733 772 2063 849 adnotant,
2098 777 2279 837 etiam
2324 790 2433 861 pe'r

275 872 820 950 participationem-z
840 879 895 928 et
911 869 1248 948 quamdam
1279 873 1893 929 communicationem
1918 870 2054 930 facti
2082 873 2268 954 etipsi
2296 885 2437 934 sunt

269 976 454 1047 petra
512 977 571 1026 et
612 966 1099 1045 fundamentum
1148 963 1411 1043 Ecclesiae
1439 1011 1454 1039 ,
1511 987 1617 1047 per
1654 964 2055 1027 adhaesionem
2096 967 2172 1027 ad
2205 979 2447 1051 petram.

284 1061 675 1145 principalem
701 1106 719 1140 ,
760 1082 888 1144 quae
918 1061 1027 1120 fuit
1053 1063 1260 1121 Petrus
1288 1060 1394 1144 (2).
1424 1062 1521 1120 Ex
1553 1061 1643 1120 his
1672 1063 1852 1121 etiam
1882 1074 2049 1145 patet
2068 1109 2084 1139 ,
2117 1085 2234 1146 quo
2264 1087 2443 1125 sensu

283 1157 499 1219 dixerit
537 1161 930 1240 Hieronymus
964 1181 979 1217 z
1032 1159 1233 1239 Super
1262 1180 1463 1217 omnes
1493 1162 1797 1238 Apostolos
1838 1181 1911 1219 ea·
1943 1181 2110 1241 oequo
2159 1161 2445 1222 Ecclesiae

279 1257 580 1334 fortitudo
619 1257 922 1316 solidatur
949 1254 1042 1336 (3)
1065 1300 1081 1330 ,
1127 1253 1404 1337 quodque
1444 1253 1615 1313 nobis
1645 1253 1815 1334 objici
1858 1255 2029 1316 solet.

371 1352 514 1413 489.
564 1352 655 1413 Ad
697 1351 815 1429 3⁶¹¹,
855 1354 1017 1412 Dist.
1061 1351 1175 1411 Sed
1206 1350 1437 1426 diversa
1473 1351 1701 1424 ratione
1727 1351 1801 1410 ab
1842 1374 1909 1411 ea
1933 1399 1948 1428 ,
1987 1374 2102 1435 qua
2133 1352 2243 1412 soli
2275 1354 2450 1420 Petro

289 1448 545 1510 clavium
591 1460 949 1532 potestatem
994 1449 1303 1531 promisit,
1347 1469 1549 1516 conc.,·
1588 1447 1797 1508 eadem
1828 1450 2092 1525 ratione,
2125 1472 2256 1531 neq.
2300 1451 2460 1509 Nam.

291 1545 505 1629 reliqui
536 1535 823 1630 Apostoli,
849 1545 1144 1629 quidquid
1178 1555 1532 1626 acceperunt
1556 1590 1573 1620 ,
1607 1558 1962 1627 acceperunt
1985 1547 2046 1604 in
2074 1547 2455 1608 communiet

290 1665 410 1702 una
439 1665 578 1704 cum
611 1646 820 1717 Petr03
855 1645 1060 1702 Petrus
1087 1663 1252 1715 vero,
1282 1640 1570 1724 quidquid
1597 1642 1822 1724 accepit
1844 1686 1862 1716 ,
1892 1645 2114 1726 accepit
2134 1666 2399 1703 seorsum
2421 1665 2453 1702 a

292 1739 533 1822 reliquis
560 1761 626 1799 ac
650 1738 1045 1820 singulariter.
1075 1739 1228 1798 Hinc
1251 1759 1430 1798 omne
1452 1738 1538 1814 id,
1567 1737 1727 1821 quod
1755 1741 1933 1798 ceteri
1958 1740 2251 1822 Apostoli,
2280 1740 2459 1799 etiam

364 1907 428 1985 (1)
467 1920 658 1987 Optime
684 1919 738 1968 S.
773 1919 866 1969 Leo
894 1919 963 1968 Μ.
995 1922 1057 1968 ita
1095 1919 1336 1968 Christum

295 2004 490 2054 Petrum
531 2004 847 2070 alloquentem
901 2003 1085 2050 inducit
1134 2019 1148 2049 ε
1217 2000 1336 2049 Ideo

297 2087 463 2135 beatus
481 2103 529 2134 es
555 2122 568 2146 ,
591 2087 710 2151 quia
739 2093 781 2132 te
812 2085 961 2132 Pater
985 2102 1120 2132 meas
1141 2085 1333 2146 docuit,

296 2186 384 2217 nec
408 2178 598 2217 terrena
630 2169 795 2235 opinio
827 2176 870 2215 te
902 2167 1108 2232 fefellit,
1142 2167 1225 2215 sed
1246 2169 1335 2215 in-

299 2255 504 2320 spiratio
565 2251 766 2302 coelestis
803 2253 1044 2300 instruoeit
1075 2273 1095 2310 ;
1149 2259 1194 2299 et
1236 2267 1339 2299 non

304 2353 416 2385 caro
442 2345 486 2383 et
505 2337 707 2400 sanquis
727 2372 742 2398 ,
772 2333 854 2382 sed
892 2334 973 2383 ille
999 2352 1073 2381 me
1093 2334 1218 2395 tibi,
1247 2350 1334 2382 cu-

286 2422 378 2486 jas
397 2435 506 2467 sum
523 2419 810 2483 uniqenitas
823 2417 877 2464 F
875 2415 995 2465 ilias
1016 2454 1031 2478 ,
1069 2417 1333 2468 indicavit.

302 2500 371 2552 Et
404 2518 521 2566 eqo,
566 2503 762 2567 inquit,
800 2501 906 2549 dico
942 2501 1070 2557 tibi,
1108 2499 1194 2548 hoc
1237 2508 1337 2562 est,

304 2586 431 2633 sicut
474 2581 623 2632 Pater
679 2602 813 2632 meus
867 2583 961 2632 tibi
1009 2583 1342 2648 manifestavit

306 2669 619 2717 divinitatem
646 2686 803 2717 meam
824 2706 838 2729 ‚
860 2674 933 2715 ita
955 2664 1038 2732 eq'o
1058 2668 1151 2716 tibi
1176 2675 1342 2716 notam

301 2752 434 2817 facio
463 2750 796 2801 excellentiam
841 2760 994 2799 tuam.
1042 2747 1178 2813 Quia
1209 2757 1263 2796 tu
1295 2765 1343 2796 es

311 2833 486 2884 Petrus
508 2873 522 2893 ,
567 2835 621 2883 id
650 2844 752 2898 est,
785 2852 895 2883 cum
931 2850 1015 2899 eqo
1054 2834 1148 2881 sim
1180 2833 1342 2881 invio-

313 2918 474 2967 labilis
495 2927 638 2985 petra
654 2956 669 2976 ,
687 2935 770 2983 eqo
799 2917 924 2984 lapis
942 2915 1205 2982 anqularis
1222 2953 1235 2976 ‚
1256 2916 1346 2980 qui

307 3001 440 3066 facio
470 3011 676 3067 utraque
706 3018 864 3050 unum
887 3037 904 3057 ,
942 3017 1024 3065 eqo
1047 2999 1346 3064 laudamen-

314 3091 440 3140 tum,
476 3093 656 3151 proeter
683 3084 810 3150 qaod
851 3099 992 3132 nevno
1018 3091 1172 3151 potest
1200 3080 1353 3131 aliud

307 3181 521 3232 ponere;
559 3176 720 3216 tamen
764 3175 818 3216 ta
862 3183 1045 3232 qaoque
1079 3174 1219 3232 petra
1262 3183 1310 3213 es
1333 3203 1347 3227 ,

309 3238 435 3314 'quia
475 3266 581 3297 mea
614 3253 791 3299 virtute
828 3249 1053 3299 solidaris
1076 3286 1089 3310 ,
1122 3256 1207 3309 at,
1242 3266 1349 3314 quae

318 3330 449 3380 mihi
453 3341 635 3398 potesta
642 3338 683 3382 te
693 3344 806 3381 sunt
812 3333 1036 3401 propria,
1046 3331 1246 3382 sinttibi
1256 3350 1353 3381 me-

324 3433 434 3464 cum
468 3417 845 3482 participatione
871 3417 1170 3465 communia.
1210 3414 1361 3464 Serm.

269 3514 279 3521 ·
325 3519 374 3549 iv
392 3539 406 3561 ,
425 3497 499 3549 De
519 3498 681 3548 natali
693 3502 852 3565 ipsius
869 3519 916 3549 xv
936 3539 950 3565 ,
972 3512 1089 3550 tom.
1108 3518 1147 3564 1,
1165 3500 1253 3549 col.
1278 3516 1334 3565 17
1348 3538 1361 3561 ,

332 3585 443 3633 edit.
476 3583 647 3632 Baller.

403 3667 478 3731 (2)
511 3665 611 3715 Csr.
641 3665 779 3715 Card.
812 3665 885 3714 Du
920 3666 1090 3716 Perron
1113 3705 1125 3727 ‚
1163 3666 1254 3716 loc.
1285 3668 1364 3714 cit.

1421 1917 1576 1984 Atque
1595 1921 1657 1966 ita
1681 1929 1904 1966 corruunt
1930 1918 2220 1985 objectiones
2238 1918 2274 1966 F
2277 1919 2460 1967 ebronii

1420 2011 1467 2050 et
1521 2000 1676 2066 Eybel
1728 2002 2026 2067 aliorumque
2067 2004 2295 2066 primatus
2334 1999 2461 2048 Petri

1425 2101 1632 2131 osorum.
1729 2071 1733 2073 ’
2118 2069 2122 2073 ’

1495 2164 1563 2228 (3)
1602 2163 1741 2213 Cant.
1776 2163 2038 2212 Jovinian.
2067 2164 2155 2214 lib.
2191 2183 2238 2226 ι,
2279 2183 2331 2214 n.
2376 2163 2461 2223 26,

1423 2252 1505 2300 uhi
1523 2261 1742 2316 praeterea
1773 2252 2002 2315 evestigio
2034 2249 2190 2299 subdit
2224 2267 2238 2299 ε
2273 2249 2465 2298 Tamen

1415 2342 1671 2401 propterea
1700 2335 1828 2380 inter
1869 2331 2121 2381 duodecim
2161 2349 2294 2381 uvius
2324 2331 2467 2397 eliqi-

1424 2427 1507 2466 tur
1527 2456 1540 2478 ,
1571 2427 1626 2464 ut
1640 2456 1653 2479 ,
1677 2420 1835 2483 capite
1860 2417 2119 2464 constituto
2141 2452 2154 2476 ,
2189 2415 2465 2464 schismatis

1370 2541 1382 2557 ,
1424 2501 1623 2551 tollatur
1649 2503 1855 2550 occasio.
1888 2500 2013 2548 Edit.
2038 2499 2237 2548 Vallars.
2257 2508 2374 2547 tom.
2406 2514 2462 2556 u,

1425 2586 1517 2636 col.
1538 2601 1655 2652 279.
1682 2585 1901 2632 Ceterum
1923 2620 1936 2642 ,
1970 2599 2079 2630 cum
2111 2580 2336 2629 nonnulli
2355 2598 2464 2646 pro-

1426 2678 1645 2717 testantes
1661 2666 2094 2724 animadverterint,
2115 2681 2358 2730 perperam
2383 2663 2467 2712 de-

1427 2751 1631 2816 torqueri
1654 2751 1702 2796 in
1725 2748 1867 2796 alium
1897 2763 2083 2795 sensum
2113 2745 2287 2794 Christi
2304 2745 2466 2800 verba,
2506 2774 2513 2781 ·

1429 2833 1556 2902 quod
1592 2849 1837 2897 uunquam
1858 2839 1995 2879 antea
2021 2838 2334 2895 pertentatum
2361 2828 2467 2876 fue-

1429 2927 1534 2976 rat,
1568 2925 1699 2963 aetate
1742 2914 1833 2962 hac
1880 2922 2036 2961 nostra
2085 2912 2246 2960 saltem
2286 2912 2337 2957 in
2378 2910 2467 2958 du-

1431 3001 1566 3048 bium
1589 3008 1738 3047 textus
1757 2995 1897 3062 hujus
1927 2993 2232 3043 authentiam
2254 3009 2469 3041 revocare

1434 3089 1736 3148 sategerunt,
1770 3079 1926 3144 prouti
1955 3077 2067 3125 fecit
2090 3075 2470 3125 Schultessiusiu

1434 3185 1511 3234 op.
1565 3159 1618 3213 V
1619 3181 1695 3213 om
1730 3157 2094 3225 Abendmahle,
2127 3177 2207 3208 seu
2243 3157 2324 3207 De
2361 3157 2471 3206 Cae-

1436 3268 1502 3298 na
1524 3288 1539 3312 ‚
1579 3258 1667 3297 etc.
1703 3263 1807 3312 pag.
1851 3258 1909 3291 21
1944 3253 1989 3291 et
2019 3261 2153 3309 seqq.
2185 3241 2364 3291 Verum
2394 3243 2472 3288 in-

1439 3333 1611 3381 sulsam
1639 3344 1824 3396 prorsus
1856 3329 2128 3391 opinionem
2145 3327 2244 3373 risit
2271 3324 2349 3374 vel
2371 3325 2469 3388 ipse

1448 3411 1817 3465 Bretschneider.
1839 3409 1937 3458 Cfr.
1959 3409 2256 3474 Roskovany,
2277 3405 2348 3457 De
2359 3406 2468 3471 pri-

1447 3506 1585 3546 matu
1613 3511 1736 3543 rom.
1769 3494 1921 3543 Pont.
1958 3492 1984 3560 S
2016 3509 2074 3554 2,
2104 3500 2205 3541 not.
2242 3489 2343 3555 (2),
2379 3489 2473 3536 Au-

1450 3591 1593 3648 gustae
1619 3580 1809 3630 Vindel.
1842 3577 1989 3641 1834.
