2514 4218
2055 185 2173 245 325

300 255 310 257 s
388 214 548 253 PAnr.
592 213 635 249 1.
683 208 833 250 SBC'I'·
879 206 941 248 11.
986 211 1111 249 CAP.
1158 213 1199 250 1.
1246 212 1314 249 DE
1357 211 1520 250 PETRI
1562 210 1835 249 PRIMATU.

134 357 272 416 482.
317 352 407 414 Ad
431 352 541 426 2¹1¹,
574 352 731 411 Dist.
760 352 870 410 Per
895 349 1211 432 quamdam
1239 350 1640 412 extensionem
1679 362 1739 409 et
1771 349 2174 432 participatio-

50 474 189 512 nem
208 496 224 525 ,
252 448 412 508 salvo
434 446 587 505 Petri
622 448 877 527 primatu
897 491 913 520 .‚
939 467 1098 505 conc.
1115 470 1136 512 ‚·
1158 446 1270 505 hoc
1293 445 1523 506 excluso
1541 491 1557 521 ,
1588 468 1715 526 neq.
1745 446 1923 504 Item:
1950 445 2173 505 Natalis

51 547 212 606 Alex.
233 554 293 604 et
309 540 667 621 Tournelyus
704 539 1122 606 nonnullorum
1140 542 1379 599 Patrum
1399 541 1803 601 auctoritatem
1829 539 2169 615 adducunt,

48 651 115 700 ut
146 637 459 697 ostendant
479 682 495 711 7
530 658 652 694 non
679 635 786 694 soli
814 637 983 694 Petro
1002 679 1030 707 ,,
1050 633 1154 693 sed
1182 646 1242 693 et
1263 634 1501 716 reliquis
1536 635 1823 718 Apostolis
1853 656 2174 716 eorumque

46 731 466 793 successoribus
521 731 895 790 commissum
949 728 1123 787 fuisse
1165 738 1395 808 gregem
1450 731 1810 812 pascendum
1830 775 1846 804 ,
1898 733 2055 790 Dist.
2110 731 2173 787 in

46 850 219 888 sensu
250 827 509 907 exposito
528 871 544 901 ,
574 848 761 893 conc.;
789 825 852 883 in
878 844 1051 884 sensu
1075 823 1425 898 adversarii,
1456 847 1588 906 neq.
1608 825 1778 899 Quod
1799 847 1939 887 vero
1963 825 2175 884 attinet

46 923 122 983 ad
164 923 518 1004 Dupinium.,
555 922 982 998 Launojumac
1013 918 1341 977 Barowium
1373 964 1390 994 ‚
1429 921 1718 1002 quidquid
1762 922 1858 981 isti
1902 920 2172 980 sublestae

49 1018 185 1077 fidei
230 1017 496 1076 homines
547 1015 866 1084 senserint,
906 1012 1054 1070 nihil
1096 1024 1294 1072 nostra
1334 1008 1535 1074 refert.
1576 1016 1756 1095 Igitur
1781 1062 1797 1090 .‚
1843 1015 2002 1075 aliud
2043 1025 2167 1090 est,

49 1114 263 1173 Christi
286 1112 463 1174 verba
490 1114 552 1171 in
581 1109 834 1196 quodam
870 1131 1044 1169 sensu
1075 1109 1415 1191 ampliativo
1435 1156 1451 1185 a
1484 1116 1559 1170 ut
1581 1123 1824 1189 vocant,
1855 1124 2031 1194 atque
2066 1133 2171 1171 ex·-

46 1209 278 1269 tensivo
311 1207 599 1290 applicare
627 1205 803 1266 etiam
827 1203 1117 1286 Apostolis
1153 1204 1390 1285 reliquis
1426 1250 1441 1279 ,
1475 1206 1595 1265 imo
1631 1207 1952 1286 generatim
1974 1207 2169 1266 omni-

46 1303 156 1363 bus
205 1326 403 1364 curam
451 1303 777 1363 animarum
822 1300 1156 1380 gerentibus
1196 1323 1305 1382 pro
1348 1302 1798 1384 uniuscujusque
1861 1303 2045 1385 gradu
2107 1315 2169 1363 et

51 1399 255 1459 ordine
277 1442 294 1474 ‚
326 1399 412 1458 uti
446 1398 709 1456 fecerunt
737 1398 935 1455 Patres
970 1406 1029 1454 et
1068 1417 1175 1453 nos
1210 1416 1343 1454 cum
1372 1396 1544 1477 ipsis;
1577 1396 1736 1456 aliud
1779 1419 1919 1458 vero
1941 1399 2021 1456 ita
2043 1398 2170 1458 haec

45 1494 364 1574 intelligere
395 1491 570 1554 verba
607 1490 680 1551 de
723 1490 1010 1573 Apostolis
1051 1490 1292 1572 aliisque
1318 1490 1682 1573 pastoribuS‚
1715 1503 1779 1550 ut
1821 1492 2168 1552 excludatur

46 1590 329 1669 primatus
367 1577 522 1647 Petri
549 1633 566 1656 ,
600 1586 758 1667 quod
792 1607 1095 1667 nunquam
1153 1587 1350 1646 Patres
1399 1587 1800 1668 praestiterunt
1826 1633 1841 1661 ‚
1871 1588 1993 1647 imo
2028 1607 2167 1645 con·

44 1686 285 1742 trarium
327 1680 544 1763 ubique
587 1691 873 1759 asserunt.
918 1681 1068 1740 Sane
1122 1680 1343 1739 Natalis
1383 1680 1543 1740 Alex.
1592 1681 1681 1740 his
1720 1682 1933 1741 Christi
1973 1680 2165 1760 verbis

42 1778 228 1836 utitur
275 1798 408 1836 cum
443 1776 927 1858 interpretatione
955 1778 1250 1851 Patrums
1275 1775 1350 1834 ad
1388 1775 1805 1855 vindicandum
1842 1780 2011 1835 Petro
2041 1775 2165 1858 pri-

40 1883 265 1931 matum
305 1871 718 1950 jurisdictionis
749 1870 861 1950 (l).
888 1872 1059 1930 Hunc
1094 1871 1370 1930 eumdem
1392 1873 1711 1952 primatum
1743 1872 1958 1952 colligit
1985 1872 2163 1931 etiam

39 1966 395 2046 Tournelyus
447 1988 517 2026 ex
555 1965 665 2025 hoc
699 1977 866 2024 textu
911 1965 1021 2046 (2).
1069 1965 1237 2039 Quod
1276 1966 1532 2026 si'iidem
1573 1979 1833 2027 auctores
1863 1966 2164 2026 adducunt

30 2063 221 2120 etiam
261 2064 661 2122 auctoritatem
699 2064 975 2137 Petrum,
1008 2059 1121 2136 ut'.,
1159 2066 1330 2140 juxta
1365 2062 1577 2145 placita
1616 2062 1928 2143 gallicana7
1951 2060 2162 2144 quibus

43 2155 215 2214 ambo
248 2155 583 2231 adbaerent,
612 2156 917 2233 evincant,
946 2156 1267 2216 Concilium
1300 2178 1422 2217 esse
1448 2179 1623 2239 supra
1665 2158 2003 2217 Pontificem
2029 2155 2118 2236 (3)
2143 2202 2159 2231 ,

41 2463 228 2512 adnotat
264 2479 278 2510 ε
320 2460 377 2509 V
375 2462 536 2518 idetar
574 2460 786 2509 alludere
826 2461 892 2508 ad
931 2477 1058 2526 pros-

37 2546 305 2608 roqativam
347 2542 487 2591 Sedis
519 2537 728 2591 romanoe
748 2581 761 2603 ‚
806 2545 872 2591 ad
914 2560 1057 2608 qaam

29 2628 243 2692 pertinet
267 2622 488 2674 Ecclesia
500 2642 609 2672 rum
634 2627 851 2689 omnium
880 2624 1059 2672 sollici-

36 2708 149 2756 tudo
170 2744 183 2767 ,
210 2707 267 2754 de
306 2724 400 2771 qua
426 2706 572 2755 latius
600 2708 734 2772 infra
760 2706 862 2755 loca
887 2703 1057 2773 Scrip-

37 2799 159 2838 turoe
186 2789 265 2837 hic
290 2788 493 2852 alleqata
515 2798 631 2837 sam
663 2788 845 2837 Ezech.
876 2806 1012 2837 xxxiv
1035 2825 1050 2848 ‚

35 2870 184 2923 Joan.
214 2892 240 2920 x
276 2879 323 2919 et
357 2870 519 2919 ultim.

108 2954 178 3017 (l)
214 2953 408 3002 Dissert.
430 2971 475 2999 iv
500 2955 579 3025 ‚jn
605 2951 750 3001 secul.
771 2968 789 2998 1
810 2988 825 3008 ,
853 2948 1055 3016 Ρτοῐ).4.

41 3033 158 3083 Cum
180 3036 246 3083 ibi
272 3034 496 3084 retulisset
529 3033 696 3082 Christi
718 3034 851 3082 verba
879 3050 893 3080 ε
912 3048 1058 3098 pasce

42 3132 248 3179 cynos...
277 3135 424 3184 pasce
461 3134 596 3178 oves,
635 3120 779 3183 pergit
810 3133 825 3163 τ
869 3115 1060 3178 Quibus

44 3197 200 3244 verbis
222 3214 409 3246 summa
436 3216 608 3247 >reram
646 3201 704 3247 in
744 3197 960 3246 Ecclesia
978 3233 990 3255 ,
1016 3204 1061 3243 st

45 3288 198 3337 sacer,
213 3279 388 3327 nedum
412 3297 556 3346 super
578 3288 750 3328 ceteros
769 3277 928 3343 fideles
946 3315 960 3338 ‚
980 3276 1062 3324 sed

42 3360 187 3406 etiam
229 3375 370 3424 saper
408 3361 658 3426 Apostolos
702 3363 831 3426 ipsos
867 3359 1062 3425 princi-

40 3448 187 3505 patus
223 3438 280 3490 S.
321 3440 463 3488 Petro
500 3459 532 3491 a
578 3443 770 3491 Christo
818 3441 1062 3489 Salvatore

1142 2462 1269 2525 genis
1289 2496 1303 2518 ,
1354 2455 1621 2520 Ambrosii,
1663 2457 1880 2506 Eucherii
1904 2493 1916 2517 ‚
1958 2455 2162 2522 Gregorii

1144 2541 1217 2590 M.
1246 2550 1292 2588 et
1318 2537 1368 2588 S.
1397 2539 1636 2587 Bernardi.

1211 2623 1279 2686 (2)
1315 2622 1498 2670 Etenim
1517 2620 1758 2688 Tournely
1775 2623 1826 2668 in
1843 2619 2023 2686 obJecto
2037 2619 2159 2680 loc0‚

1141 2707 1190 2752 in
1233 2706 1390 2768 primis
1422 2705 1578 2751 statuit
1604 2703 1861 2768 generalem
1901 2701 2162 2750 conclusio-

1140 2805 1246 2834 nem
1282 2801 1294 2834 :
1329 2785 1539 2833 Sanctus
1570 2785 1750 2832 Petrus
1780 2785 2050 2848 primatum
2077 2799 2161 2830 ac-

1139 2871 1265 2934 cepit
1294 2886 1325 2916 a
1358 2868 1548 2918 Christo
1571 2884 1713 2932 super
1743 2865 1863 2914 allos
1889 2863 2157 2931 Apostolos.

1143 2949 1282 3000 Hanc
1298 2968 1404 2999 vero
1421 2950 1763 2999 conclusionem
1777 2949 1946 2997 evincit
1957 2947 2161 2996 secundo

1142 3043 1414 3097 argumento
1458 3032 1655 3080 deducto
1700 3048 1753 3077 ex
1796 3027 1966 3077 Christi
2007 3027 2161 3077 verbis

1143 3115 1266 3180 apud
1283 3113 1509 3164 Joannem
1533 3129 1546 3162 ε
1576 3111 1768 3178 Quibus
1791 3111 1966 3174 verbis,
1983 3113 2157 3178 inquit,

1134 3198 1381 3262 primatus
1393 3196 1449 3244 S.
1470 3195 1605 3242 Petri
1622 3209 1770 3258 supra
1787 3181 2164 3259 ceterosAposto-

1143 3277 1210 3325 los
1231 3280 1396 3326 merito
1424 3275 1726 3340 colligitur...
1746 3273 1831 3322 hoc
1844 3291 2014 3335 sensu,
2037 3273 2164 3339 quod

1144 3360 1234 3409 soli
1261 3361 1407 3408 Petro
1425 3370 1652 3422 tanquam
1661 3361 1930 3424 primatum
1957 3357 2156 3422 qerenti,

1145 3451 1190 3490 et
1207 3441 1474 3492 Ecclesiam
1489 3439 1766 3503 anibersam
1782 3439 2161 3508 reproesentami,
2230 3430 2233 3435 ¹

46 3521 242 3570 collatas
279 3530 359 3568 est.
388 3521 471 3568 Ita
489 3522 617 3572 hunc
642 3523 794 3573 locam
814 3530 1065 3590 exponunt
1146 3528 1360 3574 omnium
1379 3523 1705 3574 Ecclesiarum
1719 3541 1835 3572 cura
1846 3521 2163 3571 etsollicitudo

48 3603 139 3655 SS.
176 3604 347 3651 Patres
388 3612 434 3651 et
462 3613 636 3653 veteres
668 3615 880 3655 auctores
912 3606 1059 3654 eccle-

49 3688 252 3734 siastici.
273 3687 449 3751 Allegat
466 3703 599 3751 porro
618 3691 932 3758 auctoritatem
949 3688 1056 3736 Ori-

1140 3607 1410 3656 concredita
1439 3607 1523 3655 sit.
1865 3646 1866 3649 ,

1211 3689 1276 3753 (3)
1315 3688 1490 3737 Natalis
1521 3685 1653 3737 Alex.
1693 3689 1870 3736 dissert.
1921 3701 1966 3734 iv
2004 3686 2054 3732 in
2091 3699 2164 3732 se-
