<?xml version="1.0" encoding="UTF-8"?>
<!DOCTYPE html PUBLIC "-//W3C//DTD XHTML 1.0 Transitional//EN"
    "http://www.w3.org/TR/xhtml1/DTD/xhtml1-transitional.dtd">
<html xmlns="http://www.w3.org/1999/xhtml" xml:lang="en" lang="en">
 <head>
  <title>
</title>
<meta http-equiv="Content-Type" content="text/html;charset=utf-8" />
  <meta name='ocr-system' content='tesseract 3.04.00' />
  <meta name='ocr-capabilities' content='ocr_page ocr_carea ocr_par ocr_line ocrx_word'/>
</head>
<body>
  <div class='ocr_page' id='page_1' title='image "a603693808perruoft_0213.png"; bbox 0 0 2514 4218; ppageno 0'>
   <div class='ocr_carea' id='block_1_1' title="bbox 2087 202 2207 263">
    <p class='ocr_par' dir='ltr' id='par_1_1' title="bbox 2087 202 2207 263">
     <span class='ocr_line' id='line_1_1' title="bbox 2087 202 2207 263; baseline 0.017 -2"><span class='ocrx_word' id='word_1_1' title='bbox 2087 202 2207 263; x_wconf 85' lang='lat'><strong>201</strong></span> 
     </span>
    </p>
   </div>
   <div class='ocr_carea' id='block_1_2' title="bbox 558 217 1746 265">
    <p class='ocr_par' dir='ltr' id='par_1_2' title="bbox 558 217 1746 265">
     <span class='ocr_line' id='line_1_2' title="bbox 558 217 1746 265; baseline -0.002 -4"><span class='ocrx_word' id='word_1_2' title='bbox 558 221 714 261; x_wconf 69' lang='lat' dir='ltr'><strong>mm.</strong></span> <span class='ocrx_word' id='word_1_3' title='bbox 760 221 803 259; x_wconf 84' lang='lat'><strong>1.</strong></span> <span class='ocrx_word' id='word_1_4' title='bbox 850 220 970 265; x_wconf 76' lang='lat' dir='ltr'>CAP.</span> <span class='ocrx_word' id='word_1_5' title='bbox 1017 219 1103 258; x_wconf 87' lang='lat'>111.</span> <span class='ocrx_word' id='word_1_6' title='bbox 1151 221 1219 258; x_wconf 76' lang='lat' dir='ltr'><strong>DE</strong></span> <span class='ocrx_word' id='word_1_7' title='bbox 1262 217 1529 259; x_wconf 72' lang='lat' dir='ltr'>EchBSIAE</span> <span class='ocrx_word' id='word_1_8' title='bbox 1568 219 1746 259; x_wconf 70' lang='lat' dir='ltr'><strong>NO&#39;HS·</strong></span> 
     </span>
    </p>
   </div>
   <div class='ocr_carea' id='block_1_3' title="bbox 91 365 2225 2630">
    <p class='ocr_par' dir='ltr' id='par_1_3' title="bbox 97 365 2214 733">
     <span class='ocr_line' id='line_1_3' title="bbox 179 365 2214 450; baseline -0 -20"><span class='ocrx_word' id='word_1_9' title='bbox 179 371 320 431; x_wconf 88' lang='grc'><strong>311.</strong></span> <span class='ocrx_word' id='word_1_10' title='bbox 367 367 455 430; x_wconf 86' lang='lat' dir='ltr'><strong>Ad</strong></span> <span class='ocrx_word' id='word_1_11' title='bbox 488 368 608 445; x_wconf 80' lang='lat'>8¹¹¹,</span> <span class='ocrx_word' id='word_1_12' title='bbox 639 369 787 450; x_wconf 72' lang='lat' dir='ltr'><strong>Neq.</strong></span> <span class='ocrx_word' id='word_1_13' title='bbox 815 369 1043 429; x_wconf 81' lang='lat' dir='ltr'><strong>Etenim</strong></span> <span class='ocrx_word' id='word_1_14' title='bbox 1069 368 1178 428; x_wconf 86' lang='lat' dir='ltr'><strong>hoc</strong></span> <span class='ocrx_word' id='word_1_15' title='bbox 1199 368 1325 450; x_wconf 89' lang='lat' dir='ltr'><strong>ipso</strong></span> <span class='ocrx_word' id='word_1_16' title='bbox 1348 367 1705 427; x_wconf 80' lang='lat' dir='ltr'><strong>innovarunt</strong></span> <span class='ocrx_word' id='word_1_17' title='bbox 1726 411 1744 443; x_wconf 80' lang='lat'>,</span> <span class='ocrx_word' id='word_1_18' title='bbox 1782 365 1940 449; x_wconf 89' lang='lat' dir='ltr'><strong>quod</strong></span> <span class='ocrx_word' id='word_1_19' title='bbox 1964 378 2214 430; x_wconf 75' lang='lat' dir='ltr'><strong>conten·</strong></span> 
     </span>
     <span class='ocr_line' id='line_1_4' title="bbox 97 461 2203 545; baseline -0 -19"><span class='ocrx_word' id='word_1_20' title='bbox 97 467 315 538; x_wconf 75' lang='lat' dir='ltr'><strong>derint,</strong></span> <span class='ocrx_word' id='word_1_21' title='bbox 343 464 635 524; x_wconf 75' lang='lat' dir='ltr'><strong>Christum</strong></span> <span class='ocrx_word' id='word_1_22' title='bbox 659 464 974 524; x_wconf 81' lang='lat' dir='ltr'><strong>instituisse</strong></span> <span class='ocrx_word' id='word_1_23' title='bbox 1007 463 1311 525; x_wconf 84' lang='lat' dir='ltr'><strong>Ecclesiam</strong></span> <span class='ocrx_word' id='word_1_24' title='bbox 1338 461 1670 545; x_wconf 80' lang='lat' dir='ltr'><strong>acephalam</strong></span> <span class='ocrx_word' id='word_1_25' title='bbox 1692 507 1708 536; x_wconf 86' lang='lat'><strong>.‚</strong></span> <span class='ocrx_word' id='word_1_26' title='bbox 1737 473 2016 541; x_wconf 78' lang='lat' dir='ltr'><strong>negantes</strong></span> <span class='ocrx_word' id='word_1_27' title='bbox 2041 466 2203 525; x_wconf 85' lang='lat' dir='ltr'><strong>Petri</strong></span> 
     </span>
     <span class='ocr_line' id='line_1_5' title="bbox 97 557 2212 641; baseline 0.001 -22"><span class='ocrx_word' id='word_1_28' title='bbox 97 581 162 619; x_wconf 91' lang='lat' dir='ltr'><strong>ac</strong></span> <span class='ocrx_word' id='word_1_29' title='bbox 192 558 437 641; x_wconf 88' lang='lat' dir='ltr'><strong>proinde</strong></span> <span class='ocrx_word' id='word_1_30' title='bbox 460 561 625 619; x_wconf 85' lang='lat' dir='ltr'><strong>Rom.</strong></span> <span class='ocrx_word' id='word_1_31' title='bbox 660 560 1003 618; x_wconf 88' lang='lat' dir='ltr'><strong>Pontificum</strong></span> <span class='ocrx_word' id='word_1_32' title='bbox 1033 558 1352 639; x_wconf 89' lang='lat' dir='ltr'><strong>primatum</strong></span> <span class='ocrx_word' id='word_1_33' title='bbox 1383 558 1457 619; x_wconf 90' lang='lat' dir='ltr'><strong>de</strong></span> <span class='ocrx_word' id='word_1_34' title='bbox 1475 559 1611 640; x_wconf 80' lang='lat' dir='ltr'><strong>jure</strong></span> <span class='ocrx_word' id='word_1_35' title='bbox 1634 557 1854 619; x_wconf 73' lang='lat' dir='ltr'><strong>divino·</strong></span> <span class='ocrx_word' id='word_1_36' title='bbox 1876 558 2103 618; x_wconf 89' lang='lat' dir='ltr'><strong>Verum</strong></span> <span class='ocrx_word' id='word_1_37' title='bbox 2130 559 2212 621; x_wconf 84' lang='lat' dir='ltr'><strong>de</strong></span> 
     </span>
     <span class='ocr_line' id='line_1_6' title="bbox 97 653 984 733; baseline -0.001 -21"><span class='ocrx_word' id='word_1_38' title='bbox 97 653 208 712; x_wconf 91' lang='lat' dir='ltr'><strong>hoc</strong></span> <span class='ocrx_word' id='word_1_39' title='bbox 238 665 581 733; x_wconf 82' lang='lat' dir='ltr'><strong>argumento</strong></span> <span class='ocrx_word' id='word_1_40' title='bbox 610 653 817 713; x_wconf 89' lang='lat' dir='ltr'><strong>idoneo</strong></span> <span class='ocrx_word' id='word_1_41' title='bbox 842 653 984 712; x_wconf 78' lang='lat' dir='ltr'><strong>loco,</strong></span> 
     </span>
    </p>

    <p class='ocr_par' dir='ltr' id='par_1_4' title="bbox 91 744 2225 2630">
     <span class='ocr_line' id='line_1_7' title="bbox 177 744 2204 832; baseline 0 -26"><span class='ocrx_word' id='word_1_42' title='bbox 177 747 315 807; x_wconf 75' lang='lat'><strong>312.</strong></span> <span class='ocrx_word' id='word_1_43' title='bbox 366 748 454 808; x_wconf 91' lang='lat' dir='ltr'><strong>Ad</strong></span> <span class='ocrx_word' id='word_1_44' title='bbox 479 751 580 825; x_wconf 80' lang='lat'>9¹1¹,</span> <span class='ocrx_word' id='word_1_45' title='bbox 610 751 768 809; x_wconf 81' lang='lat' dir='ltr'><strong>Dist.</strong></span> <span class='ocrx_word' id='word_1_46' title='bbox 799 748 864 807; x_wconf 90' lang='lat' dir='ltr'><strong>ld</strong></span> <span class='ocrx_word' id='word_1_47' title='bbox 888 757 994 821; x_wconf 90' lang='lat' dir='ltr'><strong>est,</strong></span> <span class='ocrx_word' id='word_1_48' title='bbox 1024 744 1292 832; x_wconf 82' lang='lat' dir='ltr'><strong>nonnulli</strong></span> <span class='ocrx_word' id='word_1_49' title='bbox 1317 745 1581 829; x_wconf 86' lang='lat' dir='ltr'><strong>Episcopi</strong></span> <span class='ocrx_word' id='word_1_50' title='bbox 1609 768 1715 830; x_wconf 90' lang='lat' dir='ltr'><strong>per</strong></span> <span class='ocrx_word' id='word_1_51' title='bbox 1733 767 2021 806; x_wconf 89' lang='lat' dir='ltr'><strong>summam</strong></span> <span class='ocrx_word' id='word_1_52' title='bbox 2046 746 2204 827; x_wconf 83' lang='lat' dir='ltr'><strong>igna-</strong></span> 
     </span>
     <span class='ocr_line' id='line_1_8' title="bbox 95 838 2213 921; baseline -0.001 -18"><span class='ocrx_word' id='word_1_53' title='bbox 95 842 248 903; x_wconf 86' lang='lat' dir='ltr'><strong>viam</strong></span> <span class='ocrx_word' id='word_1_54' title='bbox 287 854 346 902; x_wconf 91' lang='lat' dir='ltr'><strong>et</strong></span> <span class='ocrx_word' id='word_1_55' title='bbox 373 844 852 921; x_wconf 74' lang='lat' dir='ltr'><strong>assentationem,</strong></span> <span class='ocrx_word' id='word_1_56' title='bbox 888 853 1016 900; x_wconf 88' lang='lat' dir='ltr'><strong>tum</strong></span> <span class='ocrx_word' id='word_1_57' title='bbox 1039 838 1358 899; x_wconf 87' lang='lat' dir='ltr'><strong>honoribus</strong></span> <span class='ocrx_word' id='word_1_58' title='bbox 1386 840 1590 917; x_wconf 73' lang='lat' dir='ltr'><strong>illecti,</strong></span> <span class='ocrx_word' id='word_1_59' title='bbox 1624 853 1752 900; x_wconf 89' lang='lat' dir='ltr'><strong>tum</strong></span> <span class='ocrx_word' id='word_1_60' title='bbox 1782 842 1953 900; x_wconf 90' lang='lat' dir='ltr'><strong>minis</strong></span> <span class='ocrx_word' id='word_1_61' title='bbox 1979 842 2165 901; x_wconf 86' lang='lat' dir='ltr'><strong>territi</strong></span> <span class='ocrx_word' id='word_1_62' title='bbox 2184 887 2213 919; x_wconf 20' lang='lat' dir='ltr'><strong>,t</strong></span> 
     </span>
     <span class='ocr_line' id='line_1_9' title="bbox 94 933 2193 1018; baseline 0.001 -23"><span class='ocrx_word' id='word_1_63' title='bbox 94 938 421 1018; x_wconf 83' lang='lat' dir='ltr'><strong>proditores</strong></span> <span class='ocrx_word' id='word_1_64' title='bbox 443 939 573 997; x_wconf 87' lang='lat' dir='ltr'><strong>facti</strong></span> <span class='ocrx_word' id='word_1_65' title='bbox 603 949 740 998; x_wconf 89' lang='lat' dir='ltr'><strong>sunt</strong></span> <span class='ocrx_word' id='word_1_66' title='bbox 760 957 942 996; x_wconf 84' lang='lat' dir='ltr'><strong>causae</strong></span> <span class='ocrx_word' id='word_1_67' title='bbox 963 933 1258 993; x_wconf 82' lang='lat' dir='ltr'><strong>catholicae</strong></span> <span class='ocrx_word' id='word_1_68' title='bbox 1277 979 1292 1007; x_wconf 78' lang='grc'><em>,</em></span> <span class='ocrx_word' id='word_1_69' title='bbox 1323 956 1510 1013; x_wconf 78' lang='grc' dir='ltr'><em>οοηο.;</em></span> <span class='ocrx_word' id='word_1_70' title='bbox 1527 957 1596 995; x_wconf 81' lang='lat' dir='ltr'><strong>ex</strong></span> <span class='ocrx_word' id='word_1_71' title='bbox 1624 957 1757 997; x_wconf 87' lang='lat' dir='ltr'><strong>vera</strong></span> <span class='ocrx_word' id='word_1_72' title='bbox 1783 938 2159 1018; x_wconf 83' lang='lat' dir='ltr'><strong>persuasione</strong></span> <span class='ocrx_word' id='word_1_73' title='bbox 2177 982 2193 1012; x_wconf 90' lang='lat'><strong>.,</strong></span> 
     </span>
     <span class='ocr_line' id='line_1_10' title="bbox 94 1029 2218 1112; baseline -0.001 -22"><span class='ocrx_word' id='word_1_74' title='bbox 94 1034 473 1112; x_wconf 77' lang='lat' dir='ltr'><strong>ne9.Notoriae</strong></span> <span class='ocrx_word' id='word_1_75' title='bbox 487 1044 624 1092; x_wconf 89' lang='lat' dir='ltr'><strong>sunt</strong></span> <span class='ocrx_word' id='word_1_76' title='bbox 636 1044 784 1092; x_wconf 85' lang='lat' dir='ltr'><strong>artes</strong></span> <span class='ocrx_word' id='word_1_77' title='bbox 801 1029 1368 1112; x_wconf 84' lang='lat' dir='ltr'><strong>machinationesque</strong></span> <span class='ocrx_word' id='word_1_78' title='bbox 1383 1052 1608 1106; x_wconf 75' lang='lat' dir='ltr'><strong>omneS‚</strong></span> <span class='ocrx_word' id='word_1_79' title='bbox 1627 1030 1835 1112; x_wconf 87' lang='lat' dir='ltr'><strong>quibus</strong></span> <span class='ocrx_word' id='word_1_80' title='bbox 1854 1031 2218 1112; x_wconf 68' lang='lat' dir='ltr'><strong>gubernium</strong></span> 
     </span>
     <span class='ocr_line' id='line_1_11' title="bbox 96 1124 2203 1204; baseline 0.001 -19"><span class='ocrx_word' id='word_1_81' title='bbox 96 1127 378 1185; x_wconf 87' lang='lat' dir='ltr'><strong>russicum</strong></span> <span class='ocrx_word' id='word_1_82' title='bbox 418 1149 588 1187; x_wconf 89' lang='lat' dir='ltr'><strong>usum</strong></span> <span class='ocrx_word' id='word_1_83' title='bbox 614 1138 700 1186; x_wconf 90' lang='lat' dir='ltr'><strong>est</strong></span> <span class='ocrx_word' id='word_1_84' title='bbox 726 1125 801 1185; x_wconf 88' lang='lat' dir='ltr'><strong>ad</strong></span> <span class='ocrx_word' id='word_1_85' title='bbox 836 1124 1275 1204; x_wconf 80' lang='lat' dir='ltr'><strong>graecos-unitos</strong></span> <span class='ocrx_word' id='word_1_86' title='bbox 1315 1124 1725 1186; x_wconf 88' lang='lat' dir='ltr'><strong>convellendos</strong></span> <span class='ocrx_word' id='word_1_87' title='bbox 1752 1125 1824 1185; x_wconf 91' lang='lat' dir='ltr'><strong>ab</strong></span> <span class='ocrx_word' id='word_1_88' title='bbox 1854 1129 2081 1187; x_wconf 89' lang='lat' dir='ltr'><strong>unitate</strong></span> <span class='ocrx_word' id='word_1_89' title='bbox 2114 1149 2203 1187; x_wconf 89' lang='lat' dir='ltr'><strong>ca·</strong></span> 
     </span>
     <span class='ocr_line' id='line_1_12' title="bbox 97 1218 2199 1300; baseline 0.001 -22"><span class='ocrx_word' id='word_1_90' title='bbox 97 1219 323 1280; x_wconf 84' lang='lat' dir='ltr'><strong>tholicae</strong></span> <span class='ocrx_word' id='word_1_91' title='bbox 341 1222 598 1282; x_wconf 87' lang='lat' dir='ltr'><strong>Ecclesiae</strong></span> <span class='ocrx_word' id='word_1_92' title='bbox 615 1231 787 1300; x_wconf 84' lang='lat' dir='ltr'><strong>atque</strong></span> <span class='ocrx_word' id='word_1_93' title='bbox 808 1219 882 1277; x_wconf 89' lang='lat' dir='ltr'><strong>ad</strong></span> <span class='ocrx_word' id='word_1_94' title='bbox 900 1218 1146 1277; x_wconf 84' lang='lat' dir='ltr'><strong>schisma</strong></span> <span class='ocrx_word' id='word_1_95' title='bbox 1171 1219 1612 1300; x_wconf 76' lang='lat' dir='ltr'><strong>pertrahendos,</strong></span> <span class='ocrx_word' id='word_1_96' title='bbox 1638 1220 1886 1281; x_wconf 73' lang='lat' dir='ltr'><strong>Publicae</strong></span> <span class='ocrx_word' id='word_1_97' title='bbox 1902 1223 2042 1281; x_wconf 89' lang='lat' dir='ltr'><strong>item</strong></span> <span class='ocrx_word' id='word_1_98' title='bbox 2059 1232 2199 1281; x_wconf 86' lang='lat' dir='ltr'><strong>sunt</strong></span> 
     </span>
     <span class='ocr_line' id='line_1_13' title="bbox 95 1312 2219 1396; baseline 0.001 -23"><span class='ocrx_word' id='word_1_99' title='bbox 95 1317 521 1396; x_wconf 88' lang='lat' dir='ltr'><strong>persecutiones</strong></span> <span class='ocrx_word' id='word_1_100' title='bbox 543 1314 936 1387; x_wconf 83' lang='lat' dir='ltr'><strong>atrocissimae,</strong></span> <span class='ocrx_word' id='word_1_101' title='bbox 963 1312 1253 1373; x_wconf 86' lang='lat' dir='ltr'><strong>violentiae</strong></span> <span class='ocrx_word' id='word_1_102' title='bbox 1277 1324 1494 1394; x_wconf 88' lang='lat' dir='ltr'><strong>apertae</strong></span> <span class='ocrx_word' id='word_1_103' title='bbox 1518 1325 1578 1372; x_wconf 89' lang='lat' dir='ltr'><strong>et</strong></span> <span class='ocrx_word' id='word_1_104' title='bbox 1599 1315 1887 1388; x_wconf 83' lang='lat' dir='ltr'><strong>crudeleS‚</strong></span> <span class='ocrx_word' id='word_1_105' title='bbox 1910 1315 2219 1376; x_wconf 72' lang='lat' dir='ltr'><strong>bonorum:</strong></span> 
     </span>
     <span class='ocr_line' id='line_1_14' title="bbox 101 1407 2201 1491; baseline 0.001 -22"><span class='ocrx_word' id='word_1_106' title='bbox 101 1410 546 1491; x_wconf 76' lang='lat' dir='ltr'><strong>expoliatione8‚</strong></span> <span class='ocrx_word' id='word_1_107' title='bbox 571 1407 764 1482; x_wconf 69' lang='lat' dir='ltr'><strong>exilia,</strong></span> <span class='ocrx_word' id='word_1_108' title='bbox 800 1408 1010 1490; x_wconf 89' lang='lat' dir='ltr'><strong>quibus</strong></span> <span class='ocrx_word' id='word_1_109' title='bbox 1045 1407 1267 1468; x_wconf 85' lang='lat' dir='ltr'><strong>nobiles</strong></span> <span class='ocrx_word' id='word_1_110' title='bbox 1295 1408 1647 1468; x_wconf 89' lang='lat' dir='ltr'><strong>confessores</strong></span> <span class='ocrx_word' id='word_1_111' title='bbox 1670 1408 1904 1469; x_wconf 79' lang='lat' dir='ltr'><strong>obnoxii</strong></span> <span class='ocrx_word' id='word_1_112' title='bbox 1927 1411 2201 1487; x_wconf 76' lang='lat' dir='ltr'><strong>fuerunt,</strong></span> 
     </span>
     <span class='ocr_line' id='line_1_15' title="bbox 94 1502 2203 1586; baseline 0 -22"><span class='ocrx_word' id='word_1_113' title='bbox 94 1526 163 1564; x_wconf 89' lang='lat' dir='ltr'><strong>eo</strong></span> <span class='ocrx_word' id='word_1_114' title='bbox 190 1504 344 1586; x_wconf 91' lang='lat' dir='ltr'><strong>quod</strong></span> <span class='ocrx_word' id='word_1_115' title='bbox 368 1525 597 1563; x_wconf 89' lang='lat' dir='ltr'><strong>causam</strong></span> <span class='ocrx_word' id='word_1_116' title='bbox 617 1502 831 1562; x_wconf 87' lang='lat' dir='ltr'><strong>Christi</strong></span> <span class='ocrx_word' id='word_1_117' title='bbox 869 1503 1112 1585; x_wconf 86' lang='lat' dir='ltr'><strong>prodere</strong></span> <span class='ocrx_word' id='word_1_118' title='bbox 1144 1502 1370 1562; x_wconf 91' lang='lat' dir='ltr'><strong>nollent</strong></span> <span class='ocrx_word' id='word_1_119' title='bbox 1405 1503 1519 1583; x_wconf 88' lang='lat'>(1).</span> <span class='ocrx_word' id='word_1_120' title='bbox 1551 1505 1636 1563; x_wconf 90' lang='lat' dir='ltr'><strong>Ne</strong></span> <span class='ocrx_word' id='word_1_121' title='bbox 1658 1502 1762 1561; x_wconf 91' lang='lat' dir='ltr'><strong>hos</strong></span> <span class='ocrx_word' id='word_1_122' title='bbox 1796 1505 2203 1581; x_wconf 74' lang='lat' dir='ltr'><strong>imitarentur,</strong></span> 
     </span>
     <span class='ocr_line' id='line_1_16' title="bbox 94 1597 2209 1680; baseline 0.001 -23"><span class='ocrx_word' id='word_1_123' title='bbox 94 1598 426 1658; x_wconf 89' lang='lat' dir='ltr'><strong>maluerunt</strong></span> <span class='ocrx_word' id='word_1_124' title='bbox 459 1598 653 1678; x_wconf 77' lang='lat' dir='ltr'><strong>ignavi</strong></span> <span class='ocrx_word' id='word_1_125' title='bbox 677 1597 760 1656; x_wconf 89' lang='lat' dir='ltr'><strong>illi</strong></span> <span class='ocrx_word' id='word_1_126' title='bbox 790 1599 1051 1680; x_wconf 88' lang='lat' dir='ltr'><strong>Episcopi</strong></span> <span class='ocrx_word' id='word_1_127' title='bbox 1080 1599 1297 1657; x_wconf 86' lang='lat' dir='ltr'><strong>avitam</strong></span> <span class='ocrx_word' id='word_1_128' title='bbox 1321 1598 1584 1658; x_wconf 89' lang='lat' dir='ltr'><strong>deserere</strong></span> <span class='ocrx_word' id='word_1_129' title='bbox 1619 1597 1828 1672; x_wconf 63' lang='lat' dir='ltr'><strong>fidem,</strong></span> <span class='ocrx_word' id='word_1_130' title='bbox 1861 1609 1921 1658; x_wconf 89' lang='lat' dir='ltr'><strong>et</strong></span> <span class='ocrx_word' id='word_1_131' title='bbox 1947 1599 2209 1660; x_wconf 89' lang='lat' dir='ltr'><strong>occidere</strong></span> 
     </span>
     <span class='ocr_line' id='line_1_17' title="bbox 93 1693 2210 1776; baseline 0.002 -25"><span class='ocrx_word' id='word_1_132' title='bbox 93 1694 315 1752; x_wconf 81' lang='lat' dir='ltr'><strong>animas</strong></span> <span class='ocrx_word' id='word_1_133' title='bbox 345 1714 476 1751; x_wconf 90' lang='lat' dir='ltr'><strong>suas</strong></span> <span class='ocrx_word' id='word_1_134' title='bbox 504 1714 857 1775; x_wconf 88' lang='lat' dir='ltr'><strong>suorumque</strong></span> <span class='ocrx_word' id='word_1_135' title='bbox 891 1693 1256 1752; x_wconf 91' lang='lat' dir='ltr'><strong>subditorum</strong></span> <span class='ocrx_word' id='word_1_136' title='bbox 1278 1739 1294 1767; x_wconf 75' lang='grc'><em>,</em></span> <span class='ocrx_word' id='word_1_137' title='bbox 1336 1715 1512 1776; x_wconf 88' lang='lat' dir='ltr'><strong>quam</strong></span> <span class='ocrx_word' id='word_1_138' title='bbox 1541 1693 1767 1774; x_wconf 88' lang='lat' dir='ltr'><strong>adeptis</strong></span> <span class='ocrx_word' id='word_1_139' title='bbox 1791 1693 2111 1754; x_wconf 86' lang='lat' dir='ltr'><strong>honoribus</strong></span> <span class='ocrx_word' id='word_1_140' title='bbox 2149 1706 2210 1755; x_wconf 87' lang='lat' dir='ltr'><strong>et</strong></span> 
     </span>
     <span class='ocr_line' id='line_1_18' title="bbox 93 1786 2210 1871; baseline 0.002 -27"><span class='ocrx_word' id='word_1_141' title='bbox 93 1787 409 1846; x_wconf 90' lang='lat' dir='ltr'><strong>commodis</strong></span> <span class='ocrx_word' id='word_1_142' title='bbox 436 1788 717 1845; x_wconf 89' lang='lat' dir='ltr'><strong>nuncium</strong></span> <span class='ocrx_word' id='word_1_143' title='bbox 740 1788 1038 1848; x_wconf 85' lang='lat' dir='ltr'><strong>remittere</strong></span> <span class='ocrx_word' id='word_1_144' title='bbox 1057 1834 1072 1863; x_wconf 41' lang='grc' dir='ltr'><strong><em>Ἰ</em></strong></span> <span class='ocrx_word' id='word_1_145' title='bbox 1093 1789 1192 1870; x_wconf 90' lang='lat' dir='ltr'><strong>qui</strong></span> <span class='ocrx_word' id='word_1_146' title='bbox 1208 1786 1347 1845; x_wconf 88' lang='lat' dir='ltr'><strong>olim</strong></span> <span class='ocrx_word' id='word_1_147' title='bbox 1376 1789 1704 1847; x_wconf 89' lang='lat' dir='ltr'><strong>animarum</strong></span> <span class='ocrx_word' id='word_1_148' title='bbox 1731 1801 2062 1848; x_wconf 89' lang='lat' dir='ltr'><strong>nostrarum</strong></span> <span class='ocrx_word' id='word_1_149' title='bbox 2081 1790 2210 1871; x_wconf 87' lang='lat' dir='ltr'><strong>Epi-</strong></span> 
     </span>
     <span class='ocr_line' id='line_1_19' title="bbox 91 1875 2202 1963; baseline 0.002 -24"><span class='ocrx_word' id='word_1_150' title='bbox 91 1902 290 1961; x_wconf 67' lang='lat' dir='ltr'><strong>scopo,</strong></span> <span class='ocrx_word' id='word_1_151' title='bbox 317 1875 548 1940; x_wconf 79' lang='lat' dir='ltr'><strong>Christo</strong></span> <span class='ocrx_word' id='word_1_152' title='bbox 582 1882 831 1957; x_wconf 72' lang='lat' dir='ltr'><strong>scilicet,</strong></span> <span class='ocrx_word' id='word_1_153' title='bbox 863 1883 1151 1942; x_wconf 86' lang='lat' dir='ltr'><strong>rationem</strong></span> <span class='ocrx_word' id='word_1_154' title='bbox 1192 1882 1537 1963; x_wconf 82' lang='lat' dir='ltr'><strong>proditi-onis</strong></span> <span class='ocrx_word' id='word_1_155' title='bbox 1575 1903 1690 1942; x_wconf 83' lang='lat' dir='ltr'><strong>suae</strong></span> <span class='ocrx_word' id='word_1_156' title='bbox 1729 1895 1869 1942; x_wconf 90' lang='lat' dir='ltr'><strong>sunt</strong></span> <span class='ocrx_word' id='word_1_157' title='bbox 1895 1883 2202 1943; x_wconf 88' lang='lat' dir='ltr'><strong>reddituri.</strong></span> 
     </span>
     <span class='ocr_line' id='line_1_20' title="bbox 93 1976 2208 2060; baseline 0.001 -25"><span class='ocrx_word' id='word_1_158' title='bbox 93 1977 308 2036; x_wconf 89' lang='lat' dir='ltr'><strong>Motiva</strong></span> <span class='ocrx_word' id='word_1_159' title='bbox 332 2021 348 2051; x_wconf 77' lang='grc'><em>,</em></span> <span class='ocrx_word' id='word_1_160' title='bbox 389 1997 515 2058; x_wconf 83' lang='lat' dir='ltr'><strong>quae</strong></span> <span class='ocrx_word' id='word_1_161' title='bbox 553 1977 648 2035; x_wconf 89' lang='lat' dir='ltr'><strong>isti</strong></span> <span class='ocrx_word' id='word_1_162' title='bbox 693 1976 961 2038; x_wconf 88' lang='lat' dir='ltr'><strong>homines</strong></span> <span class='ocrx_word' id='word_1_163' title='bbox 1005 1977 1081 2036; x_wconf 91' lang='lat' dir='ltr'><strong>ad</strong></span> <span class='ocrx_word' id='word_1_164' title='bbox 1114 1999 1279 2036; x_wconf 90' lang='lat' dir='ltr'><strong>suam</strong></span> <span class='ocrx_word' id='word_1_165' title='bbox 1319 1979 1665 2060; x_wconf 89' lang='lat' dir='ltr'><strong>apostasiam</strong></span> <span class='ocrx_word' id='word_1_166' title='bbox 1715 1978 2208 2039; x_wconf 86' lang='lat' dir='ltr'><strong>cohonestandam</strong></span> 
     </span>
     <span class='ocr_line' id='line_1_21' title="bbox 91 2070 2225 2156; baseline 0.003 -27"><span class='ocrx_word' id='word_1_167' title='bbox 91 2071 154 2129; x_wconf 91' lang='lat' dir='ltr'><strong>in</strong></span> <span class='ocrx_word' id='word_1_168' title='bbox 181 2070 441 2132; x_wconf 89' lang='lat' dir='ltr'><strong>medium</strong></span> <span class='ocrx_word' id='word_1_169' title='bbox 480 2072 857 2154; x_wconf 89' lang='lat' dir='ltr'><strong>protulerunt</strong></span> <span class='ocrx_word' id='word_1_170' title='bbox 877 2119 892 2140; x_wconf 79' lang='grc'>,</span> <span class='ocrx_word' id='word_1_171' title='bbox 928 2095 1049 2132; x_wconf 89' lang='lat' dir='ltr'><strong>non</strong></span> <span class='ocrx_word' id='word_1_172' title='bbox 1087 2084 1225 2132; x_wconf 88' lang='lat' dir='ltr'><strong>sunt</strong></span> <span class='ocrx_word' id='word_1_173' title='bbox 1249 2073 1360 2132; x_wconf 87' lang='lat' dir='ltr'><strong>nisi</strong></span> <span class='ocrx_word' id='word_1_174' title='bbox 1386 2074 1819 2154; x_wconf 83' lang='lat' dir='ltr'><strong>integumenta,</strong></span> <span class='ocrx_word' id='word_1_175' title='bbox 1859 2095 1990 2156; x_wconf 83' lang='lat' dir='ltr'><strong>quae</strong></span> <span class='ocrx_word' id='word_1_176' title='bbox 2018 2095 2225 2156; x_wconf 89' lang='lat' dir='ltr'><strong>neque·</strong></span> 
     </span>
     <span class='ocr_line' id='line_1_22' title="bbox 94 2166 2214 2250; baseline 0.002 -27"><span class='ocrx_word' id='word_1_177' title='bbox 94 2167 284 2224; x_wconf 88' lang='lat' dir='ltr'><strong>Deum</strong></span> <span class='ocrx_word' id='word_1_178' title='bbox 318 2187 509 2248; x_wconf 91' lang='lat' dir='ltr'><strong>neque</strong></span> <span class='ocrx_word' id='word_1_179' title='bbox 540 2166 808 2228; x_wconf 88' lang='lat' dir='ltr'><strong>homines</strong></span> <span class='ocrx_word' id='word_1_180' title='bbox 833 2167 1031 2228; x_wconf 86' lang='lat' dir='ltr'><strong>fallere</strong></span> <span class='ocrx_word' id='word_1_181' title='bbox 1054 2179 1320 2250; x_wconf 90' lang='lat' dir='ltr'><strong>possunt.</strong></span> <span class='ocrx_word' id='word_1_182' title='bbox 1360 2167 1522 2228; x_wconf 89' lang='lat' dir='ltr'><strong>Idem</strong></span> <span class='ocrx_word' id='word_1_183' title='bbox 1560 2168 1669 2228; x_wconf 88' lang='lat' dir='ltr'><strong>dici</strong></span> <span class='ocrx_word' id='word_1_184' title='bbox 1705 2167 1880 2228; x_wconf 89' lang='lat' dir='ltr'><strong>debet</strong></span> <span class='ocrx_word' id='word_1_185' title='bbox 1907 2168 1982 2228; x_wconf 89' lang='lat' dir='ltr'><strong>de</strong></span> <span class='ocrx_word' id='word_1_186' title='bbox 2007 2169 2214 2228; x_wconf 90' lang='lat' dir='ltr'><strong>fictitio</strong></span> 
     </span>
     <span class='ocr_line' id='line_1_23' title="bbox 94 2258 2211 2346; baseline 0.002 -29"><span class='ocrx_word' id='word_1_187' title='bbox 94 2258 195 2318; x_wconf 89' lang='lat' dir='ltr'><strong>illo</strong></span> <span class='ocrx_word' id='word_1_188' title='bbox 233 2261 478 2342; x_wconf 89' lang='lat' dir='ltr'><strong>supplici</strong></span> <span class='ocrx_word' id='word_1_189' title='bbox 514 2260 714 2320; x_wconf 90' lang='lat' dir='ltr'><strong>libello</strong></span> <span class='ocrx_word' id='word_1_190' title='bbox 757 2284 872 2322; x_wconf 89' lang='lat' dir='ltr'><strong>una</strong></span> <span class='ocrx_word' id='word_1_191' title='bbox 917 2284 1060 2325; x_wconf 70' lang='lat' dir='ltr'><strong>,cum</strong></span> <span class='ocrx_word' id='word_1_192' title='bbox 1100 2265 1352 2343; x_wconf 70' lang='lat' dir='ltr'><strong>beniqno</strong></span> <span class='ocrx_word' id='word_1_193' title='bbox 1392 2264 1690 2346; x_wconf 80' lang='lat' dir='ltr'><strong>rescripto,</strong></span> <span class='ocrx_word' id='word_1_194' title='bbox 1732 2265 1833 2322; x_wconf 88' lang='lat' dir='ltr'><strong>Isti</strong></span> <span class='ocrx_word' id='word_1_195' title='bbox 1866 2275 2020 2329; x_wconf 87' lang='lat' dir='ltr'><strong>certe</strong></span> <span class='ocrx_word' id='word_1_196' title='bbox 2051 2285 2211 2322; x_wconf 87' lang='lat' dir='ltr'><strong>nun-</strong></span> 
     </span>
     <span class='ocr_line' id='line_1_24' title="bbox 96 2354 2215 2438; baseline 0.002 -25"><span class='ocrx_word' id='word_1_197' title='bbox 96 2376 273 2436; x_wconf 89' lang='lat' dir='ltr'><strong>quam</strong></span> <span class='ocrx_word' id='word_1_198' title='bbox 300 2355 564 2435; x_wconf 82' lang='lat' dir='ltr'><strong>legerunt</strong></span> <span class='ocrx_word' id='word_1_199' title='bbox 591 2358 652 2415; x_wconf 92' lang='lat' dir='ltr'><strong>in</strong></span> <span class='ocrx_word' id='word_1_200' title='bbox 680 2357 988 2438; x_wconf 81' lang='lat' dir='ltr'><strong>Evangelio</strong></span> <span class='ocrx_word' id='word_1_201' title='bbox 1019 2381 1032 2416; x_wconf 93' lang='lat'>:</span> <span class='ocrx_word' id='word_1_202' title='bbox 1062 2358 1245 2417; x_wconf 81' lang='lat' dir='ltr'><strong>Nihil</strong></span> <span class='ocrx_word' id='word_1_203' title='bbox 1274 2369 1358 2417; x_wconf 76' lang='lat' dir='ltr'><strong>est</strong></span> <span class='ocrx_word' id='word_1_204' title='bbox 1384 2369 1684 2436; x_wconf 76' lang='lat' dir='ltr'><strong>opertum,</strong></span> <span class='ocrx_word' id='word_1_205' title='bbox 1705 2360 1867 2436; x_wconf 83' lang='lat' dir='ltr'><strong>quod</strong></span> <span class='ocrx_word' id='word_1_206' title='bbox 1889 2380 2009 2417; x_wconf 79' lang='lat' dir='ltr'><strong>mm</strong></span> <span class='ocrx_word' id='word_1_207' title='bbox 2032 2354 2215 2418; x_wconf 31' lang='lat' dir='ltr'><strong>&#39;reve-⁷</strong></span> 
     </span>
     <span class='ocr_line' id='line_1_25' title="bbox 97 2450 2211 2534; baseline 0.001 -27"><span class='ocrx_word' id='word_1_208' title='bbox 97 2451 330 2509; x_wconf 78' lang='lat' dir='ltr'><strong>labitur</strong></span> <span class='ocrx_word' id='word_1_209' title='bbox 347 2495 363 2524; x_wconf 67' lang='grc'><em>,</em></span> <span class='ocrx_word' id='word_1_210' title='bbox 391 2462 446 2509; x_wconf 80' lang='lat' dir='ltr'><strong>et</strong></span> <span class='ocrx_word' id='word_1_211' title='bbox 468 2454 755 2512; x_wconf 79' lang='lat' dir='ltr'><strong>occultum</strong></span> <span class='ocrx_word' id='word_1_212' title='bbox 779 2497 794 2527; x_wconf 79' lang='grc'><em>,</em></span> <span class='ocrx_word' id='word_1_213' title='bbox 820 2454 982 2531; x_wconf 79' lang='lat' dir='ltr'><strong>quod</strong></span> <span class='ocrx_word' id='word_1_214' title='bbox 1009 2474 1126 2511; x_wconf 78' lang='lat' dir='ltr'><strong>non</strong></span> <span class='ocrx_word' id='word_1_215' title='bbox 1155 2458 1378 2510; x_wconf 81' lang='lat' dir='ltr'><strong>scietur</strong></span> <span class='ocrx_word' id='word_1_216' title='bbox 1399 2451 1489 2534; x_wconf 80' lang='lat'><strong>(2)</strong></span> <span class='ocrx_word' id='word_1_217' title='bbox 1506 2476 1529 2518; x_wconf 92' lang='lat'><strong>,·.</strong></span> <span class='ocrx_word' id='word_1_218' title='bbox 1554 2462 1656 2510; x_wconf 89' lang='lat' dir='ltr'><strong>aut</strong></span> <span class='ocrx_word' id='word_1_219' title='bbox 1684 2450 1834 2509; x_wconf 83' lang='lat' dir='ltr'><strong>illud</strong></span> <span class='ocrx_word' id='word_1_220' title='bbox 1864 2473 1877 2509; x_wconf 73' lang='grc' dir='ltr'>ε</span> <span class='ocrx_word' id='word_1_221' title='bbox 1911 2452 2211 2512; x_wconf 75' lang='lat' dir='ltr'><strong>Attendite</strong></span> 
     </span>
     <span class='ocr_line' id='line_1_26' title="bbox 93 2546 2218 2630; baseline 0.001 -27"><span class='ocrx_word' id='word_1_222' title='bbox 93 2567 134 2603; x_wconf 82' lang='lat' dir='ltr'><strong>a</strong></span> <span class='ocrx_word' id='word_1_223' title='bbox 144 2548 437 2624; x_wconf 80' lang='lat' dir='ltr'><strong>fermento</strong></span> <span class='ocrx_word' id='word_1_224' title='bbox 455 2549 900 2627; x_wconf 66' lang='lat' dir='ltr'><strong>pharisaeorum</strong></span> <span class='ocrx_word' id='word_1_225' title='bbox 915 2592 939 2621; x_wconf 93' lang='lat'><em>,</em></span> <span class='ocrx_word' id='word_1_226' title='bbox 970 2550 1133 2628; x_wconf 81' lang='lat' dir='ltr'><strong>quod</strong></span> <span class='ocrx_word' id='word_1_227' title='bbox 1138 2559 1223 2607; x_wconf 76' lang='lat' dir='ltr'><strong>est</strong></span> <span class='ocrx_word' id='word_1_228' title='bbox 1240 2549 1572 2628; x_wconf 73' lang='lat' dir='ltr'><strong>hypocrisis</strong></span> <span class='ocrx_word' id='word_1_229' title='bbox 1589 2547 1699 2630; x_wconf 84' lang='lat'><strong>(3).</strong></span> <span class='ocrx_word' id='word_1_230' title='bbox 1718 2546 2015 2607; x_wconf 88' lang='lat' dir='ltr'><strong>Mendacia</strong></span> <span class='ocrx_word' id='word_1_231' title='bbox 2036 2568 2218 2629; x_wconf 82' lang='lat' dir='ltr'><strong>porro</strong></span> 
     </span>
    </p>
   </div>
   <div class='ocr_carea' id='block_1_4' title="bbox 90 2789 1107 3758">
    <p class='ocr_par' dir='ltr' id='par_1_5' title="bbox 91 2789 1107 3420">
     <span class='ocr_line' id='line_1_27' title="bbox 157 2789 1105 2857; baseline 0.004 -21"><span class='ocrx_word' id='word_1_232' title='bbox 157 2789 226 2851; x_wconf 81' lang='lat' dir='ltr'><strong>(l)</strong></span> <span class='ocrx_word' id='word_1_233' title='bbox 262 2789 362 2839; x_wconf 75' lang='lat' dir='ltr'><strong>cfr.</strong></span> <span class='ocrx_word' id='word_1_234' title='bbox 394 2806 497 2857; x_wconf 84' lang='lat' dir='ltr'><strong>quae</strong></span> <span class='ocrx_word' id='word_1_235' title='bbox 533 2793 796 2857; x_wconf 83' lang='lat' dir='ltr'><strong>scripsimus</strong></span> <span class='ocrx_word' id='word_1_236' title='bbox 825 2792 883 2841; x_wconf 88' lang='lat' dir='ltr'><strong>de</strong></span> <span class='ocrx_word' id='word_1_237' title='bbox 921 2791 1105 2842; x_wconf 66' lang='lat' dir='ltr'><strong>saevitiis</strong></span> 
     </span>
     <span class='ocr_line' id='line_1_28' title="bbox 91 2873 1106 2940; baseline 0.005 -21"><span class='ocrx_word' id='word_1_238' title='bbox 91 2873 391 2931; x_wconf 86' lang='lat' dir='ltr'><strong>omnimodis,</strong></span> <span class='ocrx_word' id='word_1_239' title='bbox 407 2892 520 2940; x_wconf 86' lang='lat' dir='ltr'><strong>quas</strong></span> <span class='ocrx_word' id='word_1_240' title='bbox 549 2878 751 2924; x_wconf 85' lang='lat' dir='ltr'><strong>exercuit</strong></span> <span class='ocrx_word' id='word_1_241' title='bbox 767 2885 812 2924; x_wconf 87' lang='lat' dir='ltr'><strong>et</strong></span> <span class='ocrx_word' id='word_1_242' title='bbox 835 2885 1016 2924; x_wconf 84' lang='lat' dir='ltr'><strong>exercet</strong></span> <span class='ocrx_word' id='word_1_243' title='bbox 1036 2893 1106 2925; x_wconf 90' lang='lat' dir='ltr'><strong>re-</strong></span> 
     </span>
     <span class='ocr_line' id='line_1_29' title="bbox 94 2954 1101 3016; baseline 0.007 -17"><span class='ocrx_word' id='word_1_244' title='bbox 94 2954 246 3016; x_wconf 84' lang='lat' dir='ltr'><strong>gimen</strong></span> <span class='ocrx_word' id='word_1_245' title='bbox 280 2958 506 3003; x_wconf 80' lang='lat' dir='ltr'><strong>russicam</strong></span> <span class='ocrx_word' id='word_1_246' title='bbox 543 2956 760 3005; x_wconf 81' lang='lat' dir='ltr'><strong>adversus</strong></span> <span class='ocrx_word' id='word_1_247' title='bbox 810 2957 1060 3006; x_wconf 84' lang='lat' dir='ltr'><strong>catholicos</strong></span> <span class='ocrx_word' id='word_1_248' title='bbox 1086 2993 1101 3016; x_wconf 94' lang='lat'>‚</span> 
     </span>
     <span class='ocr_line' id='line_1_30' title="bbox 96 3036 1105 3103; baseline 0.008 -23"><span class='ocrx_word' id='word_1_249' title='bbox 96 3041 148 3080; x_wconf 86' lang='lat' dir='ltr'><strong>ut</strong></span> <span class='ocrx_word' id='word_1_250' title='bbox 176 3052 251 3083; x_wconf 87' lang='lat' dir='ltr'><strong>eos</strong></span> <span class='ocrx_word' id='word_1_251' title='bbox 280 3036 482 3086; x_wconf 89' lang='lat' dir='ltr'><strong>abducat</strong></span> <span class='ocrx_word' id='word_1_252' title='bbox 514 3037 573 3086; x_wconf 88' lang='lat' dir='ltr'><strong>ab</strong></span> <span class='ocrx_word' id='word_1_253' title='bbox 600 3041 775 3087; x_wconf 79' lang='lat' dir='ltr'><strong>unitate</strong></span> <span class='ocrx_word' id='word_1_254' title='bbox 794 3047 839 3087; x_wconf 93' lang='lat' dir='ltr'><strong>et</strong></span> <span class='ocrx_word' id='word_1_255' title='bbox 874 3039 1105 3103; x_wconf 79' lang='lat' dir='ltr'><strong>pertrahat</strong></span> 
     </span>
     <span class='ocr_line' id='line_1_31' title="bbox 95 3112 1107 3184; baseline 0.008 -24"><span class='ocrx_word' id='word_1_256' title='bbox 95 3112 151 3160; x_wconf 90' lang='lat' dir='ltr'><strong>ad</strong></span> <span class='ocrx_word' id='word_1_257' title='bbox 175 3115 392 3176; x_wconf 83' lang='lat' dir='ltr'><strong>schisma,</strong></span> <span class='ocrx_word' id='word_1_258' title='bbox 419 3136 602 3167; x_wconf 86' lang='lat' dir='ltr'><strong>necnon</strong></span> <span class='ocrx_word' id='word_1_259' title='bbox 616 3120 825 3184; x_wconf 83' lang='lat' dir='ltr'><strong>exempla</strong></span> <span class='ocrx_word' id='word_1_260' title='bbox 853 3120 1107 3168; x_wconf 80' lang='lat' dir='ltr'><strong>christianae</strong></span> 
     </span>
     <span class='ocr_line' id='line_1_32' title="bbox 97 3191 1106 3266; baseline 0.012 -28"><span class='ocrx_word' id='word_1_261' title='bbox 97 3191 397 3259; x_wconf 81' lang='lat' dir='ltr'><strong>fortitudinis,</strong></span> <span class='ocrx_word' id='word_1_262' title='bbox 432 3217 534 3266; x_wconf 83' lang='lat' dir='ltr'><strong>quae</strong></span> <span class='ocrx_word' id='word_1_263' title='bbox 561 3200 859 3265; x_wconf 71' lang='lat' dir='ltr'><strong>praebuerunt</strong></span> <span class='ocrx_word' id='word_1_264' title='bbox 880 3202 1033 3266; x_wconf 83' lang='lat' dir='ltr'><strong>plures</strong></span> <span class='ocrx_word' id='word_1_265' title='bbox 1050 3219 1106 3250; x_wconf 87' lang='lat' dir='ltr'><strong>ex</strong></span> 
     </span>
     <span class='ocr_line' id='line_1_33' title="bbox 95 3274 1102 3349; baseline 0.01 -27"><span class='ocrx_word' id='word_1_266' title='bbox 95 3274 202 3338; x_wconf 84' lang='lat' dir='ltr'><strong>ipsis</strong></span> <span class='ocrx_word' id='word_1_267' title='bbox 215 3311 230 3335; x_wconf 92' lang='lat'>,</span> <span class='ocrx_word' id='word_1_268' title='bbox 258 3279 307 3326; x_wconf 88' lang='lat' dir='ltr'><strong>in</strong></span> <span class='ocrx_word' id='word_1_269' title='bbox 323 3291 456 3339; x_wconf 77' lang='lat' dir='ltr'><strong>tract,</strong></span> <span class='ocrx_word' id='word_1_270' title='bbox 474 3280 547 3331; x_wconf 88' lang='lat' dir='ltr'><strong>De</strong></span> <span class='ocrx_word' id='word_1_271' title='bbox 565 3280 881 3332; x_wconf 81' lang='lat' dir='ltr'><strong>Matrimonio</strong></span> <span class='ocrx_word' id='word_1_272' title='bbox 896 3318 914 3345; x_wconf 87' lang='lat'><em>‚</em></span> <span class='ocrx_word' id='word_1_273' title='bbox 932 3301 1032 3349; x_wconf 88' lang='lat' dir='ltr'><strong>cap.</strong></span> <span class='ocrx_word' id='word_1_274' title='bbox 1051 3282 1102 3348; x_wconf 75' lang='grc'><strong>4,</strong></span> 
     </span>
     <span class='ocr_line' id='line_1_34' title="bbox 98 3354 1102 3420; baseline 0.014 -19"><span class='ocrx_word' id='word_1_275' title='bbox 98 3354 178 3402; x_wconf 91' lang='lat' dir='ltr'><strong>ubi</strong></span> <span class='ocrx_word' id='word_1_276' title='bbox 207 3359 451 3420; x_wconf 83' lang='lat' dir='ltr'><strong>agebamus</strong></span> <span class='ocrx_word' id='word_1_277' title='bbox 478 3365 536 3414; x_wconf 87' lang='lat' dir='ltr'><strong>de</strong></span> <span class='ocrx_word' id='word_1_278' title='bbox 572 3368 877 3415; x_wconf 80' lang='lat' dir='ltr'><strong>matrimoniis</strong></span> <span class='ocrx_word' id='word_1_279' title='bbox 923 3367 1102 3415; x_wconf 83' lang='lat' dir='ltr'><strong>mixtis.</strong></span> 
     </span>
    </p>

    <p class='ocr_par' dir='ltr' id='par_1_6' title="bbox 152 3436 645 3512">
     <span class='ocr_line' id='line_1_35' title="bbox 152 3436 645 3512; baseline 0.022 -28"><span class='ocrx_word' id='word_1_280' title='bbox 152 3436 229 3499; x_wconf 52' lang='lat'><strong>(2)</strong></span> <span class='ocrx_word' id='word_1_281' title='bbox 267 3438 436 3492; x_wconf 77' lang='lat' dir='ltr'><strong>Matth.</strong></span> <span class='ocrx_word' id='word_1_282' title='bbox 461 3460 493 3492; x_wconf 87' lang='lat' dir='ltr'>x</span> <span class='ocrx_word' id='word_1_283' title='bbox 512 3481 526 3504; x_wconf 93' lang='lat'>‚</span> <span class='ocrx_word' id='word_1_284' title='bbox 560 3444 645 3512; x_wconf 70' lang='lat'><strong>²6?</strong></span> 
     </span>
    </p>

    <p class='ocr_par' dir='ltr' id='par_1_7' title="bbox 90 3516 1105 3758">
     <span class='ocr_line' id='line_1_36' title="bbox 157 3516 1103 3594; baseline 0.008 -26"><span class='ocrx_word' id='word_1_285' title='bbox 157 3516 225 3580; x_wconf 86' lang='lat'><strong>(3)</strong></span> <span class='ocrx_word' id='word_1_286' title='bbox 261 3520 379 3570; x_wconf 88' lang='lat' dir='ltr'><strong>Luc.</strong></span> <span class='ocrx_word' id='word_1_287' title='bbox 408 3537 507 3586; x_wconf 71' lang='grc' dir='ltr'><strong>ιιι,</strong></span> <span class='ocrx_word' id='word_1_288' title='bbox 555 3543 595 3575; x_wconf 89' lang='lat'><strong>1.</strong></span> <span class='ocrx_word' id='word_1_289' title='bbox 628 3527 683 3576; x_wconf 91' lang='lat' dir='ltr'><strong>In</strong></span> <span class='ocrx_word' id='word_1_290' title='bbox 718 3546 818 3594; x_wconf 82' lang='lat' dir='ltr'><strong>quae</strong></span> <span class='ocrx_word' id='word_1_291' title='bbox 859 3527 1103 3578; x_wconf 79' lang='lat' dir='ltr'><strong>Saivatoris</strong></span> 
     </span>
     <span class='ocr_line' id='line_1_37' title="bbox 93 3606 1102 3660; baseline 0.006 -6"><span class='ocrx_word' id='word_1_292' title='bbox 93 3606 227 3654; x_wconf 85' lang='lat' dir='ltr'><strong>verba</strong></span> <span class='ocrx_word' id='word_1_293' title='bbox 246 3615 383 3653; x_wconf 82' lang='lat' dir='ltr'><strong>notus</strong></span> <span class='ocrx_word' id='word_1_294' title='bbox 409 3615 478 3653; x_wconf 84' lang='lat' dir='ltr'><strong>est</strong></span> <span class='ocrx_word' id='word_1_295' title='bbox 499 3613 855 3659; x_wconf 83' lang='lat' dir='ltr'><strong>commentarius</strong></span> <span class='ocrx_word' id='word_1_296' title='bbox 873 3610 993 3660; x_wconf 85' lang='lat' dir='ltr'><strong>Ven.</strong></span> <span class='ocrx_word' id='word_1_297' title='bbox 1016 3611 1102 3660; x_wconf 89' lang='lat' dir='ltr'><strong>Be-</strong></span> 
     </span>
     <span class='ocr_line' id='line_1_38' title="bbox 90 3674 1105 3758; baseline 0.007 -23"><span class='ocrx_word' id='word_1_298' title='bbox 90 3689 161 3736; x_wconf 80' lang='lat' dir='ltr'><strong>dae</strong></span> <span class='ocrx_word' id='word_1_299' title='bbox 193 3707 206 3736; x_wconf 87' lang='lat'>:</span> <span class='ocrx_word' id='word_1_300' title='bbox 254 3687 366 3735; x_wconf 80' lang='lat' dir='ltr'><strong>Duo</strong></span> <span class='ocrx_word' id='word_1_301' title='bbox 399 3697 555 3736; x_wconf 74' lang='lat' dir='ltr'><strong>autem</strong></span> <span class='ocrx_word' id='word_1_302' title='bbox 598 3699 709 3738; x_wconf 76' lang='lat' dir='ltr'><strong>sum</strong></span> <span class='ocrx_word' id='word_1_303' title='bbox 746 3710 921 3755; x_wconf 75' lang='lat' dir='ltr'><strong>qenera</strong></span> <span class='ocrx_word' id='word_1_304' title='bbox 946 3674 1105 3758; x_wconf 77' lang='lat' dir='ltr'><strong>perse-</strong></span> 
     </span>
    </p>
   </div>
   <div class='ocr_carea' id='block_1_5' title="bbox 1185 2789 2210 3756">
    <p class='ocr_par' dir='ltr' id='par_1_8' title="bbox 1185 2789 2210 3756">
     <span class='ocr_line' id='line_1_39' title="bbox 1187 2789 2207 2857; baseline 0 -17"><span class='ocrx_word' id='word_1_305' title='bbox 1187 2800 1436 2852; x_wconf 80' lang='lat' dir='ltr'><strong>cutorum,</strong></span> <span class='ocrx_word' id='word_1_306' title='bbox 1486 2808 1641 2840; x_wconf 77' lang='lat' dir='ltr'><strong>unum</strong></span> <span class='ocrx_word' id='word_1_307' title='bbox 1668 2789 1835 2857; x_wconf 77' lang='lat' dir='ltr'><strong>palam</strong></span> <span class='ocrx_word' id='word_1_308' title='bbox 1867 2792 2207 2852; x_wconf 71' lang='lat' dir='ltr'><strong>saevientium,</strong></span> 
     </span>
     <span class='ocr_line' id='line_1_40' title="bbox 1187 2870 2206 2939; baseline -0.001 -18"><span class='ocrx_word' id='word_1_309' title='bbox 1187 2873 1389 2922; x_wconf 77' lang='lat' dir='ltr'><strong>alterum</strong></span> <span class='ocrx_word' id='word_1_310' title='bbox 1431 2874 1541 2937; x_wconf 76' lang='lat' dir='ltr'><strong>ficte</strong></span> <span class='ocrx_word' id='word_1_311' title='bbox 1571 2872 2012 2939; x_wconf 77' lang='lat' dir='ltr'><strong>fraudulenterque</strong></span> <span class='ocrx_word' id='word_1_312' title='bbox 2059 2870 2206 2920; x_wconf 71' lang='lat' dir='ltr'><strong>blan-</strong></span> 
     </span>
     <span class='ocr_line' id='line_1_41' title="bbox 1186 2955 2204 3019; baseline -0.001 -16"><span class='ocrx_word' id='word_1_313' title='bbox 1186 2956 1443 3007; x_wconf 81' lang='lat' dir='ltr'><strong>dientium.</strong></span> <span class='ocrx_word' id='word_1_314' title='bbox 1470 2955 1650 3004; x_wconf 81' lang='lat' dir='ltr'><strong>Contra</strong></span> <span class='ocrx_word' id='word_1_315' title='bbox 1682 2963 1934 3019; x_wconf 78' lang='lat' dir='ltr'><strong>uerumque</strong></span> <span class='ocrx_word' id='word_1_316' title='bbox 1965 2970 2051 3001; x_wconf 78' lang='lat' dir='ltr'><strong>nos</strong></span> <span class='ocrx_word' id='word_1_317' title='bbox 2091 2968 2204 3002; x_wconf 81' lang='lat' dir='ltr'><strong>mu-</strong></span> 
     </span>
     <span class='ocr_line' id='line_1_42' title="bbox 1185 3033 2193 3103; baseline -0.002 -18"><span class='ocrx_word' id='word_1_318' title='bbox 1185 3039 1295 3086; x_wconf 78' lang='lat' dir='ltr'><strong>nire</strong></span> <span class='ocrx_word' id='word_1_319' title='bbox 1316 3048 1457 3103; x_wconf 79' lang='lat' dir='ltr'><strong>atque</strong></span> <span class='ocrx_word' id='word_1_320' title='bbox 1487 3038 1738 3085; x_wconf 76' lang='lat' dir='ltr'><strong>instituere</strong></span> <span class='ocrx_word' id='word_1_321' title='bbox 1763 3034 1921 3084; x_wconf 82' lang='lat' dir='ltr'><strong>volens</strong></span> <span class='ocrx_word' id='word_1_322' title='bbox 1951 3033 2193 3098; x_wconf 79' lang='lat' dir='ltr'><strong>Salvator,</strong></span> 
     </span>
     <span class='ocr_line' id='line_1_43' title="bbox 1188 3117 2203 3185; baseline -0.001 -18"><span class='ocrx_word' id='word_1_323' title='bbox 1188 3127 1233 3167; x_wconf 76' lang='lat' dir='ltr'><strong>et</strong></span> <span class='ocrx_word' id='word_1_324' title='bbox 1261 3136 1409 3185; x_wconf 81' lang='lat' dir='ltr'><strong>supra</strong></span> <span class='ocrx_word' id='word_1_325' title='bbox 1441 3120 1500 3168; x_wconf 86' lang='lat' dir='ltr'><strong>ab</strong></span> <span class='ocrx_word' id='word_1_326' title='bbox 1534 3119 1780 3184; x_wconf 73' lang='lat' dir='ltr'><strong>hypocrisi</strong></span> <span class='ocrx_word' id='word_1_327' title='bbox 1803 3117 2158 3183; x_wconf 57' lang='lat' dir='ltr'><strong>pharisaeorum</strong></span> <span class='ocrx_word' id='word_1_328' title='bbox 2186 3153 2203 3177; x_wconf 90' lang='lat'><strong>,</strong></span> 
     </span>
     <span class='ocr_line' id='line_1_44' title="bbox 1187 3199 2202 3267; baseline -0.004 -17"><span class='ocrx_word' id='word_1_329' title='bbox 1187 3211 1231 3250; x_wconf 77' lang='lat' dir='ltr'><strong>et</strong></span> <span class='ocrx_word' id='word_1_330' title='bbox 1253 3201 1333 3250; x_wconf 75' lang='lat' dir='ltr'><strong>hio</strong></span> <span class='ocrx_word' id='word_1_331' title='bbox 1354 3220 1383 3250; x_wconf 90' lang='lat' dir='ltr'><strong>a</strong></span> <span class='ocrx_word' id='word_1_332' title='bbox 1402 3201 1689 3264; x_wconf 78' lang='lat' dir='ltr'><strong>carnificum</strong></span> <span class='ocrx_word' id='word_1_333' title='bbox 1717 3199 1842 3247; x_wconf 85' lang='lat' dir='ltr'><strong>coede</strong></span> <span class='ocrx_word' id='word_1_334' title='bbox 1852 3201 2085 3267; x_wconf 66' lang='lat' dir='ltr'><strong>praecipit</strong></span> <span class='ocrx_word' id='word_1_335' title='bbox 2102 3216 2202 3248; x_wconf 78' lang='lat' dir='ltr'><strong>non</strong></span> 
     </span>
     <span class='ocr_line' id='line_1_45' title="bbox 1187 3280 2210 3349; baseline -0.003 -18"><span class='ocrx_word' id='word_1_336' title='bbox 1187 3285 1351 3332; x_wconf 74' lang='lat' dir='ltr'><strong>timere</strong></span> <span class='ocrx_word' id='word_1_337' title='bbox 1368 3321 1382 3345; x_wconf 90' lang='lat'>‚</span> <span class='ocrx_word' id='word_1_338' title='bbox 1409 3286 1527 3349; x_wconf 82' lang='lat' dir='ltr'><strong>quia</strong></span> <span class='ocrx_word' id='word_1_339' title='bbox 1556 3280 1771 3330; x_wconf 72' lang='lat' dir='ltr'><strong>videlicet</strong></span> <span class='ocrx_word' id='word_1_340' title='bbox 1783 3289 1896 3348; x_wconf 82' lang='lat' dir='ltr'><strong>post</strong></span> <span class='ocrx_word' id='word_1_341' title='bbox 1910 3289 2105 3342; x_wconf 77' lang='lat' dir='ltr'><strong>mortem</strong></span> <span class='ocrx_word' id='word_1_342' title='bbox 2121 3296 2210 3329; x_wconf 83' lang='lat' dir='ltr'><strong>nec</strong></span> 
     </span>
     <span class='ocr_line' id='line_1_46' title="bbox 1187 3363 2209 3415; baseline -0.004 -2"><span class='ocrx_word' id='word_1_343' title='bbox 1187 3365 1355 3415; x_wconf 76' lang='lat' dir='ltr'><strong>horum</strong></span> <span class='ocrx_word' id='word_1_344' title='bbox 1393 3363 1651 3414; x_wconf 80' lang='lat' dir='ltr'><strong>crudelitas</strong></span> <span class='ocrx_word' id='word_1_345' title='bbox 1689 3380 1778 3412; x_wconf 78' lang='lat' dir='ltr'><strong>nec</strong></span> <span class='ocrx_word' id='word_1_346' title='bbox 1810 3363 2004 3412; x_wconf 80' lang='lat' dir='ltr'><strong>illorum</strong></span> <span class='ocrx_word' id='word_1_347' title='bbox 2050 3363 2209 3411; x_wconf 72' lang='lat' dir='ltr'><strong>valeat</strong></span> 
     </span>
     <span class='ocr_line' id='line_1_47' title="bbox 1187 3445 2203 3512; baseline -0.005 -18"><span class='ocrx_word' id='word_1_348' title='bbox 1187 3447 1430 3496; x_wconf 78' lang='lat' dir='ltr'><strong>simulatio</strong></span> <span class='ocrx_word' id='word_1_349' title='bbox 1460 3447 1657 3493; x_wconf 68' lang='lat' dir='ltr'><strong>durare.</strong></span> <span class='ocrx_word' id='word_1_350' title='bbox 1688 3445 1897 3512; x_wconf 85' lang='lat' dir='ltr'><strong>Utroque</strong></span> <span class='ocrx_word' id='word_1_351' title='bbox 1928 3445 2203 3510; x_wconf 82' lang='lat' dir='ltr'><strong>persecutio-</strong></span> 
     </span>
     <span class='ocr_line' id='line_1_48' title="bbox 1187 3527 2199 3594; baseline -0.008 -16"><span class='ocrx_word' id='word_1_352' title='bbox 1187 3547 1301 3589; x_wconf 88' lang='lat' dir='ltr'><strong>num</strong></span> <span class='ocrx_word' id='word_1_353' title='bbox 1335 3545 1503 3594; x_wconf 87' lang='lat' dir='ltr'><strong>genere</strong></span> <span class='ocrx_word' id='word_1_354' title='bbox 1530 3527 1678 3576; x_wconf 81' lang='lat' dir='ltr'><strong>utitur</strong></span> <span class='ocrx_word' id='word_1_355' title='bbox 1700 3530 1904 3594; x_wconf 83' lang='lat' dir='ltr'><strong>regimen</strong></span> <span class='ocrx_word' id='word_1_356' title='bbox 1932 3528 2199 3585; x_wconf 80' lang='lat' dir='ltr'><strong>tussicum3</strong></span> 
     </span>
     <span class='ocr_line' id='line_1_49' title="bbox 1187 3607 2202 3675; baseline -0.007 -15"><span class='ocrx_word' id='word_1_357' title='bbox 1187 3622 1403 3661; x_wconf 79' lang='lat' dir='ltr'><strong>neutrum</strong></span> <span class='ocrx_word' id='word_1_358' title='bbox 1429 3628 1562 3675; x_wconf 85' lang='lat' dir='ltr'><strong>porro</strong></span> <span class='ocrx_word' id='word_1_359' title='bbox 1599 3613 1823 3660; x_wconf 81' lang='lat' dir='ltr'><strong>sustinere</strong></span> <span class='ocrx_word' id='word_1_360' title='bbox 1864 3607 2202 3671; x_wconf 83' lang='lat' dir='ltr'><strong>valueruntig-</strong></span> 
     </span>
     <span class='ocr_line' id='line_1_50' title="bbox 1187 3686 2201 3756; baseline -0.006 -16"><span class='ocrx_word' id='word_1_361' title='bbox 1187 3696 1291 3742; x_wconf 83' lang='lat' dir='ltr'><strong>navi</strong></span> <span class='ocrx_word' id='word_1_362' title='bbox 1341 3693 1406 3741; x_wconf 86' lang='lat' dir='ltr'><strong>illi</strong></span> <span class='ocrx_word' id='word_1_363' title='bbox 1440 3692 1693 3742; x_wconf 82' lang='lat' dir='ltr'><strong>defectores</strong></span> <span class='ocrx_word' id='word_1_364' title='bbox 1720 3690 1955 3756; x_wconf 86' lang='lat' dir='ltr'><strong>Episcopi.</strong></span> <span class='ocrx_word' id='word_1_365' title='bbox 1987 3686 2161 3737; x_wconf 84' lang='lat' dir='ltr'><strong>Verum</strong></span> <span class='ocrx_word' id='word_1_366' title='bbox 2182 3722 2201 3746; x_wconf 88' lang='lat'><strong>,</strong></span> 
     </span>
    </p>
   </div>
  </div>
 </body>
</html>
