2514 4218
2088 238 2164 297 27

263 276 419 310 PART.
468 273 508 306 1.
558 269 682 306 cAP.
737 269 777 304 1.
823 268 889 303 DE
931 265 1146 304 CHRISTI
1190 264 1342 302 nect.
1392 261 1663 299 ms'rl‘rUT.
1711 262 1777 298 ΕΤ
1820 260 1963 299 ome..

83 419 272 476 minus
312 412 633 473 seculorum
654 411 801 470 serie
819 455 835 482 ‚
874 408 1198 468 luculenter
1234 405 1488 467 ostendit
1507 449 1523 480 a
1548 416 1748 464 utrum
1777 406 1964 486 reipsa
1988 425 2172 464 necne

82 509 321 570 Ecclesia
353 508 414 566 in
448 512 573 586 jura
611 526 907 588 synagogae
939 504 1274 563 successerit
1295 547 1312 575 .,
1351 524 1428 560 an
1470 522 1608 560 vero
1647 501 1893 581 spectari
1924 499 2134 559 debeat
2154 545 2170 573 ,

81 617 145 663 ut
169 603 528 663 adversarius
553 600 881 672 contendit,
910 610 1189 678 tanquam
1212 595 1554 656 collateralis
1574 616 1873 675 synagogae
1893 605 2045 654 secta
2060 594 2170 675 (l).

76 698 232 757 ‘Illud
270 709 466 757 autem
505 719 708 756 verum
751 706 871 766 est,
900 692 1068 774 plura
1111 690 1302 772 quoad
1339 693 1598 770 regimen
1624 735 1641 765 7
1687 690 2040 772 principium
2071 710 2175 747 au·-

81 792 355 852 ctoritatis
383 837 399 862 ,
450 791 671 872 aliaque
713 811 833 849 non
873 807 1052 868 pauca
1077 830 1092 859 a
1127 794 1192 843 ut
1231 796 1430 866 postea
1459 785 1792 868 evolvemus
1813 830 1829 858 ,
1878 805 1910 843 a
1946 782 2177 842 Christo

80 888 354 968 adoptata
382 909 452 946 ex
477 886 662 947 veteri
687 902 966 964 synagoga
995 890 1055 939 et
1081 880 1139 937 in
1167 878 1475 938 Ecclesiam
1503 901 1667 938 suam
1691 879 2006 954 translata3
2038 899 2178 937 nam

82 994 139 1042 et
173 981 269 1042 illa
312 982 422 1040 fuit
462 981 736 1042 divinitus
773 976 1035 1035 instituta
1075 986 1135 1033 et
1177 973 1442 1032 ordinata
1496 973 1571 1031 ad
1614 973 1906 1032 Christum
1944 978 2180 1054 ejusque

83 1077 407 1138 Ecclesiam.
462 1093 467 1096 ·

162 1172 259 1231 42.
312 1171 397 1230 Ad
426 1172 543 1239 7¹¹1,
581 1169 737 1227 Dist.
768 1164 835 1224 ld
863 1176 983 1239 est,
1012 1185 1045 1222 a
1075 1163 1303 1223 Christo
1334 1164 1461 1244 ipso
1495 1162 1748 1222 Ecclesiae
1779 1164 1963 1221 forma
1987 1163 2181 1222 deter—

82 1268 299 1326 minata
337 1277 459 1338 est,
506 1283 573 1322 ex
623 1281 734 1342 qua
773 1259 995 1341 reliqua
1034 1271 1312 1340 tanquam
1355 1281 1427 1317 ex
1472 1258 1694 1317 semine
1731 1257 1963 1317 evoluta
1998 1269 2136 1315 sunt
2161 1302 2178 1332 ‚

83 1384 208 1442 quae
235 1362 310 1419 ad
327 1364 444 1437 ejus
465 1356 880 1438 perfectionem
906 1355 1238 1436 pertinent,
1261 1376 1422 1414 conc.
1435 1375 1456 1423 ,·
1485 1375 1555 1412 ex
1597 1352 1769 1412 ideali
1789 1363 1849 1411 et
1867 1351 2183 1432 symbolice

83 1465 360 1535 conceptu
385 1498 402 1526 ,
442 1473 569 1529 neq.
610 1451 868 1509 Dimissis
899 1471 1075 1531 porro
1113 1449 1580 1510 adversariorum
1623 1447 1927 1506 calumniis
1965 1446 2037 1506 de
2076 1444 2183 1504 do-

88 1547 415 1608 minationis
451 1545 676 1604 ambitu
701 1591 715 1619 a
754 1545 943 1626 deque
974 1543 1237 1604 Ecclesiae
1271 1566 1370 1605 seu
1403 1549 1524 1622 ejus
1564 1543 1919 1602 auctoritatis
1954 1543 2018 1601 in
2051 1553 2182 1601 ter-

81 1665 279 1703 renam
314 1654 373 1701 et
402 1641 784 1722 temporalem
820 1641 1197 1700 conversione
1224 1661 1294 1698 ex
1323 1641 1560 1719 mystica
1596 1650 1655 1697 et
1693 1636 2015 1720 spirituali7
2050 1636 2185 1695 dici·

81 1761 208 1797 mus
237 1737 531 1796 Christum
556 1737 822 1795 Ecclesiae
863 1759 978 1795 suae
1013 1736 1260 1795 formam
1300 1734 1559 1810 dedisse,
1598 1755 1728 1814 quae
1760 1744 1960 1815 postea
2001 1731 2181 1812 magis

80 1854 143 1892 ac
178 1833 358 1912 magis
396 1832 626 1894 evoluta
671 1843 760 1891 est
788 1876 804 1906 ,
859 1832 1002 1890 dum
1049 1854 1155 1913 per
1191 1843 1525 1912 temporum
1564 1842 1625 1888 et
1667 1851 1868 1888 rerum
1905 1828 2184 1907 adjuncta

81 1939 263 1986 totam
290 1932 650 2007 majestatem
676 1948 841 1985 suam
873 1947 937 1985 ac
965 1925 1207 2006 gloriam
1233 1925 1516 2006 explicare
1542 1929 1752 2006 potuit.
1780 1925 1906 1982 Huc
1929 1923 2187 1982 referun-

81 2035 177 2081 tur
204 2027 323 2101 ejus
359 2021 684 2103 parabolae,
718 2021 826 2080 sub
857 2021 1067 2103 quibus
1102 2021 1294 2080 futura
1324 2020 1447 2079 haec
1469 2018 1794 2102 amplitudo
1816 2040 1882 2077 ac
1916 2023 2185 2096 maJestas

81 2129 167 2177 est
191 2116 534 2177 adumbrata
559 2117 668 2197 (2).
698 2119 850 2176 Dum
884 2138 1024 2177 vero
1057 2117 1564 2198 protestantismus
1590 2114 1698 2174 sub
1730 2125 2015 2195 praetextu
2043 2134 2189 2172 non-

149 2282 220 2342 (1)
252 2281 351 2329 Cfr.
397 2300 497 2346 quae
556 2284 818 2346 scripsimus
871 2282 1088 2330 adversus
1172 2281 1218 2328 la
1245 2279 1514 2329 hierarchia
1551 2282 1665 2327 emit
1690 2279 1737 2326 la
1760 2280 1870 2327 base
1890 2287 1935 2327 et
1958 2278 2000 2327 le
2016 2279 2186 2346 pilier.

84 2360 299 2410 Salvador
310 2380 362 2410 ac
373 2363 659 2428 judaizantes
673 2362 876 2428 reliquos
886 2366 935 2410 in
952 2372 1088 2411 tract.

84 2441 155 2490 De
181 2443 424 2491 incarnat.
457 2453 572 2507 part.
614 2460 631 2490 1
653 2462 734 2504 ,n.
765 2434 856 2491 180
889 2453 934 2491 et
958 2460 1090 2507 seqq.

150 2523 213 2585 (2)
251 2523 384 2572 Tales
425 2535 533 2571 sunt
573 2525 803 2587 parabolae
852 2524 909 2572 de
953 2540 1091 2588 grano

86 2609 281 2671 sinapis,
318 2606 483 2655 matth.
518 2621 602 2654 x111
625 2641 639 2668 ,
684 2607 740 2654 31
785 2614 827 2655 et
856 2623 1010 2672 seqq.;
1035 2608 1093 2656 de

88 2689 310 2736 fermento
330 2725 347 2749 ‚
383 2688 499 2736 ibid.
539 2688 602 2736 33
630 2705 644 2750 3
680 2689 738 2736 de
766 2690 944 2737 semine
966 2699 1093 2736 terrae

89 2770 222 2832 dato,
253 2770 379 2835 quod
395 2772 555 2818 crescit
570 2780 614 2818 et
633 2769 913 2829 fructificat,
946 2769 1089 2819 Marc.

91 2869 156 2909 iv,
192 2848 257 2898 26
297 2862 339 2900 et
379 2869 510 2917 seqq.
557 2850 642 2899 Hic
666 2853 837 2916 juverit
864 2869 1094 2916 opponere

90 2931 309 2982 Salvador
344 2936 594 2998 ceterisque
634 2933 964 2982 detractoribus
1010 2952 1092 2982 ex-

93 3024 230 3063 ternae
254 3013 501 3080 majestatis
523 3033 662 3081 quam
681 3015 882 3064 Ecclesia
910 3016 1092 3064 seculo-

93 3116 194 3147 rum
216 3100 344 3163 lapsu
370 3100 531 3164 adepta
555 3110 622 3148 est
637 3135 652 3157 ‚
672 3116 799 3149 veras
822 3116 878 3147 ac
902 3099 1093 3163 profun-

96 3176 174 3233 das
203 3180 537 3231 observationes
561 3182 764 3230 hominis
805 3184 1095 3246 protestantis

100 3260 176 3307 sed
197 3263 382 3327 ingenui
404 3299 418 3324 ,
443 3264 613 3313 scilicet
630 3263 709 3314 Cl.
738 3264 928 3327 Hurter,
950 3267 1030 3331 qui
1044 3267 1094 3313 in

101 3336 152 3386 V
149 3341 216 3388 ita
237 3342 515 3395 Innocentii
544 3363 627 3406 m,
660 3346 747 3396 lib.
779 3364 882 3407 nv,
914 3364 969 3396 ex
999 3365 1096 3412 ger·

99 3425 277 3471 manico
300 3426 517 3482 idiomate
555 3431 605 3476 in
648 3428 806 3495 gallic.
845 3444 1058 3478 conversa
1078 3466 1093 3489 ‚

96 3504 194 3552 haec
219 3507 426 3570 praeclare
446 3510 601 3565 scribit
633 3528 648 3560 :
689 3508 818 3560 C'eot
845 3512 978 3559 ainsi
1008 3528 1099 3577 qne

98 3585 316 3635 l'esaence
353 3589 605 3647 interient-e
648 3592 717 3643 du·
743 3592 1099 3643 christianismo

99 3669 295 3733 enfanta
310 3706 329 3732 ,
371 3670 494 3720 dans
527 3672 570 3723 Ie
608 3692 746 3729 conte
783 3675 865 3724 des
906 3675 1068 3726 :nicolas
1083 3713 1098 3735 ‚

100 3767 152 3798 sa
183 3752 335 3815 forme
375 3756 632 3807 emericum
651 3795 664 3816 ,
705 3757 904 3821 l’quiae
937 3797 949 3819 ‚
983 3758 1100 3809 dont

1183 2362 1293 2411 Une
1321 2364 1395 2409 vie
1415 2362 1580 2426 pleine
1624 2362 1866 2410 d'activite
1884 2361 2108 2427 juvenile
2145 2370 2191 2410 et

1175 2443 1410 2505 d'e'neryie
1443 2443 1618 2490 morale
1635 2479 1648 2499 ‚
1679 2442 1875 2490 I'action
1907 2451 1953 2489 et
1986 2442 2034 2490 Ia
2061 2447 2191 2496 rea&

1175 2525 1277 2572 tion
1294 2524 1542 2590 produites
1564 2541 1663 2588 par
1686 2522 2076 2572 l'enohainemem
2109 2525 2189 2573 des

1176 2610 1449 2653 &venemens
1467 2643 1480 2664 ,
1511 2604 1759 2652 rende‘rent
1782 2613 1895 2653 cetto
1921 2603 2192 2654 hierarchia

1173 2688 1356 2752 yrande
1374 2697 1420 2736 et
1441 2688 1565 2753 forte
1586 2725 1599 2747 ‚
1630 2696 1676 2736 et
1696 2704 1756 2735 en
1780 2689 1928 2751 firent
1946 2706 2042 2736 une
2064 2691 2190 2737 aris-

1175 2772 1369 2820 tocrat‘ie
1392 2769 1673 2836 spirituelle‚
1698 2773 1788 2834 qui
1813 2773 1947 2819 avait
1974 2788 2047 2819 ses
2062 2772 2190 2820 raci-

1176 2870 1261 2900 nes
1285 2854 1408 2901 dans
1455 2852 1520 2901 les
1542 2852 1656 2919 plus
1696 2852 1854 2901 nobles
1869 2856 2192 2919 prdroqativee

1177 2935 1243 2983 du
1265 2952 1410 2999 yenre
1431 2935 1658 2994 humain,
1693 2940 1780 3000 qui
1799 2936 2010 2983 tone-hait
2033 2935 2077 2983 le
2101 2937 2193 2985 ciel

1176 3033 1288 3065 avec
1308 3033 1362 3063 sa
1391 3034 1648 3075 couronne,
1671 3027 1716 3064 et
1733 3016 1988 3081 repandait
2011 3012 2089 3066 ses
2107 3033 2190 3064 ra-

1177 3115 1351 3148 meauae
1369 3108 1660 3163 protectenrs
1681 3115 1768 3146 sur
1787 3107 1893 3146 tous
1917 3098 1981 3146 les
1991 3098 2192 3165 peuplee

1171 3181 1448 3246 professam
1480 3180 1528 3228 la
1551 3181 1625 3246 foi
1650 3180 1941 3230 chretienne.
1987 3182 2116 3229 Tout
2139 3199 2193 3230 co

1178 3266 1266 3328 qui
1297 3266 1421 3312 ctait'
1450 3266 1661 3312 eminent
1682 3281 1782 3329 par
1818 3263 1866 3311 la
1904 3266 2188 3326 naissum-e,

1170 3363 1270 3413 par
1291 3347 1357 3396 les
1371 3348 1489 3395 dona
1514 3348 1571 3395 de
1599 3346 1778 3412 l'esprit
1796 3384 1808 3406 ‚
1833 3365 1933 3412 par
1956 3347 2194 3396 t’luabileee

1178 3437 1223 3476 et
1262 3429 1574 3495 l’eoepkrience
1612 3429 1695 3477 des
1728 3431 1924 3497 affaires
1947 3467 1961 3490 ‚
1982 3446 2083 3495 par
2116 3445 2191 3477 ces

1178 3521 1337 3560 verius
1366 3512 1482 3561 dont
1508 3510 1555 3558 Ia
1572 3516 1866 3578 recompenso
1883 3517 2000 3560 &tait
2017 3511 2063 3562 la
2080 3527 2196 3560 cou-

1181 3610 1338 3643 ronne
1374 3594 1701 3660 imperiswhle
1734 3612 1825 3660 que
1868 3595 1909 3642 lc
1957 3594 2184 3642 christia-

1182 3678 1559 3742 niameprcaeente
1574 3678 1606 3726 ὰ
1625 3694 1697 3725 ses
1704 3677 1866 3742 fideles
1879 3676 2187 3741 confeuonrs,

1184 3775 1230 3805 se
1266 3763 1475 3808 trouvait
1521 3777 1586 3809 au
1619 3763 1722 3812 sein
1751 3761 1806 3808 de
1844 3758 2055 3825 I’Eylise.
2090 3759 2195 3809 Par
