2514 4218
320 138 436 199 432

952 148 1147 186 TRACT.
1195 149 1262 183 DE
1308 147 1458 184 Locls
1495 144 1875 183 THEOLOGICIS.

1099 289 1511 345 PROPOSITIO
1552 290 1620 344 V.

326 471 744 532 Commentitz'a
820 474 902 522 est
930 506 953 534 ,
1022 483 1094 520 ae
1163 471 1406 519 natura²
1464 463 1778 537 primatus
1836 460 2144 538 pontificii
2192 482 2445 540 prorsus

397 566 755 624 adversatur
809 578 1008 638 nuper
1047 560 1279 615 invecta
1312 600 1329 630 7
1389 558 1546 613 inter
1561 559 1727 633 jara
1759 558 2072 633 primatus
2108 561 2446 620 essentialia

397 672 452 719 et
477 656 878 718 accidentalia
911 658 1030 712 sive
1066 653 1434 722 accessoria,
1462 651 1790 709 distinctio,

394 849 533 910 705.
563 848 633 906 Et
657 846 780 904 haec
809 843 1133 927 propositio
1157 841 1338 903 veluti
1360 842 1781 901 consectarium
1809 852 1896 900 est
1915 886 1931 916 ,
1961 841 2118 923 quod
2144 864 2216 903 ex
2245 856 2444 905 nostra

315 946 493 1029 priori
540 942 939 1025 propositione
968 985 984 1014 ,
1029 940 1104 1000 de
1156 950 1367 999 natura
1418 937 1701 997 pontificii
1751 937 2079 1017 primatus7
2122 941 2446 1001 necessario

313 1039 632 1101 descendit.
695 1036 1032 1097 Adstruitur
1093 1045 1293 1095 autem
1360 1032 1640 1093 adversus
1700 1031 1829 1091 illos
1859 1077 1875 1107 7
1945 1034 2045 1115 qui
2078 1079 2094 1109 ,
2159 1033 2444 1095 Febronio

309 1146 611 1219 praeeunte
649 1134 671 1206 (
680 1133 738 1212 1)
760 1178 776 1206 ,
805 1136 938 1210 jura
967 1131 1255 1213 primatus
1288 1151 1441 1188 rom.
1475 1128 1771 1188 Pontificis
1806 1129 1868 1186 in
1902 1127 2046 1188 duas
2073 1129 2442 1211 potissimum

310 1355 497 1422 glicanae
549 1353 760 1402 Ecclesia:
807 1351 956 1400 indoli
1000 1349 1336 1399 adversaretur.

315 1438 438 1487 Tum
466 1438 590 1486 illico
622 1436 792 1502 prodiit
823 1434 1016 1500 epistola
1051 1433 1172 1499 prof.
1203 1431 1338 1482 New·

318 1523 480 1580 mani,
522 1519 598 1567 die
638 1516 698 1566 16
727 1516 888 1565 Martii
919 1515 1038 1579 1841
1080 1515 1183 1563 data
1203 1553 1215 1574 ,
1249 1532 1341 1580 qua

319 1621 366 1653 se
395 1611 629 1651 auctorem
666 1603 823 1665 scripti
858 1599 983 1647 illius
1012 1598 1166 1663 palam
1194 1597 1338 1662 profi-

316 1696 434 1735 tetur
453 1722 465 1744 ‚
503 1695 546 1733 et
580 1682 813 1749 quidquid
839 1681 906 1728 ibi
939 1699 964 1728 a
995 1698 1043 1728 se
1078 1689 1300 1728 statutum
1325 1717 1337 1739 ‚

319 1785 415 1815 non
438 1766 575 1814 modo
601 1782 761 1813 verum
783 1781 879 1811 esse
903 1772 1040 1828 atque
1062 1760 1306 1810 honestum
1326 1800 1338 1821 ‚

319 1850 397 1898 sed
456 1849 762 1896 necessarium
822 1847 1015 1893 omnino
1070 1844 1339 1909 proclamat.

320 1930 494 1996 Magna
518 1930 627 1978 inde
645 1932 694 1977 in
718 1938 810 1976 tota
827 1929 1121 1977 universitate
1138 1929 1338 1991 partium

320 2015 470 2063 studia
490 2023 534 2062 et
551 2013 813 2061 animorum
832 2011 1084 2059 contentiO.
1101 2009 1220 2058 Vide
1238 2008 1342 2056 Ga-

319 2095 550 2160 liqnani's
580 2094 856 2158 Messenqer
888 2092 1059 2141 Paris.
1103 2089 1168 2155 24
1198 2093 1343 2140 Mar-

321 2180 385 2226 tii
414 2175 532 2241 1841
560 2214 574 2237 ,
606 2194 659 2226 n.
689 2174 846 2224 8122.
872 2175 989 2224 Rem
1022 2190 1160 2240 porro
1190 2191 1245 2223 eo
1266 2192 1342 2222 us-

323 2278 414 2327 que
461 2275 742 2325 progressam
797 2275 894 2306 esse
942 2259 1202 2323 accepimus
1228 2294 1242 2317 ‚
1295 2267 1346 2305 ut

325 2341 602 2391 Oxoniensis
641 2340 884 2406 episcopus
937 2343 1032 2388 sive
1078 2341 1346 2389 auctoritate

323 2443 406 2474 sua
431 2427 526 2473 sive
545 2423 837 2472 suasionibus
874 2422 1107 2492 effecerit,
1141 2432 1196 2470 ut
1227 2432 1344 2471 trac·

323 2518 445 2556 tatus
472 2508 540 2556 illi
557 2506 847 2556 Oxonieuses
869 2506 1011 2554 finem
1032 2507 1240 2570 protinus
1264 2505 1348 2553 ha-

323 2589 498 2650 beant,
531 2608 585 2639 ac
622 2600 842 2655 perpetuo
878 2591 1203 2637 conticescant.
1245 2586 1347 2653 Quo

326 2690 431 2738 ergo
455 2673 767 2737 professorum
801 2674 994 2718 istorum
1025 2680 1217 2718 conatus
1237 2687 1346 2718 eva-

325 2753 515 2805 serunt?
546 2755 613 2802 Eo
637 2771 808 2820 nempe
834 2764 887 2801 ut
916 2753 1172 2801 miseranda
1196 2752 1343 2818 angli-

333 2854 457 2886 canae
483 2837 692 2886 Ecclesiae
720 2836 925 2886 conditio
941 2837 1088 2902 magis
1105 2837 1349 2901 magisque

332 2921 383 2966 in
411 2922 623 2968 omnium
643 2929 891 2984 conspectu
913 2927 1106 2984 pateret.
1123 2917 1195 2964 En
1211 2951 1225 2976 ‚
1268 2920 1349 2982 qui

334 3000 584 3050 Ecclesiam
624 3005 759 3052 istam
802 3001 941 3051 veluti
982 3000 1254 3049 catholicam
1305 3007 1351 3048 et

336 3085 631 3147 apostolicam
673 3083 907 3132 mordicus
948 3080 1233 3144 tuebantur,
1269 3083 1351 3148 qui

337 3179 441 3213 eam
473 3167 530 3213 ad
560 3169 804 3231 pristinum
840 3165 1032 3230 originis
1058 3181 1153 3213 suae
1181 3174 1350 3213 statum

338 3263 547 3295 revocare
560 3284 573 3307 ‚
601 3247 795 3313 liturgiae
814 3266 951 3297 usum
969 3248 1207 3296 restituere
1220 3283 1235 3308 ,
1256 3256 1349 3295 tra-

339 3328 564 3379 ditionem
594 3340 730 3396 atque
760 3334 1083 3381 auctoritatem
1112 3330 1347 3389 extollere,

341 3427 397 3460 ac
414 3414 766 3477 protestantismi
786 3416 1005 3479 principia
1029 3398 1248 3462 damnare
1263 3430 1351 3478 prae

338 3513 386 3543 se
406 3495 641 3555 ferebant,
672 3514 798 3544 nunc
822 3498 964 3545 iidem
990 3499 1077 3563 ipsi
1103 3497 1244 3546 veluti
1268 3497 1353 3544 ho-

341 3580 489 3628 mines
505 3579 702 3629 ecclesiae
737 3595 831 3627 suae
855 3581 1050 3642 infensi,
1078 3582 1348 3646 perniciosi,

341 3677 604 3728 erroresque
632 3664 926 3728 propinantes
944 3672 1043 3711 tum
1067 3663 1220 3713 verbis
1250 3672 1351 3711 tum

1420 1349 1541 1397 facto
1563 1348 1623 1397 ab
1642 1350 1716 1409 iis,
1734 1348 1815 1415 qui
1829 1351 2150 1399 auctoritatem
2165 1351 2284 1399 inibi
2301 1368 2439 1401 exer-

1422 1440 1558 1491 cent,
1591 1431 1905 1480 declarantur!
1929 1431 2126 1481 Videant
2138 1435 2276 1499 igitur
2294 1437 2444 1501 scrip-

1422 1523 1540 1560 tores
1553 1514 1651 1570 isti,
1668 1515 1857 1561 cuinam
1876 1530 2025 1562 causae
2043 1517 2281 1579 ingenium
2308 1526 2445 1583 atque

1423 1594 1700 1643 industriam
1713 1612 1843 1645 suam
1863 1599 2189 1662 manciparint!
2219 1599 2456 1661 Videant,‘

1423 1680 1504 1743 qui
1540 1687 1682 1726 status
1723 1678 1926 1727 ecclesiae
1965 1679 2107 1745 hujus
2148 1684 2313 1731 existat
2342 1720 2355 1743 ,
2395 1685 2444 1732 in

1424 1776 1517 1825 qua
1548 1760 1667 1807 nihil
1702 1760 1848 1808 fixum
1894 1777 1950 1809 ac
1985 1762 2176 1822 stabile,
2217 1765 2336 1812 nihil
2366 1782 2447 1813 co-

1423 1843 1627 1902 haerens,
1651 1842 1732 1890 sed
1765 1842 1823 1891 de
1854 1844 1953 1908 ipso
1981 1845 2284 1894 articulorum
2302 1884 2315 1905 ‚
2344 1851 2448 1913 qui-

1424 1924 1512 1973 hus
1553 1924 1631 1972 illa
1669 1926 1923 1983 innititur,
1965 1943 2102 1975 sensu
2136 1928 2252 1976 adeo
2286 1932 2451 1978 acriter

1425 2006 1676 2055 dimicatur
1702 2009 1822 2055 inter
1849 2025 1926 2056 eos
1955 2010 2077 2073 ipsos
2098 2044 2112 2067 ‚
2154 2011 2237 2075 qui
2276 2010 2450 2060 doctri·

1426 2106 1536 2138 nam
1575 2089 1872 2153 anglicanam
1910 2107 1992 2155 pro
2031 2091 2186 2140 officio
2216 2110 2450 2157 exponere

1427 2189 1481 2220 ac
1508 2171 1712 2237 profiteri
1741 2172 1934 2222 debent.
1963 2172 2087 2239 Quid
2121 2192 2256 2239 porro
2285 2179 2370 2225 erit
2394 2177 2452 2226 de

1427 2255 1609 2302 caeteris
1634 2252 1892 2304 omnibus?
1914 2256 2029 2321 quid
2055 2255 2112 2305 de
2138 2258 2309 2323 populo
2341 2262 2450 2308 uni-

1428 2325 1633 2387 versim?
1665 2356 1806 2404 quam
1835 2338 1944 2387 fidei
1977 2339 2298 2406 suaeregulam
2326 2360 2449 2391 nan-

1428 2422 1657 2469 ciscetur?
1681 2420 1797 2486 quid
1824 2437 1960 2485 porro
1986 2422 2227 2487 anglicana
2264 2442 2289 2472 a
2320 2434 2449 2474 oaete-

1429 2505 1491 2550 ris
1506 2502 1863 2567 protestantium
1877 2506 2010 2552 sectis
2025 2504 2247 2554 distabit?
2262 2506 2452 2555 Utinam

1429 2584 1528 2631 haec
1558 2586 1715 2632 omnia
1739 2586 1985 2649 scriptores
2006 2587 2083 2633 isti
2103 2586 2245 2651 probe
2261 2605 2458 2652 perpen-

1431 2667 1627 2726 derent,
1668 2667 1866 2733 luceque
1916 2678 2126 2733 reperta,
2168 2671 2218 2717 in
2255 2671 2457 2719 tenebris

1432 2754 1645 2797 coecutire
1672 2766 1768 2796 non
1797 2750 2010 2799 mallent.

1504 2832 1567 2896 (Ι)
1609 2830 1689 2879 De
1728 2840 1857 2880 stata
1893 2831 2127 2883 Ecclesiae
2158 2843 2202 2882 et
2240 2833 2454 2897 leqitima

1428 2922 1653 2981 potestate
1704 2931 1828 2964 rom.
1885 2911 2137 2980 Pontifieis
2161 2952 2176 2980 ,
2230 2925 2348 2964 tom.
2398 2933 2412 2962 ι
2436 2952 2449 2973 ,

1433 3016 1536 3064 cap.
1571 3015 1600 3046 2
1622 3036 1635 3059 ‚
1668 2997 1695 3065 §
1729 3016 1788 3067 7,
1821 3017 1872 3049 n.
1902 3015 1954 3066 9.
1983 2999 2074 3048 Ubi
2101 3003 2197 3063 ipse
2217 2998 2345 3047 hunc
2374 3016 2453 3047 ve-

1433 3082 1519 3130 luti
1551 3100 1781 3131 canonem
1819 3083 1979 3130 statuit
2011 3098 2026 3129 :
2060 3079 2224 3128 Habet
2259 3083 2453 3130 univer-

1433 3164 1549 3213 salis
1559 3166 1806 3230 primatus
1825 3164 2045 3228 suajura
2063 3165 2247 3228 partim
2270 3165 2453 3228 exjure

1434 3247 1603 3296 divino
1623 3285 1636 3306 ‚
1678 3247 1862 3312 partim
1914 3261 1972 3293 ea·
2019 3245 2228 3294 humano
2248 3283 2263 3307 ‚
2305 3247 2451 3294 immo

1426 3330 1575 3398 plura
1590 3347 1648 3378 ex
1676 3328 1762 3376 hoe
1778 3344 1923 3391 quam
1949 3344 2007 3375 ex
2035 3327 2152 3390 illo5
2183 3328 2320 3377 habet
2337 3327 2449 3375 ordo

1433 3413 1786 3479 Epi-scoparum
1807 3409 1909 3473 fere
1942 3413 2109 3459 onmia
2135 3427 2225 3459 sua
2253 3427 2311 3459 ea·
2329 3412 2450 3476 jure

1436 3498 1623 3546 divina.
1653 3494 1825 3543 Verum
1855 3512 1955 3559 quae
1982 3497 2202 3559 primatui
2234 3492 2337 3560 jura
2363 3495 2445 3542 tri-

1435 3579 1540 3627 buit
1575 3595 1627 3626 ex
1661 3580 1763 3643 jure
1800 3575 1994 3637 divino,
2035 3578 2095 3631 ad
2124 3576 2325 3625 nihilum
2354 3576 2446 3623 fere

1435 3661 1620 3726 redigit3
1663 3675 1767 3726 quae
1805 3666 1961 3708 autem
1997 3661 2039 3709 ei
2076 3659 2289 3725 obtigisse
2320 3657 2443 3705 affir-
