2514 4218
286 134 405 196 432
891 158 1090 195 TRAC'r.
1140 158 1208 194 nn
1252 158 1406 196 noeis
1451 160 1831 202 manicemus·

370 306 509 365 621.
563 305 639 363 Ac
688 304 751 362 10
788 303 1028 385 quidem
1057 303 1618 382 animadvertimUS,
1647 305 1800 367 hanc
1830 310 2293 371 controversiam
2321 314 2435 396 agi-

285 402 401 462 tari
450 399 523 461 de
564 420 840 482 suprema
898 397 1279 475 auctoritate,
1336 420 1440 459 seu
1488 411 1557 459 ut
1602 413 1815 462 vocant
1860 410 2288 485 supet-ioricam
2331 429 2436 469 seu

285 496 731 580 praeeminentia
769 516 919 554 rom.
971 494 1266 554 Pontificis
1310 496 1454 554 certi
1479 541 1494 571 ,
1530 494 1777 575 legitimi
1813 519 1878 558 ac
1918 500 2172 562 viventis
2194 548 2210 578 .,
2257 524 2433 586 supra

285 591 613 653 Concilium
659 588 965 672 generale3
1018 612 1141 649 non
1187 601 1387 651 autem
1425 590 1722 652 Pontificis
1772 593 2066 674 illegitimi
2089 643 2105 671 .,
2145 596 2310 658 dubii
2344 599 2434 679 (l)

285 700 387 749 aut
420 687 698 749 defuncti.
1159 683 1163 687 ’
1664 765 1668 767 -

371 785 513 844 622.
563 785 632 841 20
662 782 1207 846 Animadvertimus
1227 828 1244 859 ‚
1275 783 1368 843 hic
1390 806 1511 844 non
1550 785 1639 864 agi
1662 783 1735 845 de
1756 786 2014 847 Concilio
2041 792 2434 866 oecumenico,

286 884 377 942 cui
418 879 756 962 praesederit
808 902 957 940 rom.
1006 874 1278 941 'Pontifex
1320 892 1422 940 aut
1462 902 1570 964 per
1614 902 1674 941 se
1711 892 1814 940 aut
1850 905 1957 965 per
1995 883 2216 967 legatos
2256 909 2390 947 suos
2414 933 2431 964 ‚

286 976 561 1060 quodque
612 978 738 1060 ipse
786 977 1261 1051 confirmaverit;
1313 975 1421 1036 hac
1460 976 1620 1036 enim
1669 978 1895 1038 ratione
1953 982 2215 1063 exposita
2255 981 2437 1043 thesis

283 1072 519 1133 nullum
563 1095 801 1134 sensum
844 1072 1126 1148 haberet,
1179 1072 1426 1156 perinde
1469 1074 1627 1133 enim
1679 1086 1834 1134 esset
1881 1087 2057 1159 atque
2098 1077 2434 1156 adstruere,

283 1192 434 1231 rom.
468 1171 813 1231 Pontificem
834 1215 849 1246 ,
885 1192 919 1229 a
942 1192 1060 1253 quo
1089 1191 1330 1229 omnem
1358 1170 1701 1229 firmitatem
1723 1216 1739 1246 ,
1772 1182 1839 1230 ut
1870 1171 2045 1255 paulo
2070 1185 2205 1256 post
2233 1185 2437 1235 osten-

284 1270 533 1350 demuS,
586 1270 883 1353 accipiunt
939 1269 1337 1329 Conciliorum
1392 1267 1660 1343 decreta,
1718 1291 1841 1330 esse
1890 1269 2002 1330 sibi
2052 1273 2433 1355 superiorem.

225 1372 229 1381 '
285 1365 463 1443 Quod'
505 1366 554 1426 si
578 1364 817 1427 decreta
838 1412 854 1441 ‚
894 1366 1193 1449 pontificia
1220 1365 1567 1425 auctoritate
1601 1367 1831 1426 firmata
1853 1412 1869 1441 ᾖ
1919 1368 2042 1428 vim
2068 1368 2323 1448 habent,
2348 1372 2439 1431 uti

285 1462 561 1524 nonnulli
602 1463 982 1539 existimant‚
1034 1462 1111 1521 ad
1159 1461 1491 1543 cogendum
1537 1462 1735 1544 ipsum
1772 1464 2156 1542 Pontificem,
2205 1466 2266 1526 id
2312 1490 2435 1527 non

279 1563 594 1622 intrinseca
617 1606 633 1636 a
675 1571 742 1620 ut
785 1561 868 1620 ita
894 1559 1086 1619 dicam
1107 1605 1123 1634 7
1152 1580 1358 1618 eorum
1381 1559 1604 1619 virtute
1628 1560 1901 1641 provenit
1922 1606 1937 1635 ,
1982 1561 2082 1620 sed
2112 1560 2185 1620 ab
2207 1568 2434 1623 extrin-

279 1681 435 1733 seca,
475 1657 550 1717 ab
579 1657 771 1717 altiori
822 1656 1039 1716 scilicet
1067 1654 1322 1715 naturali
1344 1655 1665 1737 divinoque
1691 1660 1856 1734 jure,
1900 1658 1985 1716 uti
2008 1658 2304 1740 explicant
2333 1661 2438 1742 qui

278 1758 359 1816 ita
385 1756 651 1816 sentiunt
686 1754 806 1834 (2);
840 1752 937 1830 alii
976 1753 1197 1835 quippe
1219 1764 1487 1828 censent,
1529 1751 1925 1812 Conciliorum
1960 1754 2137 1814 etiam
2178 1777 2437 1816 oecume-

278 1853 550 1913 nicorum
584 1872 837 1911 canones
880 1862 939 1910 et
978 1849 1211 1909 decreta
1241 1848 1671 1931 disciplinaria.,
1711 1847 1786 1909 de
1824 1848 2036 1932 quibus
2079 1862 2311 1910 tantum
2348 1863 2437 1912 est

279 1972 476 2012 sermo
497 1995 512 2026 7
540 1969 849 2031 nunquam
876 1945 1097 2006 habere
1136 1946 1198 2006 in
1224 1945 1536 2006 Pontifices
1564 1947 1686 2007 vim
1713 1951 2077 2018 coactivam,
2113 1947 2216 2008 sed
2245 1947 2438 2008 solum

278 2050 643 2108 directivam
674 2045 781 2128 (3)
827 2046 1030 2127 Itaque
1079 2043 1480 2103 controversia
1535 2054 1811 2103 movetur
1854 2044 1928 2103 de
1971 2043 2214 2104 relativa
2257 2066 2440 2128 supe-

278 2142 541 2204 rioritate
577 2165 728 2203 rom.
792 2142 1089 2202 Pontificis
1135 2162 1399 2200 seorsum
1435 2141 1657 2223 sumpti
1705 2163 1882 2223 supra
1920 2141 2247 2202 Concilium
2273 2164 2436 2203 seor-

278 2262 411 2301 sum
438 2240 661 2323 pariter
701 2249 1030 2322 spectatum
1063 2260 1095 2297 a
1125 2260 1281 2297 rom.
1320 2236 1631 2311 Pontifice3
1682 2237 1763 2297 sic
1809 2237 1971 2297 enim
2001 2259 2132 2298 eam
2156 2241 2436 2322 proponit

277 2337 501 2397 Natalis
547 2336 911 2412 Alexander,
960 2347 1235 2395 strenuus
1278 2336 1590 2406 sententiae*
1630 2335 1705 2396 de
1744 2336 2157 2419 superioritate
2195 2336 2439 2397 Concilii

278 2455 453 2517 supra
500 2434 842 2494 Pontificem
868 2444 1275 2515 propugnator
1310 2432 1438 2512 (4);
1481 2432 1655 2512 hujus
1679 2435 1841 2493 enim
1872 2432 2156 2494 doctrinae
2196 2434 2442 2516 patroni

278 2541 628 2605 autumant,
660 2552 810 2590 rom.
857 2529 1098 2613 quidem
1143 2529 1485 2591 Pontificem
1521 2530 1884 2613 superiorem
1922 2551 2079 2602 esse,
2122 2551 2195 2589 ex
2235 2529 2436 2592 divina

346 2725 415 2789 (1)
455 2724 560 2791 Quo
577 2726 628 2773 in
657 2740 764 2772 casu
799 2741 971 2771 munus
998 2722 1196 2771 Concilii
1231 2725 1315 2771 erit

279 2816 467 2859 tantum
483 2810 719 2875 inquirere
738 2809 789 2855 in
811 2806 1054 2874 qualitates
1079 2807 1312 2854 conditio-

278 2909 454 2959 nesque
480 2892 721 2942 electionis
742 2929 756 2952 ,
790 2893 907 2956 quin
933 2900 1145 2939 exerceat
1167 2888 1314 2938 ullam

278 2981 551 3039 potestatem
588 2992 669 3024 seu
704 2976 1031 3024 auctoritatem
1075 2975 1126 3020 in
1162 2973 1313 3020 detri-

279 3069 492 3105 mentum
505 3059 789 3107 auctoritatis
801 3056 1071 3121 pontificiae,
1087 3058 1137 3104 in
1152 3073 1312 3121 quam,

278 3149 330 3188 ut
352 3138 619 3188 videbimus
643 3178 656 3199 ,
685 3140 950 3189 Concilium
982 3140 1102 3187 nihil
1131 3149 1298 3204 potest.

349 3221 414 3286 (2)
451 3221 521 3270 Ita
549 3223 823 3272 Ballerinius
841 3260 854 3280 ,
890 3226 940 3270 in
958 3241 1038 3288 op.
1060 3221 1312 3288 Περαιθε-

278 3312 373 3354 tate
402 3303 724 3354 ecclesiastica
746 3344 759 3365 ‚
795 3325 900 3372 cap.
935 3306 985 3356 3.

347 3388 413 3454 (3)
450 3387 550 3437 Cfr.
595 3388 820 3454 Bolgeni‚
866 3407 944 3454 op.
978 3391 1059 3439 cit.
1094 3406 1199 3455 cap.
1245 3386 1308 3452 4,

279 3484 369 3523 art.
410 3490 475 3533 2,
512 3473 739 3537 praecipue
770 3490 877 3519 vero
905 3472 1043 3521 Card.
1082 3471 1220 3533 Orsi,
1262 3474 1313 3520 in

279 3575 357 3622 op.
400 3555 482 3605 De
521 3571 643 3603 rom.
690 3549 947 3617 Pontificis
987 3557 1273 3603 auctoritate
1295 3592 1307 3615 ‚

278 3639 362 3688 lib.
396 3656 461 3688 vn
479 3673 494 3698 ,
524 3654 630 3703 cap.
659 3634 693 3699 4
713 3646 758 3685 et
781 3655 912 3703 seqq.
938 3638 1019 3687 ubi
1042 3639 1310 3704 plenissime

278 3722 368 3770 hoc
395 3730 722 3787 argumentum
747 3720 927 3770 evolvit.

1467 2723 1532 2786 (lo)
1570 2721 1694 2771 Diss.
1729 2733 1802 2783 iv,
1831 2740 1923 2771 sec.
1956 2739 2015 2771 xv
2047 2730 2095 2772 et
2130 2740 2238 2783 xv1‚
2267 2733 2360 2772 art.
2391 2720 2439 2784 3,

1399 2804 1425 2872 §
1454 2804 1483 2853 3
1501 2844 1514 2866 ‚
1546 2805 1629 2854 ubi
1656 2823 1795 2870 agens
1822 2806 1881 2855 de
1901 2806 2095 2855 decretis
2125 2823 2238 2855 sess.
2263 2820 2310 2855 iv
2346 2817 2441 2855 etv

1398 2889 1583 2937 concilii
1597 2888 1964 2938 Constantiensis
1982 2928 1995 2950 ,
2012 2891 2176 2938 nititur
2193 2887 2434 2938 ostendere

1398 2971 1619 3021 adversus
1638 2970 1943 3032 Schelstrate,
1973 2972 2045 3036 agi
2062 2974 2111 3020 in
2129 2972 2219 3019 illis
2245 2971 2440 3020 decretis

1397 3057 1456 3106 de
1502 3054 1715 3104 Concilio
1748 3071 1961 3103 seorsum
2010 3062 2200 3120 sumpto
2242 3072 2268 3103 a
2312 3070 2434 3104 rom.

1396 3137 1627 3187 Pontifice
1646 3177 1659 3199 ‚
1706 3149 1750 3187 et
1791 3140 1867 3186 cui
1897 3137 2113 3185 Pontifex
2146 3135 2433 3185 collaborare

1394 3221 1568 3282 nollet,
1606 3223 1801 3287 ejusque
1824 3218 2070 3267 mandatis
2088 3235 2264 3285 parere
2282 3237 2302 3280 ‚·
2334 3221 2431 3267 imo

1395 3306 1681 3365 contrarium
1720 3320 1910 3351 sensum
1944 3301 2089 3351 veluti
2120 3302 2431 3367 nuqatorium

1395 3404 1450 3436 ac
1472 3384 1741 3435 ridiculum
1767 3384 1997 3433 traducit.
2031 3384 2131 3433 Cfr.
2153 3388 2293 3434 etiam
2319 3383 2426 3433 Bel-

1393 3470 1581 3518 larmin.
1620 3464 1693 3516 De
1726 3465 1952 3527 Ecclesia
1977 3475 2023 3514 et
2051 3465 2200 3515 Cone.
2235 3466 2321 3514 lib.
2357 3480 2422 3527 n,

1393 3570 1496 3618 cap.
1547 3551 1637 3611 13,
1673 3569 1724 3599 n.
1759 3548 1790 3613 4
1822 3561 1864 3599 et
1895 3568 2026 3617 seqq.
2062 3568 2170 3599 cum
2211 3549 2423 3598 vindiciis

1394 3635 1721 3684 Erbermanni.
