2514 4218
2117 154 2237 214 487

373 173 526 212 PART.
571 174 610 211 1.
654 172 808 210 SECT·
857 172 918 209 11.
962 172 1082 210 CAP.
1131 172 1215 210 111.
1261 173 1329 209 DE
1373 141 1613 211 NATJBT
1657 173 1785 211 JUR.
1833 174 1987 212 an.

130 338 199 376 ex
237 338 304 374 eo
336 313 492 396 quod
532 312 829 374 videamus
868 314 1096 388 PatreS,
1138 314 1405 395 quamvis
1452 314 1733 394 generalis
1782 315 2019 397 antiqua
2053 315 2232 374 disci-

128 410 285 492 plina
323 409 571 488 viguerit
591 454 606 482 .,
639 409 908 490 nuspiam
934 407 1217 467 limitibus
1242 409 1602 490 pontificiam
1628 408 2093 487 jurisdictionem
2116 410 2233 469 cir-

129 503 554 583 cumscripsisse
583 549 599 576 .,
661 515 761 562 aut
802 502 1182 577 reclamasse,
1231 504 1387 584 quod
1434 505 1738 564 Pontifices
1762 550 1780 579 ⁷
1831 505 1915 563 ita
1961 513 2241 586 poscente*

130 597 391 657 Ecclesiae
435 597 720 671 utilitate„
774 609 983 679 praeter
1042 598 1339 677 vigentem
1384 598 1748 680 disciplinam
1790 599 2090 681 quidpiam
2136 612 2238 659 aut

127 693 352 771 egerint
398 704 498 750 aut
542 694 880 763 sanxerint3
928 703 1056 751 tum
1096 692 1271 751 etiam
1303 714 1467 752 exeo
1492 694 2039 775 quod-noverimUS‚
2073 697 2237 753 Pon-

129 788 306 845 tifices
341 786 641 845 interdum
675 786 846 866 longe
874 787 1219 868 ampliorem
1247 787 1652 867 auctoritatem
1681 789 2027 863 exercuisse,
2058 810 2233 869 quam

129 881 208 939 eis
244 879 831 962 pseudo-Isidorianae
870 879 1185 940 decretales
1229 880 1544 940 tribuerint
1579 883 1688 962 (l).

211 975 351 1033 711.
396 977 533 1047 Quae
565 997 696 1034 cum
712 976 790 1033 ita
815 996 877 1034 se
903 973 1159 1033 habeant
1179 1020 1194 1047 ,
1219 977 1427 1035 merito
1452 976 1871 1051 concl'udimUS,
1901 1000 2022 1037 non
2048 978 2234 1037 solum

126 1066 588 1129 commentitiam
640 1090 763 1130 esse
817 1071 1105 1129 invectam
1154 1068 1587 1130 distinctionem
1609 1117 1625 1145 ,
1679 1082 1900 1132 naturae
1957 1074 2237 1155 pontificii

123 1165 408 1246 primatus
438 1166 718 1225 divinitus
753 1165 1003 1235 instituti
1029 1164 1437 1225 adversantem
1455 1211 1471 1241 ,
1496 1166 1966 1250 incognitamque
1995 1170 2106 1227 toti
2135 1191 2234 1228 an-

124 1260 383 1340 tiquitati
408 1306 423 1333 ,
477 1271 655 1343 prout
708 1258 1232 1318 demonstrandum
1294 1263 1749 1344 assumpsimus3
1804 1261 1906 1323 sed
1958 1275 2235 1346 praeterea

124 1354 461 1432 injuriosam
490 1376 614 1415 esse
643 1365 731 1413 tot
758 1354 1130 1414 sanctissimis
1164 1355 1537 1415 Pontificibus
1560 1401 1577 1430 .‚
1611 1358 1711 1438 qui
1735 1360 1830 1416 tot
1849 1369 2007 1418 retro
2032 1359 2236 1420 seculis

121 1450 356 1531 pacifice
388 1456 554 1529 jura,
594 1469 721 1530 quae
751 1461 960 1510 vocant
996 1449 1370 1510 accidentalia
1393 1495 1410 1526 ‚
1443 1463 1866 1524 exercuerunt3
1900 1453 2238 1531 injuriosam

124 1546 411 1605 universae
450 1544 746 1619 Ecclesiae‚
785 1546 948 1626 quasi
983 1567 1196 1628 nempe
1241 1567 1306 1604 ea
1344 1567 1508 1628 passa
1548 1547 1721 1606 fuerit
1745 1568 1868 1607 sese
1892 1549 2235 1608 auctoritate

123 1638 481 1698 inalienabili
512 1639 778 1722 spoliari3
819 1662 884 1699 ac
922 1641 1162 1721 insuper
1198 1640 1499 1700 inferimus
1527 1662 1657 1700 eam
1699 1663 1821 1713 esse
1860 1641 2235 1702 inducentem

124 1735 185 1792 in
215 1734 518 1793 schismata
548 1757 613 1794 ac
647 1734 1113 1817 perduellionem
1144 1736 1261 1815 (2),
1291 1735 1432 1794 dum
1463 1757 1680 1796 novam
1709 1736 2077 1819 disciplinam
2114 1749 2235 1796 tra—

190 1943 252 2005 (1)
287 1942 385 1990 Csr.
420 1940 563 1989 Card.
601 1932 760 1989 Gerdil
794 1959 806 1988 :
844 1939 1028 1993 Esame
1059 1941 1153 1988 dei

97 2026 289 2072 ·motivi
346 2022 466 2071 della
532 2025 841 2089 opposizione
890 2023 1017 2088 satta
1073 2024 1137 2072 da

120 2103 194 2153 M.
232 2104 289 2151 V
285 2122 442 2154 escovo
487 2105 540 2152 oli
578 2104 729 2166 Noli,
761 2104 856 2152 alla
883 2105 1133 2171 publieaz.

120 2185 241 2233 della
279 2185 401 2234 bolla
435 2186 672 2234 Auc‘romm
702 2201 839 2235 rum.
862 2185 984 2251 opp.
1017 2187 1133 2237 edit.

122 2286 238 2316 rom.
257 2279 375 2317 tom.
396 2283 506 2328 xlv,
538 2278 658 2333 part.
683 2283 748 2327 11,
775 2279 862 2318 art.
898 2269 954 2318 13
977 2279 1023 2318 et
1047 2267 1133 2332 14,

122 2349 204 2397 ubi
231 2349 440 2414 pluribus
465 2350 675 2398 adductis
701 2353 966 2399 certissimis
990 2352 1135 2399 docu-

120 2436 286 2480 mentis
318 2433 551 2482 evidenter
573 2432 771 2480 ostendit
792 2436 1026 2492 eminent,
1053 2451 1137 2482 au-

121 2524 231 2573 ctor,
247 2515 384 2578 longe
401 2514 553 2562 forsan
577 2514 846 2578 ampliorem
873 2525 1135 2580 potestatem

127 2605 298 2660 septem
318 2595 543 2660 prioribus
566 2597 728 2643 seculis
749 2598 1000 2645 exercuisse
1015 2614 1134 2646 rom.

127 2676 370 2726 Pontifices
380 2679 428 2724 in
442 2679 698 2726 universam
711 2677 957 2726 Ecclesiam
967 2716 979 2737 ‚
993 2697 1133 2744 quam

126 2759 266 2806 secul.
305 2759 669 2824 insequentibus.
702 2759 862 2824 Neque
896 2761 943 2808 id
974 2761 1135 2810 abnuit

121 2840 192 2888 vel
222 2843 317 2904 ipse
344 2840 591 2888 Bossuetus
609 2879 623 2901 .,
654 2844 735 2906 qui
759 2840 961 2905 Defens.
981 2842 1135 2891 decla-

121 2930 214 2970 rat.
249 2925 300 2968 in
334 2922 616 2971 corollario.
647 2925 774 2989 quod
792 2925 857 2972 illi
876 2924 1130 2985 subtexuit,

125 3002 151 3067 g
187 3021 270 3066 ιο,
308 3005 406 3052 haec
434 3007 631 3053 fidenter
665 3006 860 3055 scribere
886 3007 1014 3055 haud
1045 3008 1134 3056 du·

123 3085 287 3134 bitavit
319 3106 330 3134 :
359 3087 485 3136 Haec
505 3087 682 3135 habens
709 3097 752 3135 et
781 3104 1002 3136 exercens
1022 3105 1136 3155 apo-

121 3166 286 3216 stolica
312 3170 472 3231 Sedes,
504 3180 637 3219 tanta
670 3173 940 3235 antiquitus
967 3181 1133 3219 aucto-

122 3253 263 3297 ritate
279 3253 436 3314 viqm't
447 3289 461 3312 ‚
479 3263 530 3301 ut
541 3263 726 3319 postea,
740 3254 893 3318 fidem
906 3254 1132 3312 dia-erim,

123 3333 385 3380 imminuta
415 3336 570 3397 mayis
595 3353 739 3399 qaam
773 3344 915 3384 aucta
936 3352 1034 3383 esse
1061 3337 1135 3383 vi-

124 3414 324 3475 deatum,-
365 3432 564 3482 cumque
599 3418 657 3466 ad
700 3419 787 3466 hoc
835 3419 1139 3467 evincendum

124 3497 255 3560 plura
286 3497 493 3561 exempla
522 3515 576 3546 ex
610 3497 658 3546 S.
688 3498 842 3549 Leone
870 3499 937 3548 M.
970 3510 1013 3549 et
1052 3498 1140 3548 Ge-

125 3578 236 3625 lasio
253 3579 509 3637 attulisset,
541 3580 774 3630 concludit
797 3599 810 3629 2
842 3579 968 3647 Quis
983 3590 1141 3629 autem

130 3661 357 3724 Pontifex
385 3662 643 3726 posteriore
677 3670 847 3724 aetate,
890 3679 986 3727 qua
1022 3679 1143 3711 non-

1223 1939 1378 1989 nullis
1394 1948 1623 2007 potestate
1648 1946 1783 1989 aucti
1816 1940 2041 1989 videntur
2059 1977 2072 1999 ‚
2098 1949 2235 1989 tanta

1221 2025 1503 2073 auctoritate
1523 2031 1657 2071 tanta
1674 2023 1860 2089 qessit?
1879 2023 1931 2072 Id
1951 2027 2101 2089 ipsum
2122 2040 2234 2073 con-

1221 2105 1317 2153 ficit
1346 2124 1398 2154 ex
1429 2104 1660 2171 Agapeto‚
1696 2105 1747 2155 S.
1785 2105 1998 2170 Gregorio
2035 2104 2103 2154 M.
2136 2104 2234 2155 cfr.

1221 2187 1334 2235 edit.
1360 2188 1439 2236 cit.
1470 2197 1585 2235 tom.
1615 2203 1760 2234 xxxin
1775 2223 1788 2244 ‚
1806 2204 1911 2252 pag.
1928 2183 2022 2249 400
2039 2196 2083 2235 et
2099 2202 2229 2252 seqq.

1221 2267 1319 2333 Qua
1359 2270 1451 2317 sola
1489 2269 1888 2317 animadversione
1924 2270 2093 2316 corruit
2137 2278 2229 2317 tota

1220 2352 1434 2401 Febronii
1472 2368 1526 2400 ac
1561 2351 1952 2400 Febronianorum
1981 2351 2224 2411 machina,

1220 2434 1277 2481 de
1300 2433 1592 2481 distinctione
1603 2435 1781 2498 jurium
1808 2432 1863 2481 in
1878 2430 2195 2479 accidentalia
2212 2469 2226 2492 ,

1218 2519 1512 2575 accessoria,
1559 2514 1802 2574 humana,
1848 2513 2137 2574 mutabilia,
2184 2521 2229 2560 et

1218 2595 1489 2645 essentialia
1503 2633 1516 2656 ,
1548 2595 1720 2643 divina
1731 2632 1744 2656 ,
1758 2594 2083 2642 immutabilia
2097 2632 2110 2654 ‚
2135 2604 2224 2644 etc.

1289 2678 1361 2743 (2)
1404 2678 1548 2743 Cujus
1596 2679 1851 2726 assertionis
1893 2677 2224 2725 documentum

1217 2761 1634 2809 luculentissimum
1668 2759 1929 2824 suppeditat
1961 2774 2226 2823 congressus

1217 2843 1452 2891 Emsensis
1469 2861 1547 2891 an.
1578 2839 1705 2907 1786
1725 2841 2006 2899 celebratus,
2030 2841 2130 2906 qui,
2154 2850 2226 2888 to-

1217 2935 1290 2973 tus
1318 2927 1506 2973 innixus
1530 2924 1748 2972 doctrinae
1775 2922 2077 2980 febronianae,
2106 2931 2224 2970 sate·

1217 3007 1282 3071 git
1312 3005 1569 3055 subducere
1603 3003 1902 3054 Germaniam
1935 3003 1995 3052 ab
2029 3007 2226 3052 auctori-

1217 3097 1307 3136 tate
1351 3104 1470 3136 rom.
1513 3087 1779 3148 Pontificis3
1818 3086 1939 3134 hinc*
1959 3088 2226 3134 innumeras

1218 3170 1372 3217 turbas
1402 3170 1642 3228 excitavit,
1675 3167 1901 3233 pluraque
1940 3165 2225 3224 schismatica

1218 3261 1263 3299 et
1291 3268 1479 3299 erronea
1511 3251 1721 3298 sancivit.
1752 3249 1852 3298 Cfr.
1882 3265 1997 3313 opus
2027 3249 2228 3310 inscrip-

1218 3343 1315 3381 tum
1347 3350 1362 3383 ε
1401 3332 1547 3398 Colpe
1563 3331 1772 3381 d’ocohio
1798 3331 1878 3380 sul
1892 3331 2149 3395 Conqresso
2174 3327 2230 3376 di

1222 3413 1345 3465 Eme
1361 3450 1377 3475 ‚
1418 3414 1544 3463 trad.
1589 3413 1673 3461 dal
1705 3414 1921 3479 francese
1942 3450 1955 3474 ‚
1998 3409 2228 3459 arricluito

1222 3497 1276 3544 di
1290 3504 1398 3544 note
1417 3514 1443 3545 e
1462 3495 1517 3544 di
1528 3513 1598 3544 aa
1611 3496 1820 3563 append.
1835 3495 1892 3544 di
1903 3493 2201 3542 naonumemi
2209 3525 2225 3551 ,

1223 3577 1450 3643 Aletopoli
1486 3575 1643 3644 17883
1664 3578 1789 3645 quod
1820 3593 1931 3642 opus
1962 3575 2040 3624 Fr.
2057 3573 2231 3622 Xaver.

1225 3661 1374 3712 Feller
1406 3672 1639 3712 auctorem
1673 3661 1827 3712 habet.
1861 3658 1956 3707 cfr.
1986 3659 2232 3724 praesertim
