2514 4218
495 243 653 285 nar.
709 246 748 281 1.
796 243 917 281 cu.
962 242 1047 280 111.
1097 244 1166 280 nn
1208 238 1478 280 noctus-113
1522 237 1697 275 Horis.
2043 212 2154 272 141

54 394 170 453 huc
219 397 551 474 perseveret
575 387 730 445 inter
766 397 854 444 tot
890 383 1312 445 vicissitudines
1341 384 1461 444 sive
1491 380 1781 459 religiosas
1821 380 1943 440 sive
1970 379 2158 461 politi-

55 510 147 547 cas
169 532 185 560 ,
225 504 365 566 quas
403 483 633 563 Europa
660 481 929 541 universa
964 478 1140 538 subiit
1160 523 1176 551 .,
1214 490 1274 537 et
1297 480 1374 536 ita
1397 485 1761 560 perseverat,
1792 485 1856 532 ut
1887 475 1950 531 in
1977 474 2157 556 pleno

56 584 247 660 vigore
278 576 552 638 subsistat
587 577 695 654 (1).
735 575 891 634 Adeo
926 575 1092 632 firma
1137 583 1225 631 est
1261 571 1362 630 illa
1406 582 1570 652 petra
1623 589 1798 651 quam
1851 589 2158 649 nunquam

56 675 320 736 vicerunt
351 670 612 753 superbae
638 670 957 730 inferorum
982 665 1192 747 portae!
1236 667 1390 738 Quot
1421 676 1620 724 tamen
1654 665 1908 745 impetus
1947 684 2012 722 ea
2040 661 2159 722 su‘s—

55 769 242 827 tinere
273 789 393 825 non
430 765 668 839 debuit,
710 763 808 824 ille
853 761 1038 821 solum
1066 760 1328 838 ignorat,
1375 761 1476 840 qui
1515 760 1726 842 hospes
1767 757 1941 841 plane
1985 758 2062 816 sit
2096 758 2160 816 in

48 862 382 922 christianae
430 860 740 939 Religionis
785 855 1067 926 histor-iaz,
1120 864 1382 911 attamen
1421 854 1612 912 insani
1642 852 1900 913 ‘conatus
1952 853 2162 936 splen-

55 955 307 1015 didiores
343 954 661 1014 effecerunt
689 948 969 1031 ejusmodi
997 946 1327 1028 triumphos
1346 991 1362 1020 .,
1401 947 1687 1028 siquidem
1710 949 2000 1008 incassum
2025 971 2161 1008 om-
2198 991 2202 995 ·
2225 982 2228 985 Δ

54 1072 157 1110 nes
194 1049 279 1109 illi
305 1050 558 1130 impetus
584 1055 878 1107 cesserunt
901 1049 931 1118 a*
949 1054 1010 1103 et
1043 1044 1206 1101 mille
1232 1043 1425 1123 clypei
1446 1042 1705 1122 pendent
1731 1065 1803 1102 ea·
1834 1065 1903 1102 ea
1916 1087 1940 1117 ,
1969 1048 2165 1104 omnis

51 1156 377 1204 armatura
397 1148 658 1223 fortium
692 1140 800 1221 (2).

134 1238 276 1297 239.
331 1241 467 1311 Quae
488 1257 618 1295 cum
639 1234 718 1292 ita
741 1255 801 1293 se
823 1231 1080 1292 habeant
1094 1278 1112 1308 ,
1147 1233 1358 1293 merito
1383 1232 1780 1293 concludimus
1796 1279 1814 1311 ,
1840 1236 2164 1296 Romanam

56 1334 364 1393 Ecclesiam
391 1331 502 1390 illis
526 1329 742 1409 fulgere
778 1329 934 1387 notis
961 1374 976 1402 ‚
1016 1327 1226 1410 quibus
1268 1349 1404 1389 vera
1438 1328 1652 1387 Christi
1677 1329 1922 1390 Ecclesia
1949 1353 1982 1390 a
2006 1331 2164 1393 falsis

55 1428 366 1489 internosci
422 1423 597 1484 debet
617 1470 631 1498 ,
684 1445 930 1506 eamque
981 1435 1291 1506 propterea
1338 1444 1538 1483 veram
1587 1444 1709 1483 esse
1763 1423 2072 1486 Ecclesiam
2132 1449 2165 1487 a

57 1522 286 1582 Christo
322 1520 568 1580 Domino
595 1519 894 1581 Salvatore
922 1530 1124 1582 nostro
1158 1519 1510 1578 institutam.

55 1686 506 1746 Proedicmrum
551 1696 839 1744 notarum
882 1685 1140 1763 defectus
1183 1689 1250 1742 in
1277 1685 1559 1742 omnibus
1586 1684 1989 1760 societatibus,
2031 1705 2164 1765 quoe
2201 1714 2205 1719 ¹

398 1801 517 1839 non
558 1782 1015 1839 communicant
1039 1800 1179 1838 cum
1220 1780 1491 1838 Ecclesia
1516 1779 1821 1839 Romana.

119 1948 279 2020 240.
303 1949 403 2009 Ut
448 1948 796 2031 compendio
834 1959 1106 2019 utamur,
1151 1945 1227 2004 ad
1266 1946 1698 2005 ostendendum
1726 1945 1901 2005 nullis
1931 1967 2168 2029 prorsus

58 2043 423 2103 societatibus
487 2043 560 2102 ab
620 2043 866 2103 Ecclesia
932 2063 1170 2102 romana
1230 2040 1430 2101 divisis
1479 2051 1809 2123 competere
1869 2053 1970 2100 aut
2013 2063 2170 2103 com-

58 2149 256 2218 petere
290 2160 458 2220 posse
488 2138 801 2199 recensitas
829 2149 997 2198 notas
1021 2183 1037 2212 ‚
1071 2158 1138 2197 ea
1171 2135 1503 2217 urgebimus
1535 2147 1901 2216 argumenta,
1929 2158 2059 2219 quae
2100 2137 2169 2196 iis

58 2232 329 2291 omnibus
349 2234 680 2293 communia
718 2235 852 2292 sint.
2031 2239 2041 2245 ’

140 2326 281 2385 241.
332 2328 409 2386 Ac
447 2329 509 2384 1⁰
545 2329 868 2386 communis
911 2338 1000 2386 est
1029 2324 1300 2385 omnibus
1333 2326 1421 2384 his
1455 2325 1701 2386 coetibus
1739 2325 1997 2385 defectus
2032 2328 2171 2387 uni-

58 2422 213 2480 tatis,
248 2422 480 2481 Etenim
505 2444 707 2482 omnes
738 2420 1030 2504 acephalae
1058 2431 1196 2479 sunt
1218 2465 1235 2496 ,
1268 2431 1327 2480 et
1377 2420 1627 2503 proinde
1655 2419 1913 2499 legitima
1943 2420 2044 2479 illa
2070 2443 2172 2480 au-

66 2516 332 2575 ctoritate
377 2529 515 2575 sunt
546 2518 874 2591 destitutae,
919 2537 1048 2598 quae
1078 2516 1431 2598 principium
1466 2527 1554 2575 est
1598 2516 1835 2574 unitatis
1862 2526 1991 2575 tum
2035 2515 2172 2576 fidei

56 2620 183 2668 tum
223 2612 663 2670 communionis,
720 2612 840 2670 Hac
873 2633 1049 2693 porro
1097 2610 1327 2670 sublata
1368 2611 1713 2670 auctoritate
1742 2655 1759 2684 ,
1809 2633 1932 2671 non
1980 2609 2170 2670 solum

60 2725 233 2763 omne
264 2704 597 2768 dissolvitur
634 2706 875 2764 unitatis
902 2705 1234 2780 vinculum,
1271 2705 1375 2765 sed
1407 2706 1731 2765 necessario
1774 2706 1960 2765 oritur
1998 2707 2168 2788 prin-

61 2799 274 2881 cipium
302 2800 655 2861 divisionum
691 2802 812 2862 sive
846 2801 980 2862 fidei
1031 2803 1154 2862 sive
1184 2802 1610 2861 communionis
1632 2847 1648 2878 a
1686 2823 1820 2861 cum
1848 2823 2024 2861 nemo
2052 2802 2128 2863 sit
2148 2846 2166 2877 ,

129 2990 197 3056 (1)
234 2991 262 3039 J
267 2994 412 3041 uverit
436 2992 513 3039 hic
546 2991 804 3041 describere
820 2991 958 3040 verba
976 3008 1077 3056 pro·
1156 3000 1409 3054 comment,
1419 2991 1596 3039 dansla
1611 2990 1981 3058 wictamorphoso
1994 2992 2171 3057 infinie

60 3076 266 3122 testantis
285 3075 319 3121 F
323 3075 412 3123 rid.
431 3073 604 3122 Hurtex·
624 3111 638 3133 ‚
660 3077 790 3139 juxta
819 3076 1075 3123 versionem
1159 3073 1241 3122 des
1264 3073 1424 3122 choses
1444 3073 1718 3135 homines,
1746 3072 1831 3122 ello
1858 3089 1889 3121 a
1903 3073 2031 3122 seule
2053 3090 2170 3123 con-

65 3151 270 3216 gallicam
287 3155 362 3204 Al.
391 3152 748 3214 saint-Chaon,
766 3154 892 3203 Paris
927 3152 1074 3216 1838,
1158 3160 1290 3204 serve
1312 3155 1707 3204 invariablement
1733 3154 1774 3203 le
1814 3157 1964 3205 meme
1993 3157 2168 3224 capric,

69 3235 120 3279 in
137 3231 192 3279 V
188 3235 258 3283 ica
274 3235 552 3285 Innocentii
564 3254 641 3301 111,
670 3237 758 3287 lib.
782 3254 797 3284 1
815 3270 832 3296 ‚
862 3254 961 3302 pag.
995 3233 1074 3302 76.
1159 3237 1479 3287 decons-nous
1494 3253 1617 3285 nous
1643 3241 1852 3296 otonmr,
1867 3239 1915 3286 si
1927 3238 2171 3304 beaucoup

71 3311 160 3360 Επ
192 3325 386 3380 portam
421 3335 507 3367 nos
541 3318 738 3383 reqards
761 3334 822 3366 on
862 3318 1045 3365 arriire
1061 3354 1075 3379 ‚
1161 3318 1415 3367 d’hommes
1448 3319 1494 3366 la
1528 3318 1780 3382 reqardont
1814 3336 1993 3368 commo
2022 3320 2066 3368 le
2094 3337 2170 3369 ro-

68 3393 263 3455 scribit,
290 3406 334 3445 ot
361 3415 421 3447 en
454 3408 601 3449 avant
633 3417 719 3448 sur
747 3399 796 3447 la
829 3401 954 3447 suite
991 3398 1076 3447 dos
1153 3400 1264 3449 cher
1288 3401 1402 3450 dont
1430 3401 1478 3450 Ia
1513 3402 1602 3450 tete
1629 3401 1870 3451 immobile
1902 3402 2062 3451 s’elcve
2083 3419 2171 3451 au-

67 3474 230 3524 oiccles
247 3512 260 3535 ‚
300 3493 359 3524 en
385 3491 557 3544 voyant
578 3490 813 3532 comment
844 3480 1073 3530 l’imtitu-
1154 3483 1316 3531 dessus
1331 3484 1412 3530 des
1425 3499 1599 3546 coques
1616 3485 1932 3549 muqissames
1949 3484 2017 3534 du
2032 3500 2171 3533 court

67 3558 170 3604 tion
195 3556 253 3604 de
278 3555 324 3606 Ia
342 3567 556 3624 papante
584 3570 616 3611 ὁ
645 3567 846 3613 εανυόσα
876 3563 907 3612 ὰ
926 3571 1075 3612 tontes
1156 3564 1236 3614 des
1271 3565 1484 3614 sieclesf'

66 3639 131 3687 les
147 3641 448 3688 institutions
463 3642 519 3690 dc
542 3643 776 3713 PEuropo
794 3683 809 3707 ‚
843 3653 1075 3700 comment
1224 3647 1292 3711 (2)
1329 3646 1508 3696 Cantic.
1540 3662 1585 3696 ιν
1606 3683 1619 3709 ,
1645 3644 1693 3710 4.

65 3719 147 3769 elle
174 3738 204 3769 a
234 3739 298 3769 vu
325 3723 481 3770 nostro
503 3732 547 3772 et
568 3727 703 3789 pho-ir
715 3735 820 3776 tous
847 3726 911 3776 les
936 3731 1071 3789 clais,
