2514 4218
245 197 370 258 23ss

874 217 1075 255 TRAGT.
1121 219 1192 256 lm
1237 219 1386 259 touls
1428 222 1806 266 THEOLOGICIS.

250 365 320 422 20
351 362 617 421 Christus
648 372 933 445 praeterea
973 381 1285 442 nunquam
1324 360 1586 442 alligavit
1614 367 1907 450 religionis
1941 392 2056 432 suae
2087 375 2398 435 essentiam

250 457 422 516 alicui
465 458 709 531 formae3
768 457 870 516 sed
915 476 1047 515 eam
1090 458 1261 518 unice
1300 461 1606 520 constituit
1641 462 1704 521 in
1749 486 1948 529 amore
1984 480 2044 530 et
2072 470 2394 542 charitate,

251 574 385 637 quae
420 553 747 614 dummodo
777 561 932 610 sarta
966 562 1117 612 tecta
1145 562 1418 614 teneatur
1439 601 1453 630 .,
1488 578 1874 642 quaecumque
1898 563 2142 625 demum
2169 567 2244 626 sit
2265 575 2402 628 ver-

250 648 468 709 borum
507 650 732 720 forma,
780 668 896 728 qua
941 650 1340 709 enuncientur
1377 651 1515 711 fidei
1565 652 1880 734 dogmata,
1911 661 2161 738 perinde
2199 674 2288 723 est
2327 663 2404 723 ad

252 747 551 829 religionis
600 742 995 804 substantiam
1027 745 1248 826 (1).30
1285 748 1457 822 Quod
1493 749 1538 807 si
1573 752 1916 811 exoriantur
1953 761 2399 836 controversiae,

253 842 648 902 transactione
676 840 864 901 veluti
900 841 1158 925 quadam
1197 846 1377 926 sopiri
1412 857 1664 928 possunt
1703 850 2006 909 communi
2048 854 2288 927 consilio
2325 855 2402 915 ad

250 959 453 1020 pacem
477 938 543 996 in
559 938 834 998 societate
859 938 1179 1000 fovendam
1208 951 1270 1000 et
1286 940 1489 1002 adhoc
1507 941 1660 1023 adigi
1677 932 2096 1006 dissentientes
2106 961 2357 1030 possunt
2381 998 2398 1028 .,

251 1034 521 1116 quamvis
548 1034 612 1093 in
638 1036 877 1120 propria
902 1036 1150 1096 interius
1193 1039 1485 1098 sententia
1522 1054 1915 1122 permaneant
1941 1043 2051 1125 (2).
2093 1044 2161 1105 4⁰
2188 1047 2404 1108 Contra

250 1153 395 1193 vero
429 1131 829 1214 perniciosum
862 1144 954 1193 est
979 1132 1092 1192 hoc
1122 1133 1558 1196 infallibilitatis
1594 1150 1846 1218 systema
1873 1164 1888 1214 ς
1918 1140 2043 1202 sive
2082 1142 2218 1224 quia
2245 1143 2407 1206 fovet

252 1228 638 1288 fanatismum
674 1251 740 1289 ac
771 1229 1215 1289 intolerantiam
1236 1277 1253 1302 ,
1301 1252 1430 1314 quae
1466 1255 1589 1292 non
1622 1234 1860 1296 aliunde
1898 1248 2194 1313 nata-est,
2225 1261 2404 1321 quam

252 1347 327 1385 ex
355 1326 659 1408 supposita
694 1325 983 1406 ejusmodi
1011 1329 1429 1409 praerogativag
1468 1329 1535 1387 5⁰
1560 1331 1683 1391 sive
1725 1335 1859 1414 quia
1901 1334 2063 1394 fovet
2098 1334 2405 1412 inertiam,

251 1434 314 1482 et
346 1423 641 1503 extinguit
675 1444 853 1483 omne
895 1423 1243 1505 proficiendi
1275 1425 1337 1483 in
1367 1426 1625 1486 scientiis
1661 1427 1955 1505 colendis7
1990 1431 2217 1511 exegesi
2252 1451 2406 1514 prae-

254 1520 461 1579 sertim
499 1519 712 1580 biblica
743 1520 1150 1604 promovenda
1175 1569 1189 1593 .,
1219 1521 1506 1582 studium.
1545 1524 1611 1582 6ο
1637 1526 1818 1584 Porro
1842 1526 2108 1585 studium
2146 1528 2406 1588 veritatis

255 1614 429 1674 altius
471 1615 825 1697 indagandae
870 1629 930 1678 et
967 1618 1182 1678 rectius
1223 1619 1680 1700 cognoscendae,
1714 1620 1874 1704 quod
1905 1624 2204 1705 Scriptura
2247 1645 2405 1700 sacra

256 1711 427 1773 valde
455 1713 834 1774 commendat
863 1716 1059 1794 (Joan
1087 1716 1165 1789 V,
1195 1713 1304 1790 393
1354 1717 1483 1775 VIII
1513 1760 1529 1792 ,
1562 1717 1680 1792 22ς
1726 1717 1792 1794 1,
1830 1718 2003 1777 Joan.
2044 1720 2119 1776 IV
2142 1766 2157 1795 7
2189 1721 2247 1796 13
2282 1718 2408 1779 lad

257 1809 393 1870 Cor.
437 1811 527 1885 X,
562 1810 674 1885 153
713 1809 844 1891 I‘ffiad
882 1811 1084 1871 Thess·
1125 1813 1206 1888 V,
1243 1812 1320 1871 21
1366 1814 1420 1892 ),
1463 1835 1492 1871 a
1534 1816 1655 1873 Deo
1699 1814 1827 1894 ipso
1866 1815 2052 1875 menti
2085 1814 2362 1875 humanae
2387 1860 2403 1891 .,

328 2087 400 2157 (l)
437 2088 551 2137 Tale
566 2098 634 2137 est
650 2098 844 2155 systema
874 2088 1002 2153 quod
1025 2088 1151 2152 apud
1187 2088 1293 2152 plu·
1378 2100 1525 2148 snas,
1565 2107 1701 2155 opera
1735 2109 1789 2140 ac
1823 2093 1961 2140 verba
2007 2093 2136 2141 ducit
2177 2109 2231 2140 ac
2265 2094 2407 2157 regit;

260 2193 332 2224 res
362 2184 664 2240 protestantes
694 2174 835 2222 modo
862 2183 1111 2239 grassatur.
1141 2172 1291 2223 Purus

263 2276 395 2307 amor
427 2276 531 2323 erga
562 2257 716 2305 Deum
740 2294 753 2316 .,
776 2256 915 2304 aiunt
941 2260 1028 2322 ipsi
1052 2294 1065 2314 ‚
1103 2258 1151 2303 in
1177 2274 1290 2320 ope-

263 2344 442 2389 ratione
466 2342 613 2388 activa
638 2350 704 2388 est
735 2342 873 2387 unica
903 2339 1084 2402 religio,
1116 2338 1292 2388 Eadem

263 2426 439 2472 ratione
465 2460 480 2486 ,
526 2440 617 2488 qua
658 2440 755 2469 non
799 2430 868 2470 est
898 2423 987 2469 nisi
1014 2439 1136 2468 unus
1166 2420 1293 2469 Deus

262 2510 312 2555 in
334 2508 563 2554 immenso
603 2505 694 2553 hoc
728 2507 951 2553 universo
977 2541 991 2565 ‚
1027 2505 1090 2552 ita
1127 2504 1291 2570 religio

263 2592 424 2642 eadem
472 2591 646 2656 ubique
694 2607 789 2638 esse
835 2590 974 2639 debet
993 2624 1009 2650 ,
1063 2592 1291 2655 quoniam

264 2692 373 2723 vero
399 2673 528 2722 Deus
546 2683 613 2720 est
638 2690 780 2737 purus
800 2672 1116 2720 substantialis
1140 2688 1289 2731 amor,

263 2757 427 2824 religio
466 2758 635 2823 pariter
673 2772 803 2804 amor
842 2772 940 2803 esse
989 2754 1156 2814 debet,
1197 2772 1293 2801 non

266 2844 416 2890 solum
437 2843 487 2889 in
504 2846 644 2897 terra,
667 2839 803 2888 sedet
820 2841 867 2886 in
891 2838 1023 2886 coelo.
1046 2837 1097 2884 ln
1113 2838 1292 2885 mundo

268 2925 434 2972 actuali
468 2941 600 2973 amor
631 2940 776 2988 purus
808 2939 914 2988 erga
949 2919 1104 2970 Deum
1140 2921 1292 2969 officia

269 3012 425 3056 omnia
444 3009 665 3074 producit
694 3009 876 3073 pietatis
893 3041 907 3067 ,
930 3019 1025 3055 tam
1053 3009 1103 3054 in
1133 3006 1291 3054 divina

272 3091 509 3140 voluntate
556 3091 766 3141 facienda
804 3129 817 3148 ‚
861 3107 1002 3156 quam
1056 3090 1105 3135 in
1147 3090 1292 3137 animi

272 3174 638 3222 conformatione
680 3174 736 3223 ad
768 3175 954 3238 ipsam3
1000 3174 1110 3219 item
1149 3189 1291 3236 purus

273 3273 402 3303 amor
431 3274 536 3320 erga
565 3275 635 3304 res
665 3267 835 3306 creatas
881 3253 1085 3321 cujusvis
1116 3254 1294 3302 ordinis

273 3348 320 3387 et
345 3338 514 3404 gradus
545 3339 695 3387 officia
720 3342 823 3388 vitae
849 3340 1099 3404 respectiva
1142 3355 1196 3384 ac
1222 3355 1296 3385 so-

274 3421 412 3470 cialia
447 3422 615 3488 gignit.
648 3421 757 3470 Haec
778 3433 843 3470 est
872 3421 996 3470 basis
1026 3437 1080 3468 ac
1125 3420 1296 3469 funda-

276 3515 487 3554 mentum
517 3503 688 3552 ethices
718 3506 992 3571 evangelicae
1024 3506 1073 3551 in
1110 3505 1225 3550 mira
1246 3521 1300 3551 ac

279 3590 404 3637 varia
440 3585 789 3653 pulchritudine
816 3599 861 3637 et
901 3587 1169 3637 excellentia
1198 3603 1299 3634 sua.

277 3670 435 3721 Semel
448 3687 503 3720 ac
525 3669 808 3736 peramabile
829 3671 918 3720 hoc
946 3671 1230 3737 principium
1251 3671 1301 3718 in

1378 2176 1413 2221 si
1434 2191 1540 2222 vero
1558 2175 1796 2236 defecerit,
1818 2192 1913 2222 non
1931 2186 2135 2240 superest
2150 2177 2239 2223 nisi
2258 2192 2408 2223 unum

1380 2275 1588 2317 nornen,
1633 2275 1746 2322 pura
1783 2268 1893 2323 puta
1945 2259 2091 2306 forma
2127 2268 2171 2306 et
2214 2261 2408 2307 exterior

1381 2340 1603 2403 professio
1634 2356 1650 2388 ε
1683 2342 1769 2406 qui
1802 2341 1996 2406 quidem
2018 2351 2162 2389 status
2189 2351 2253 2389 est
2275 2351 2407 2390 tene-

1381 2421 1573 2470 brarum
1602 2460 1614 2481 ‚
1649 2426 1822 2488 peccati
1853 2441 1907 2471 ac
1941 2425 2119 2472 mortis.
2143 2423 2307 2471 Forma
2337 2440 2408 2471 as-

1382 2506 1576 2554 similari
1597 2516 1747 2570 potest
1768 2507 1949 2571 corpori
1966 2505 2173 2553 humano
2198 2504 2405 2567 pulchri-

1382 2588 1546 2636 tudine
1573 2589 1796 2652 praedit03
1826 2588 1907 2636 sed
1938 2604 2068 2634 amor
2098 2589 2148 2634 in
2174 2585 2324 2634 Deum
2341 2597 2408 2635 est

1382 2672 1558 2728 anima,
1572 2687 1675 2736 quae
1690 2678 1840 2719 totum
1859 2670 2098 2718 informat.
2113 2668 2274 2731 Dolor,
2291 2670 2408 2720 fides

1382 2763 1427 2800 et
1476 2754 1618 2800 oratio
1653 2752 1851 2801 totidem
1898 2754 2050 2801 media
2095 2764 2261 2802 sunta
2309 2752 2407 2802 Deo

1381 2834 1523 2883 electa
1542 2836 1599 2883 ad
1630 2836 1976 2900 perducendam
2007 2839 2215 2885 animam
2235 2838 2283 2884 in
2314 2841 2408 2884 sta-

1383 2928 1484 2965 tum
1499 2919 1788 2982 religiosum3
1810 2930 1875 2966 ast
1889 2937 2020 2967 amor
2040 2930 2104 2969 est
2122 2919 2247 2979 finiS,
2264 2935 2407 2984 quem

1381 3001 1516 3048 nobis
1547 3018 1807 3066 proponere
1845 3002 2071 3050 debemus
2109 3004 2161 3048 in
2193 3004 2407 3050 exercitio

1381 3085 1576 3132 istorum
1626 3083 1918 3151 aliorumque
1958 3084 2190 3150 ejusmodi
2229 3083 2408 3132 officio·

1382 3185 1507 3215 rum.
1543 3167 1624 3216 Ille
1654 3167 1835 3232 sapiens
1867 3176 1962 3225 est,
1996 3169 2078 3231 qui
2109 3184 2352 3232 nunquam
2379 3183 2406 3215 a

1382 3249 1476 3299 fine
1519 3253 1570 3298 in
1614 3266 1702 3298 usu
1750 3248 2010 3296 mediorum
2047 3251 2406 3297 necessariorum

1383 3336 1597 3397 aberrat,
1626 3344 1713 3383 etc.

1454 3418 1520 3482 (2)
1571 3418 1642 3466 Ita
1684 3416 1967 3466 Boehmerus
2000 3453 2014 3475 ‚
2064 3433 2116 3464 ex
2173 3415 2402 3464 sententia

1387 3502 1740 3568 protestantium
1773 3536 1786 3559 ‚
1836 3501 1886 3547 in
1921 3500 2045 3548 Iure
2092 3496 2405 3547 ecclesiastico

1383 3590 1667 3651 protestant.
1691 3581 1817 3631 Halae
1850 3579 2009 3649 1714,
2041 3592 2159 3630 tom.
2184 3597 2201 3628 1
2218 3617 2232 3640 ‚
2258 3580 2342 3628 lib.
2369 3596 2405 3637 ι,

1392 3670 1462 3718 tit.
1498 3684 1512 3715 ι
1546 3705 1558 3726 ,
1606 3665 1685 3714 De
1721 3682 1912 3714 summa
1962 3664 2209 3713 Trinitate
2243 3670 2287 3709 ec
2315 3661 2411 3725 fide

281 3755 437 3829 animo
471 3753 647 3803 radices
680 3755 850 3819 egerit,
889 3753 1188 3803 habitudines
1214 3771 1303 3803 no·
1387 3750 1650 3813 catholica,
1687 3748 1714 3815 3
1744 3747 1822 3800 16.
