2514 4218
235 184 357 242 222
838 196 1031 239 TnAc‘r.
1078 199 1146 236 nn
1189 197 1339 236 mols
1383 202 1760 244 mmmmms.

234 349 480 431 gratiam
525 345 702 405 aliam
739 367 861 404 non
894 340 1071 401 inibit
1111 341 1268 401 viam
1311 342 1387 402 ad
1423 346 1710 423 ejusmodi
1753 352 2023 414 homines
2073 353 2147 414 ab
2195 357 2370 416 exitio

231 443 610 506 revocandos,

317 540 457 600 341.
488 540 574 600 Ad
598 540 707 612 ΞΜ,
735 534 886 614 Neq.
926 534 1054 606 Quo
1082 545 1279 595 autem
1306 556 1482 595 sensu
1509 539 1666 597 Deus
1689 546 2046 624 promiserit,
2080 559 2370 608 aeternum

232 638 356 698 fore
380 636 663 721 populum
684 629 1050 706 hebraicum,
1077 653 1197 689 non
1216 654 1333 690 uno
1353 636 1413 691 in
1438 632 1565 693 loco
1587 636 1713 717 ipse
1735 641 2031 719 patefecit,
2063 645 2185 706 sive
2211 667 2368 721 cum7

232 737 404 794 Deut.
443 727 964 810 xxlvspraedixit
986 772 1001 801 ,
1040 748 1177 787 eum
1210 728 1541 811 dispersum
1576 732 1647 790 iri
1678 755 1786 814 per
1818 732 2127 798 universas
2160 742 2371 800 mundi

230 830 465 913 plagas;
505 827 626 884 sive
662 846 833 898 cum,
883 826 1036 882 Dan.
1081 827 1190 901 IX,
1229 830 1350 904 ejus
1398 831 1829 908 praenunciavit
1861 834 2270 910 rejectionem,
2312 850 2373 898 et

232 925 369 985 alibi
392 922 627 1005 passim.
656 923 771 980 Lex
796 921 921 1002 ipsa
945 921 1192 980 mosaica
1222 933 1429 1003 utpote
1456 926 1648 1007 typica
1678 927 1940 987 futuram
1969 931 2227 1007 ejusdem
2255 933 2370 994 foe-

228 1020 382 1080 deris
406 1041 469 1078 ac
502 1017 750 1101 proinde
775 1016 975 1099 populi
999 1018 1387 1078 cessationem
1416 1043 1539 1079 non
1575 1021 1819 1083 obscure
1846 1025 2165 1086 indicabat.
2204 1029 2369 1088 Nihil

230 1140 405 1202 porro
429 1116 545 1176 tale
568 1116 820 1176 occurrit
842 1116 906 1174 in
931 1114 1143 1174 Christi
1162 1118 1643 1198 promissionibus
1667 1135 1939 1204 respectu
1966 1125 2227 1185 Ecclesiae
2251 1148 2372 1187 suae

228 1227 516 1300 perpetuo
555 1233 881 1289 mansurae3
922 1214 1044 1273 imo
1082 1214 1273 1273 omnis
1304 1215 1572 1277 'conditio
1616 1217 1690 1276 ab
1733 1220 1850 1279 illis
1883 1222 2369 1303 promissionibus

230 1324 433 1395 aperte
470 1310 819 1372 excluditur.

313 1409 455 1470 342.
509 1408 595 1468 Ad
637 1408 717 1467 3¹1²
749 1417 809 1466 et
838 1405 966 1482 411¹.
999 1408 1161 1466 Dist.
1198 1408 1255 1467 Si
1300 1410 1715 1491 promissiones
1752 1413 1870 1471 sint
1914 1415 2329 1476 conditionatae
2353 1461 2370 1487 ,

229 1529 431 1573 conc.;
460 1505 507 1564 si
547 1504 666 1562 sint
703 1501 981 1562 absolutae
1000 1548 1018 1579 ,
1064 1526 1192 1584 neq.
1220 1505 1276 1563 Si
1304 1506 1463 1563 enim
1502 1506 1611 1565 Dei
1640 1509 2058 1590 promissiones
2089 1510 2370 1572 absolutae

230 1604 482 1678 fuerint,
513 1622 821 1683 nunquam
847 1601 969 1659 fieri
994 1611 1187 1681 potest
1207 1647 1222 1675 ,
1254 1612 1321 1659 ut
1347 1602 1619 1662 effectum
1646 1626 1816 1663 suum
1847 1629 1970 1665 non
2003 1609 2325 1668 sortiantur
2350 1630 2365 1667 t

230 1700 521 1783 siquidem
561 1699 671 1781 ipsi
702 1697 807 1757 Dei
837 1696 1106 1756 fidelitati
1136 1709 1195 1756 et
1219 1699 1522 1758 veracitati
1558 1700 1918 1761 innituntur.
1967 1703 2372 1764 Inobedientia

230 1796 482 1882 proinde
520 1817 588 1855 ac
627 1794 885 1854 defectus
919 1795 1345 1875 cooperationis
1390 1797 1705 1878 provenire
1744 1799 1984 1880 quidem
2014 1813 2262 1883 possunt
2299 1823 2371 1861 ex

229 1907 398 1980 parte
419 1891 899 1966 individuorum,
932 1892 1021 1949 uti
1062 1891 1253 1972 reipsa
1284 1891 1348 1950 in
1392 1892 1724 1953 acatholicis
1751 1896 2029 1976 contigit,
2060 1918 2372 1978 nunquam

230 2014 371 2056 vero
388 2013 460 2051 ex
483 2000 645 2072 parte
670 1988 851 2070 ipsius
877 1986 1140 2046 Ecclesiae
1161 2033 1177 2059 ,
1206 1988 1339 2069 quia
1363 1999 1505 2047 tunc
1531 1991 1687 2048 Deus
1717 1992 1834 2050 suis
1860 1994 2161 2074 promissis
2191 1994 2369 2075 plane

230 2089 479 2148 deesset.
510 2088 713 2166 Neque
737 2095 938 2143 tamen
978 2082 1052 2142 ad
1078 2082 1188 2142 hoc
1214 2083 1511 2144 miraculis
1544 2108 1690 2168 opus
1715 2098 1804 2147 est
1823 2133 1838 2162 ,
1874 2109 2009 2146 cum
2043 2091 2198 2147 Deus
2229 2089 2373 2147 sub—

232 2184 380 2243 sidio
416 2194 476 2242 et
508 2179 879 2264 providentia
913 2201 1015 2238 sua
1053 2180 1251 2239 omnia
1287 2182 1468 2262 possit
1501 2180 1736 2241 ‘fortiter
1761 2185 2136 2266 suaviterque
2168 2184 2246 2244 sic
2278 2196 2372 2245 at-

230 2283 456 2361 tingere
485 2292 660 2359 atque
689 2275 1032 2357 disponere,
1066 2287 1133 2334 ut
1168 2277 1350 2335 finem
1380 2299 1552 2336 suum
1591 2278 2050 2339 cumulatissime
2079 2279 2365 2341 obtineat.

312 2375 455 2436 343.
510 2375 595 2433 Ad
636 2372 755 2447 5¹11,
783 2372 936 2452 Ney.
981 2371 1154 2431 Aliud
1182 2395 1359 2455 porro
1391 2386 1479 2434 est
1515 2375 1810 2436 inculcare
1844 2378 2137 2437 unitatem
2173 2379 2371 2460 perfe-

229 2486 382 2535 ctam
402 2517 419 2546 ,
457 2493 587 2553 quae
615 2470 678 2528 in
709 2480 913 2527 mutua
940 2464 1224 2529 charitate
1263 2470 1419 2530 inter
1451 2472 1675 2552 singula
1703 2473 1968 2534 Ecclesiae
2000 2475 2267 2534 membra
2309 2486 2369 2534 et

230 2591 429 2632 amore
454 2568 748 2639 consistit,
791 2587 1039 2647 eamque
1078 2566 1495 2627 commendare
1515 2613 1531 2642 ,
1572 2568 1734 2628 aliud
1767 2580 1965 2628 autem
1995 2570 2057 2627 in
2083 2569 2369 2647 ejusmodi

229 2668 458 2728 unitate
498 2662 758 2724 Ecclesiae
793 2661 1368 2722 indefectibilitatem
1395 2665 1768 2724 constituere.
1801 2665 1966 2724 Prius
1997 2666 2366 2728 verissimum

230 2776 346 2838 est,
365 2763 655 2846 posterius
677 2779 818 2819 vero
836 2758 1079 2816 omnino
1104 2757 1337 2817 falsum.
1369 2759 1710 2837 Cujusmodi
1737 2760 1811 2819 sit
1836 2761 2051 2837 unitaS,
2076 2774 2366 2844 quatenus

232 2861 560 2943 proprietas
596 2854 859 2916 Ecclesiae
889 2865 979 2913 est
1005 2875 1070 2912 ac
1099 2854 1349 2935 proinde
1391 2865 1564 2932 nota,
1608 2856 1670 2914 in
1713 2857 1996 2940 superiori
2039 2859 2227 2940 capite
2262 2880 2366 2918 ex-

232 2958 554 3040 posuimus,
584 2957 785 3035 Itaque
808 2951 1001 3010 unitas
1027 2950 1313 3029 cordium,
1338 2973 1465 3034 quae
1485 2974 1557 3012 ex
1581 2952 1865 3014 charitate
1896 2954 2159 3038 profluit,
2188 2976 2221 3012 a
2247 2954 2365 3013 sin—

234 3052 381 3133 gulis
401 3050 720 3111 individuis
744 3047 996 3131 pendet,
1023 3048 1123 3130 qui
1152 3061 1401 3130 possunt
1421 3048 1493 3107 ab
1521 3071 1585 3109 ea
1610 3049 1924 3110 desciscere
1949 3055 2117 3128 juxta
2146 3049 2366 3110 Christi

233 3148 671 3232 praedictionem
702 3169 717 3207 t
749 3146 996 3208 Necesse
1024 3156 1108 3203 est
1129 3157 1198 3203 ut
1217 3151 1468 3205 veniant
1490 3147 1779 3206 scandala
1794 3166 1815 3215 ‚·
1846 3157 2255 3205 verumtamen
2278 3168 2365 3205 2·oe

235 3247 472 3306 homini
494 3249 611 3317 illi,
635 3267 754 3324 per
778 3264 950 3324 quem
978 3243 1340 3302 scandalum
1369 3244 1656 3323 venicss).
1681 3245 1786 3303 Cui
1813 3256 2092 3302 consonat
2123 3246 2364 3326 Aposto—

234 3342 350 3417 lus,
369 3341 595 3400 dicens:
625 3346 863 3422 Oportet
888 3340 1129 3400 hoereses
1151 3361 1268 3399 esse
1291 3338 1400 3421 (2),
1424 3340 1486 3399 id
1508 3351 1620 3414 est,
1646 3338 1958 3399 divisiones
1982 3351 2041 3399 et
2063 3340 2362 3415 scissuraS‚

236 3459 365 3521 quae
398 3459 471 3497 ex
505 3437 737 3496 infirma
774 3437 1085 3496 hominum
1124 3447 1335 3497 natura
1367 3436 1693 3495 dimanant.
1728 3436 1788 3494 Si
1820 3436 1981 3495 enim
2012 3436 2275 3497 Christus
2299 3437 2366 3495 in

236 3533 522 3613 ejusmodi
561 3532 814 3616 perfecta
854 3533 1186 3594 animorum
1224 3533 1633 3612 conjunctione
1672 3533 2068 3593 constituisset
2096 3533 2361 3592 Ecclesiae

308 3738 374 3801 (1)
418 3737 583 3786 matth.
618 3752 757 3797 xvm,
792 3751 842 3801 7.
1390 3736 1456 3799 (2)
1495 3735 1518 3783 Ι
1554 3738 1661 3784 Gor.
1694 3751 1761 3797 xi,
1806 3753 1880 3804 ¹9·
