2514 4218
229 157 355 219 252
842 175 1048 215 ruer.
1097 175 1163 212 »Β
1207 172 1357 214 Locis
1401 174 1779 221 rnnotomms·

237 346 368 386 eam
389 344 514 383 non
538 320 813 382 habuisse
834 317 1247 404 promissiones
1263 361 1279 392 ,
1309 337 1452 399 quas
1477 317 1738 382 Christus
1769 323 1904 384 fecit
1929 322 2196 385 Ecclesiae
2219 346 2355 387 suae.

237 420 379 496 Illa,
419 431 485 478 ut
523 418 663 479 alibi
691 415 1101 478 adnotavimus
1124 458 1140 488 ⁷
1177 413 1454 494 peculiari
1495 415 1701 475 ordine
1736 419 2151 499 providentiali
2181 443 2211 480 a
2238 423 2362 482 Deo

234 516 546 595 regebatur
578 538 685 598 per
723 513 932 600 seriem
975 509 1405 591 Prophetarum
1444 510 1670 594 aliaque
1710 513 2062 577 adminicula
2094 530 2362 578 extraor-

237 611 499 687 dinaria,
539 612 783 690 ideoque
818 610 971 666 Deus
1008 606 1201 666 nullas
1239 607 1291 667 ei
1327 607 1465 667 fecit
1512 606 1956 689 pollicitationes
1998 614 2106 692 (1).
2143 613 2361 673 Contra

236 730 376 772 vero
409 708 634 768 diversa
672 703 918 762 omnino
947 703 1176 763 ratione
1212 702 1396 764 voluit
1428 702 1690 763 Christus
1719 704 2028 766 instituere
2064 729 2130 767 ac
2164 730 2364 789 regere

235 803 545 863 Ecclesiam
582 821 617 858 -a
655 821 715 858 se
749 799 1119 875 institutam,
1159 799 1221 858 id
1255 810 1376 875 est⁷
1409 821 1516 882 per
1556 799 1943 859 hierarchiam
1984 800 2093 860 sub
2128 805 2317 886 capite
2344 851 2361 880 ,

238 897 393 980 quod
428 896 480 956 ei
513 895 786 978 praefecit.
822 897 1070 973 Verum,
1100 897 1333 956 etiamsi
1361 896 1807 956 admitteremus
1819 942 1836 972 ,
1875 897 2192 957 nonnullas
2223 921 2364 981 pro-

234 992 536 1052 missiones
571 992 757 1053 veteri
791 1012 1092 1072 synagogae
1119 992 1296 1051 factas
1326 1014 1356 1051 a
1394 995 1514 1052 Deo
1552 1015 1681 1053 esse
1706 1039 1722 1068 7
1766 992 1858 1052 hae
1888 1015 2009 1052 non
2046 993 2371 1076 protende-

234 1087 454 1147 bantur
495 1087 610 1147 nisi
636 1087 712 1147 ad
750 1088 1051 1148 Christum
1074 1108 1291 1170 usque,
1343 1087 1419 1149 ad
1452 1111 1630 1171 quem
1664 1089 1847 1151 veluti
1875 1089 2221 1171 paedagogus
2259 1113 2371 1173 po·

232 1182 443 1266 pulum
482 1184 804 1266 perducere
833 1182 1122 1262 debebat,
1156 1195 1335 1266 prout
1369 1185 1561 1267 reipsa
1599 1188 1720 1246 Deo
1746 1185 2077 1268 opitulante
2105 1185 2365 1268 perfecit.

237 1279 385 1339 Cum
428 1280 604 1362 igitur
654 1280 919 1340 Christus
952 1280 1231 1356 advenit,
1277 1281 1402 1363 ipsa
1442 1286 1568 1360 jam
1607 1282 1914 1364 perfuncta
1954 1292 2083 1341 erat
2125 1303 2373 1343 munere

235 1398 387 1451 suo;
434 1398 547 1459 qua
594 1377 666 1437 de
716 1398 882 1436 causa
935 1379 1212 1438 Servator
1259 1389 1458 1438 noster
1503 1377 1768 1440 divinam
1810 1379 2149 1438 missionem
2205 1400 2371 1437 suam

235 1472 528 1531 miraculis
565 1495 629 1532 ac
667 1473 951 1535 vaticiniis
995 1473 1422 1557 comprobavit.
1471 1474 1583 1548 Qui
1623 1476 1818 1555 gratiae
1854 1475 2064 1536 divinae
2107 1472 2367 1534 obsecuti

238 1579 409 1643 sunt,
443 1568 506 1626 in
529 1589 663 1628 eum
690 1570 1098 1646 crediderunt,
1138 1571 1316 1630 ceteri
1344 1572 1407 1628 in
1434 1569 1845 1630 incredulitate
1874 1579 2365 1654 permanserunt3

239 1663 319 1722 sic
342 1664 593 1747 populus
622 1664 720 1726 ille
759 1677 847 1725 tot
887 1666 1172 1726 scelerum
1198 1712 1214 1742 ,
1252 1665 1464 1750 quibus
1500 1689 1561 1727 se
1599 1668 2102 1728 contaminaverat
2125 1712 2141 1743 ,
2181 1666 2372 1726 idolo-

238 1760 422 1820 latriae
461 1765 790 1844 praesertim
829 1775 1006 1847 atque
1034 1765 1358 1847 frequentis
1396 1766 1694 1847 apostasiae
1720 1811 1735 1838 ‚
1775 1785 1982 1847 poenas
2022 1765 2150 1825 luit.
2182 1767 2374 1846 Atque

239 1856 351 1918 hac
385 1859 612 1920 ratione
651 1860 970 1943 adimpleta
1008 1873 1277 1922 veterum
1316 1860 1741 1942 Prophetarum
1776 1860 2004 1919 oracula
2045 1870 2182 1919 sunt
2207 1905 2223 1934 7
2272 1859 2373 1941 qui

239 1951 393 2013 hanc
421 1954 812 2016 defectionem
849 1978 915 2016 ae
952 1978 1195 2039 poenam
1232 1955 1422 2016 eidem
1466 1955 1684 2039 populo
1724 1957 2070 2017 comminati
2099 1957 2370 2031 fuerant,

241 2050 527 2131 totiesque
551 2052 954 2132 praedixerant
985 2054 1097 2134 (2).

326 2144 466 2204 382.
519 2146 606 2205 Ad
650 2149 773 2220 9¹1¹,
815 2151 958 2230 Neq.
1011 2148 1308 2231 Suppositi
1355 2148 1515 2209 enim
1544 2194 1561 2224 .,
1620 2149 1719 2231 qui
1767 2148 1862 2208 hic
1905 2148 1982 2208 ab
2028 2146 2373 2209 adversariis

242 2253 656 2321 recensentur,
694 2265 918 2305 errores
957 2244 1219 2305 Ecclesiae
1247 2244 1540 2304 catholicae
1579 2244 1829 2304 totidem
1874 2245 2151 2304 veritates
2201 2253 2372 2319 sunt,

242 2358 386 2418 quas
412 2339 628 2418 partim
659 2339 1117 2417 vindicavimus,
1159 2342 1375 2423 partim
1403 2339 1579 2423 paulo
1616 2351 1747 2423 post
1784 2339 2174 2400 adstruemUS.
2215 2336 2374 2398 Alio-

244 2433 387 2514 quin
413 2432 724 2494 Sabelliani
751 2436 876 2517 pari
899 2442 1032 2516 jure
1055 2438 1384 2519 potuissent
1417 2435 1682 2498 Ecclesiae
1719 2437 1951 2496 crimini
1988 2445 2216 2497 vertere
2245 2455 2375 2514 pro-

243 2528 554 2589 fessionem
586 2533 767 2590 trium
808 2533 1144 2593 divinarum
1186 2556 1571 2615 personarum
1602 2535 1665 2591 in
1704 2536 1863 2606 De0‚
1906 2531 2107 2591 Ariani
2145 2529 2373 2611 profes-

243 2625 468 2686 sionem
497 2628 1115 2690 consubstantialitatis
1137 2630 1306 2690 Verbi
1338 2652 1470 2689 cum
1493 2632 1663 2689 Patre
1683 2675 1699 2703 ‚
1739 2640 1795 2689 et
1818 2629 1899 2687 ita
1919 2649 2093 2709 porro
2122 2625 2377 2686 haeretici

243 2721 478 2805 reliqui.
524 2725 846 2785 Concilium
883 2726 1602 2808 Constantinopolitanum
1640 2727 1770 2785 VIII
1793 2771 1809 2800 ,
1841 2723 2000 2806 quod
2028 2722 2196 2783 nobis
2225 2722 2377 2801 obji-

246 2818 427 2893 citur,
463 2819 574 2879 fuit
603 2820 1053 2882 conciliabulum
1088 2822 1590 2882 schismaticorum
1632 2820 1743 2902 (3).
1778 2819 2140 2893 Dexconcilio
2185 2821 2372 2878 Fran·

249 2914 594 2977 cofordiensi
627 2918 766 2979 alias
791 2919 1125 3002 scripsimus
1150 2919 1263 3002 (4)
1302 2919 1393 2980 Sic
1423 2919 1604 2979 ctiam
1642 2917 1815 3000 paulo
1840 2929 1977 2978 ante
2016 2913 2373 2977 excussimus

321 3107 387 3172 (1)
414 3109 510 3159 Cfr.
534 3111 687 3161 Traet.
706 3110 777 3161 De
796 3109 1190 3177 verareli9.part.
1212 3129 1267 3173 11,
1355 3130 1407 3163 n.
1443 3109 1508 3160 23
1539 3122 1582 3160 et
1619 3128 1750 3176 seqq.
1790 3109 1969 3158 Exinde
2006 3110 2131 3157 enim
2166 3107 2373 3173 patebit,

250 3208 380 3256 prop.
405 3208 452 3251 1,
490 3211 540 3241 n.
573 3191 604 3241 8
639 3206 684 3243 et
711 3213 843 3262 seqq.
1354 3193 1473 3243 illud
1510 3212 1606 3242 non
1642 3194 1780 3241 fuisse
1814 3194 1904 3239 nisi
1953 3191 2205 3239 concilium
2244 3190 2378 3239 mali-

322 3275 386 3340 (2)
424 3276 520 3324 Csr.
586 3277 772 3328 Bossuct
791 3316 804 3340 ‚
873 3277 1132 3343 Conferen.
1192 3280 1270 3326 cit.
1355 3280 1596 3343 guantium
1620 3286 1664 3324 et
1685 3276 1936 3323 furentium
1959 3274 2377 3322 schismaticorum.

253 3374 363 3425 pag.
394 3358 493 3425 293
518 3369 562 3407 et
589 3378 742 3427 seqq„
773 3379 857 3411 nec
887 3379 982 3411 non
1002 3378 1101 3428 quae
1127 3363 1269 3426 scrip·
1425 3361 1493 3425 (Is)
1531 3360 1590 3408 In
1604 3368 1741 3408 tract.
1765 3355 1838 3407 De
1851 3355 2172 3406 cultaSanct.
2196 3373 2299 3422 cap.
2318 3354 2348 3404 5
2366 3390 2380 3414 ‚

253 3443 402 3490 simus
440 3444 491 3489 in
526 3447 662 3494 tract.
700 3442 770 3493 De
810 3441 1017 3494 Incarn.
1057 3454 1176 3510 part.
1210 3461 1226 3491 ι
1256 3479 1270 3504 ,
1356 3461 1407 3491 n.
1436 3441 1527 3506 140
1554 3454 1599 3490 et
1625 3459 1758 3507 seqq.
1788 3439 1888 3488 Csr.
1909 3440 2134 3497 Bossuet‚
2163 3437 2248 3487 Du
2263 3436 2384 3487 culte

256 3542 362 3590 cap.
403 3522 461 3585 3,
495 3542 628 3590 prop.
665 3543 700 3575 1.
1358 3523 1439 3572 des
1461 3524 1653 3588 imaqes.
1683 3523 1806 3589 Opp.
1834 3524 1949 3572 edit.
1982 3526 2063 3582 cit.
2094 3532 2206 3571 tom.
2233 3517 2382 3583 xxiii,

328 3606 396 3672 (3)
434 3607 505 3657 De
539 3608 629 3656 hoc
670 3609 978 3659 conciliabulo
1013 3611 1102 3659 cfr.
1135 3608 1275 3657 Baro·
1359 3623 1467 3673 pag.
1500 3604 1600 3673 259
1632 3617 1676 3656 et
1703 3624 1840 3673 seqq.
1873 3624 1960 3656 nec
1986 3624 2083 3654 non
2110 3605 2265 3655 Petav.
2305 3603 2388 3651 De

258 3690 399 3752 nius,
431 3707 538 3739 cum
577 3692 733 3740 critica
772 3690 895 3757 Pagii
932 3692 989 3741 ad
1029 3711 1107 3741 an.
1139 3688 1275 3753 814,
1371 3687 1624 3739 Incarnat.
1666 3708 1768 3756 cap.
1816 3691 1873 3740 13
1905 3701 1951 3740 et
1977 3708 2106 3756 seqq.
