<?xml version="1.0" encoding="UTF-8"?>
<!DOCTYPE html PUBLIC "-//W3C//DTD XHTML 1.0 Transitional//EN"
    "http://www.w3.org/TR/xhtml1/DTD/xhtml1-transitional.dtd">
<html xmlns="http://www.w3.org/1999/xhtml" xml:lang="en" lang="en">
 <head>
  <title>
</title>
<meta http-equiv="Content-Type" content="text/html;charset=utf-8" />
  <meta name='ocr-system' content='tesseract 3.04.00' />
  <meta name='ocr-capabilities' content='ocr_page ocr_carea ocr_par ocr_line ocrx_word'/>
</head>
<body>
  <div class='ocr_page' id='page_1' title='image "a603693808perruoft_0289.png"; bbox 0 0 2514 4218; ppageno 0'>
   <div class='ocr_carea' id='block_1_1' title="bbox 2078 200 2197 261">
    <p class='ocr_par' dir='ltr' id='par_1_1' title="bbox 2078 200 2197 261">
     <span class='ocr_line' id='line_1_1' title="bbox 2078 200 2197 261; baseline 0.017 -2"><span class='ocrx_word' id='word_1_1' title='bbox 2078 200 2197 261; x_wconf 84' lang='lat'><strong>277</strong></span> 
     </span>
    </p>
   </div>
   <div class='ocr_carea' id='block_1_2' title="bbox 502 218 1781 265">
    <p class='ocr_par' dir='ltr' id='par_1_2' title="bbox 502 218 1781 265">
     <span class='ocr_line' id='line_1_2' title="bbox 502 218 1781 265; baseline 0 -6"><span class='ocrx_word' id='word_1_2' title='bbox 502 221 662 265; x_wconf 49' lang='lat' dir='ltr'><strong>mma</strong></span> <span class='ocrx_word' id='word_1_3' title='bbox 706 221 750 256; x_wconf 89' lang='lat'><strong>1.</strong></span> <span class='ocrx_word' id='word_1_4' title='bbox 799 218 922 258; x_wconf 67' lang='lat' dir='ltr'><strong>cn.</strong></span> <span class='ocrx_word' id='word_1_5' title='bbox 975 220 1058 258; x_wconf 79' lang='lat' dir='ltr'><strong>IV·</strong></span> <span class='ocrx_word' id='word_1_6' title='bbox 1105 221 1173 257; x_wconf 77' lang='lat' dir='ltr'><strong>DE</strong></span> <span class='ocrx_word' id='word_1_7' title='bbox 1218 219 1486 261; x_wconf 62' lang='lat' dir='ltr'>EGGBESIAE</span> <span class='ocrx_word' id='word_1_8' title='bbox 1529 220 1781 259; x_wconf 72' lang='lat' dir='ltr'><strong>nonnus,</strong></span> 
     </span>
    </p>
   </div>
   <div class='ocr_carea' id='block_1_3' title="bbox 57 354 2205 2538">
    <p class='ocr_par' dir='ltr' id='par_1_3' title="bbox 57 354 2205 2538">
     <span class='ocr_line' id='line_1_3' title="bbox 167 354 2193 447; baseline -0 -20"><span class='ocrx_word' id='word_1_9' title='bbox 167 367 302 427; x_wconf 79' lang='lat'><strong>418.</strong></span> <span class='ocrx_word' id='word_1_10' title='bbox 349 365 554 446; x_wconf 87' lang='lat' dir='ltr'><strong>Reipsa</strong></span> <span class='ocrx_word' id='word_1_11' title='bbox 595 362 888 440; x_wconf 81' lang='lat' dir='ltr'><strong>ChristuS‚</strong></span> <span class='ocrx_word' id='word_1_12' title='bbox 921 363 1127 424; x_wconf 82' lang='lat' dir='ltr'><strong>Matth.</strong></span> <span class='ocrx_word' id='word_1_13' title='bbox 1161 354 1270 424; x_wconf 82' lang='lat' dir='ltr'><strong>ult.</strong></span> <span class='ocrx_word' id='word_1_14' title='bbox 1312 365 1391 424; x_wconf 87' lang='lat' dir='ltr'><strong>sic</strong></span> <span class='ocrx_word' id='word_1_15' title='bbox 1430 363 1731 447; x_wconf 78' lang='lat' dir='ltr'><strong>Apostolos</strong></span> <span class='ocrx_word' id='word_1_16' title='bbox 1762 386 1896 424; x_wconf 88' lang='lat' dir='ltr'><strong>suos</strong></span> <span class='ocrx_word' id='word_1_17' title='bbox 1935 365 2145 426; x_wconf 86' lang='lat' dir='ltr'><strong>affatur</strong></span> <span class='ocrx_word' id='word_1_18' title='bbox 2180 390 2193 425; x_wconf 89' lang='lat'><strong>:</strong></span> 
     </span>
     <span class='ocr_line' id='line_1_4' title="bbox 82 461 2202 543; baseline 0 -21"><span class='ocrx_word' id='word_1_19' title='bbox 82 465 248 522; x_wconf 85' lang='lat' dir='ltr'><strong>Data</strong></span> <span class='ocrx_word' id='word_1_20' title='bbox 280 471 368 520; x_wconf 76' lang='lat' dir='ltr'><strong>-eet</strong></span> <span class='ocrx_word' id='word_1_21' title='bbox 400 461 561 518; x_wconf 82' lang='lat' dir='ltr'><strong>mihi</strong></span> <span class='ocrx_word' id='word_1_22' title='bbox 591 465 786 519; x_wconf 78' lang='lat' dir='ltr'><strong>omnis</strong></span> <span class='ocrx_word' id='word_1_23' title='bbox 815 469 1072 539; x_wconf 67' lang='lat' dir='ltr'><strong>pote-stas</strong></span> <span class='ocrx_word' id='word_1_24' title='bbox 1103 463 1174 518; x_wconf 81' lang='lat' dir='ltr'><strong>in</strong></span> <span class='ocrx_word' id='word_1_25' title='bbox 1211 462 1348 519; x_wconf 82' lang='lat' dir='ltr'><strong>coelo</strong></span> <span class='ocrx_word' id='word_1_26' title='bbox 1381 471 1438 519; x_wconf 81' lang='lat' dir='ltr'><strong>et</strong></span> <span class='ocrx_word' id='word_1_27' title='bbox 1468 465 1538 519; x_wconf 80' lang='lat' dir='ltr'><strong>in</strong></span> <span class='ocrx_word' id='word_1_28' title='bbox 1578 471 1779 529; x_wconf 81' lang='lat' dir='ltr'><strong>terra‚·</strong></span> <span class='ocrx_word' id='word_1_29' title='bbox 1822 471 2026 520; x_wconf 74' lang='lat' dir='ltr'><strong>euntes</strong></span> <span class='ocrx_word' id='word_1_30' title='bbox 2068 484 2202 543; x_wconf 72' lang='lat' dir='ltr'><strong>erqo</strong></span> 
     </span>
     <span class='ocr_line' id='line_1_5' title="bbox 81 546 2202 637; baseline 0.001 -21"><span class='ocrx_word' id='word_1_31' title='bbox 81 559 265 617; x_wconf 86' lang='lat' dir='ltr'><strong>docete</strong></span> <span class='ocrx_word' id='word_1_32' title='bbox 302 577 501 615; x_wconf 79' lang='lat' dir='ltr'><strong>omnes</strong></span> <span class='ocrx_word' id='word_1_33' title='bbox 526 567 797 635; x_wconf 74' lang='lat' dir='ltr'><strong>yentee...</strong></span> <span class='ocrx_word' id='word_1_34' title='bbox 819 557 1080 614; x_wconf 73' lang='lat' dir='ltr'><strong>docentes</strong></span> <span class='ocrx_word' id='word_1_35' title='bbox 1124 575 1214 614; x_wconf 73' lang='lat' dir='ltr'><strong>eos</strong></span> <span class='ocrx_word' id='word_1_36' title='bbox 1253 577 1491 615; x_wconf 77' lang='lat' dir='ltr'><strong>servare</strong></span> <span class='ocrx_word' id='word_1_37' title='bbox 1531 560 1761 629; x_wconf 66' lang='lat' dir='ltr'><strong>omnia,</strong></span> <span class='ocrx_word' id='word_1_38' title='bbox 1804 546 2202 637; x_wconf 65' lang='lat' dir='ltr'><strong>quaecumque</strong></span> 
     </span>
     <span class='ocr_line' id='line_1_6' title="bbox 79 648 2201 731; baseline 0.001 -21"><span class='ocrx_word' id='word_1_39' title='bbox 79 653 374 710; x_wconf 75' lang='lat' dir='ltr'><em>mandavi</em></span> <span class='ocrx_word' id='word_1_40' title='bbox 400 653 563 710; x_wconf 78' lang='lat' dir='ltr'><strong>vohis</strong></span> <span class='ocrx_word' id='word_1_41' title='bbox 595 651 708 730; x_wconf 87' lang='grc'>(1).</span> <span class='ocrx_word' id='word_1_42' title='bbox 733 651 1034 711; x_wconf 85' lang='lat' dir='ltr'><strong>Divinitus</strong></span> <span class='ocrx_word' id='word_1_43' title='bbox 1052 648 1230 728; x_wconf 84' lang='lat' dir='ltr'><strong>igitur</strong></span> <span class='ocrx_word' id='word_1_44' title='bbox 1255 661 1462 709; x_wconf 88' lang='lat' dir='ltr'><strong>tenent</strong></span> <span class='ocrx_word' id='word_1_45' title='bbox 1487 650 1752 731; x_wconf 81' lang='lat' dir='ltr'><strong>Apostoli</strong></span> <span class='ocrx_word' id='word_1_46' title='bbox 1787 651 2201 712; x_wconf 87' lang='lat' dir='ltr'><strong>auctoritatem</strong></span> 
     </span>
     <span class='ocr_line' id='line_1_7' title="bbox 77 742 2199 828; baseline 0.001 -24"><span class='ocrx_word' id='word_1_47' title='bbox 77 744 149 805; x_wconf 92' lang='lat' dir='ltr'><strong>de</strong></span> <span class='ocrx_word' id='word_1_48' title='bbox 185 747 289 820; x_wconf 78' lang='lat' dir='ltr'><strong>iis7</strong></span> <span class='ocrx_word' id='word_1_49' title='bbox 327 768 456 828; x_wconf 85' lang='lat' dir='ltr'><strong>quae</strong></span> <span class='ocrx_word' id='word_1_50' title='bbox 513 745 802 805; x_wconf 86' lang='lat' dir='ltr'><strong>credenda</strong></span> <span class='ocrx_word' id='word_1_51' title='bbox 848 754 1017 804; x_wconf 86' lang='lat' dir='ltr'><strong>erant</strong></span> <span class='ocrx_word' id='word_1_52' title='bbox 1064 763 1096 800; x_wconf 84' lang='lat' dir='ltr'><strong>a</strong></span> <span class='ocrx_word' id='word_1_53' title='bbox 1145 742 1413 803; x_wconf 90' lang='lat' dir='ltr'><strong>fidelibus</strong></span> <span class='ocrx_word' id='word_1_54' title='bbox 1451 756 1628 826; x_wconf 87' lang='lat' dir='ltr'><strong>atque</strong></span> <span class='ocrx_word' id='word_1_55' title='bbox 1675 745 1983 807; x_wconf 82' lang='lat' dir='ltr'><strong>servanda.</strong></span> <span class='ocrx_word' id='word_1_56' title='bbox 2031 747 2199 806; x_wconf 80' lang='lat' dir='ltr'><strong>Hanc</strong></span> 
     </span>
     <span class='ocr_line' id='line_1_8' title="bbox 75 831 2194 922; baseline 0 -23"><span class='ocrx_word' id='word_1_57' title='bbox 75 850 426 922; x_wconf 81' lang='lat' dir='ltr'><strong>potestatem</strong></span> <span class='ocrx_word' id='word_1_58' title='bbox 456 840 566 901; x_wconf 89' lang='lat' dir='ltr'><strong>sibi</strong></span> <span class='ocrx_word' id='word_1_59' title='bbox 598 855 635 899; x_wconf 81' lang='lat' dir='ltr'><strong>a&#39;</strong></span> <span class='ocrx_word' id='word_1_60' title='bbox 661 840 889 900; x_wconf 86' lang='lat' dir='ltr'><strong>Christo</strong></span> <span class='ocrx_word' id='word_1_61' title='bbox 921 836 1204 896; x_wconf 87' lang='lat' dir='ltr'><strong>tributam</strong></span> <span class='ocrx_word' id='word_1_62' title='bbox 1240 831 1549 920; x_wconf 84' lang='lat' dir='ltr'><strong>Apostolus</strong></span> <span class='ocrx_word' id='word_1_63' title='bbox 1589 841 1853 900; x_wconf 84' lang='lat' dir='ltr'><strong>vindicat</strong></span> <span class='ocrx_word' id='word_1_64' title='bbox 1873 886 1889 916; x_wconf 77' lang='grc'><em>,</em></span> <span class='ocrx_word' id='word_1_65' title='bbox 1934 840 2151 902; x_wconf 85' lang='lat' dir='ltr'><strong>dicens.</strong></span> <span class='ocrx_word' id='word_1_66' title='bbox 2177 865 2194 900; x_wconf 68' lang='grc' dir='ltr'>ε</span> 
     </span>
     <span class='ocr_line' id='line_1_9' title="bbox 74 933 2197 1015; baseline 0.001 -21"><span class='ocrx_word' id='word_1_67' title='bbox 74 936 243 995; x_wconf 85' lang='lat' dir='ltr'><strong>Nam</strong></span> <span class='ocrx_word' id='word_1_68' title='bbox 277 947 332 995; x_wconf 91' lang='lat' dir='ltr'><strong>et</strong></span> <span class='ocrx_word' id='word_1_69' title='bbox 360 940 415 995; x_wconf 76' lang='lat' dir='ltr'><strong>si</strong></span> <span class='ocrx_word' id='word_1_70' title='bbox 441 938 707 1015; x_wconf 78' lang='lat' dir='ltr'><strong>amplius</strong></span> <span class='ocrx_word' id='word_1_71' title='bbox 737 933 980 1012; x_wconf 83' lang='lat' dir='ltr'><strong>aliquid</strong></span> <span class='ocrx_word' id='word_1_72' title='bbox 998 935 1298 1011; x_wconf 75' lang='lat' dir='ltr'><strong>ylariatus</strong></span> <span class='ocrx_word' id='word_1_73' title='bbox 1326 936 1507 1011; x_wconf 79' lang='lat' dir='ltr'><strong>fuero</strong></span> <span class='ocrx_word' id='word_1_74' title='bbox 1542 935 1613 993; x_wconf 83' lang='lat' dir='ltr'><strong>de</strong></span> <span class='ocrx_word' id='word_1_75' title='bbox 1645 946 1922 1014; x_wconf 75' lang='lat' dir='ltr'><strong>potestate</strong></span> <span class='ocrx_word' id='word_1_76' title='bbox 1960 949 2197 1010; x_wconf 78' lang='lat' dir='ltr'><strong>nostra,</strong></span> 
     </span>
     <span class='ocr_line' id='line_1_10' title="bbox 73 1016 2204 1110; baseline 0.001 -21"><span class='ocrx_word' id='word_1_77' title='bbox 73 1052 260 1110; x_wconf 82' lang='lat' dir='ltr'><strong>quam</strong></span> <span class='ocrx_word' id='word_1_78' title='bbox 293 1032 459 1090; x_wconf 83' lang='lat' dir='ltr'><strong>dedit</strong></span> <span class='ocrx_word' id='word_1_79' title='bbox 490 1016 996 1090; x_wconf 68' lang='lat' dir='ltr'><strong>nohis&#39;Dominus</strong></span> <span class='ocrx_word' id='word_1_80' title='bbox 1023 1032 1093 1085; x_wconf 82' lang='lat' dir='ltr'><strong>in</strong></span> <span class='ocrx_word' id='word_1_81' title='bbox 1126 1029 1612 1105; x_wconf 70' lang='lat' dir='ltr'><strong>aedificationem,</strong></span> <span class='ocrx_word' id='word_1_82' title='bbox 1644 1042 1700 1089; x_wconf 89' lang='lat' dir='ltr'><strong>et</strong></span> <span class='ocrx_word' id='word_1_83' title='bbox 1723 1051 1846 1090; x_wconf 79' lang='lat' dir='ltr'><strong>non</strong></span> <span class='ocrx_word' id='word_1_84' title='bbox 1878 1033 1954 1090; x_wconf 81' lang='lat' dir='ltr'><strong>in-</strong></span> <span class='ocrx_word' id='word_1_85' title='bbox 1973 1033 2204 1093; x_wconf 73' lang='lat' dir='ltr'><strong>destru-</strong></span> 
     </span>
     <span class='ocr_line' id='line_1_11' title="bbox 72 1122 2205 1208; baseline 0.001 -24"><span class='ocrx_word' id='word_1_86' title='bbox 72 1130 324 1184; x_wconf 84' lang='lat' dir='ltr'><strong>ctionem</strong></span> <span class='ocrx_word' id='word_1_87' title='bbox 346 1169 369 1198; x_wconf 92' lang='lat'><em>,</em></span> <span class='ocrx_word' id='word_1_88' title='bbox 403 1147 525 1184; x_wconf 80' lang='lat' dir='ltr'><strong>non</strong></span> <span class='ocrx_word' id='word_1_89' title='bbox 551 1125 896 1184; x_wconf 74' lang='lat' dir='ltr'><strong><em>erubescam</em></strong></span> <span class='ocrx_word' id='word_1_90' title='bbox 927 1122 1039 1203; x_wconf 80' lang='lat'><strong>(2).</strong></span> <span class='ocrx_word' id='word_1_91' title='bbox 1081 1123 1416 1184; x_wconf 84' lang='lat' dir='ltr'><strong>Coactivam</strong></span> <span class='ocrx_word' id='word_1_92' title='bbox 1451 1135 1648 1184; x_wconf 89' lang='lat' dir='ltr'><strong>autem</strong></span> <span class='ocrx_word' id='word_1_93' title='bbox 1684 1146 1808 1185; x_wconf 88' lang='lat' dir='ltr'><strong>esse</strong></span> <span class='ocrx_word' id='word_1_94' title='bbox 1828 1170 1846 1200; x_wconf 87' lang='lat'>‚</span> <span class='ocrx_word' id='word_1_95' title='bbox 1877 1147 2055 1208; x_wconf 89' lang='lat' dir='ltr'><strong>quam</strong></span> <span class='ocrx_word' id='word_1_96' title='bbox 2093 1127 2205 1187; x_wconf 88' lang='lat' dir='ltr'><strong>sihi</strong></span> 
     </span>
     <span class='ocr_line' id='line_1_12' title="bbox 72 1215 2197 1302; baseline 0.001 -24"><span class='ocrx_word' id='word_1_97' title='bbox 72 1219 331 1279; x_wconf 84' lang='lat' dir='ltr'><strong>vindieat</strong></span> <span class='ocrx_word' id='word_1_98' title='bbox 358 1229 736 1302; x_wconf 78' lang='lat' dir='ltr'><strong>potestatem,</strong></span> <span class='ocrx_word' id='word_1_99' title='bbox 775 1215 962 1298; x_wconf 87' lang='lat' dir='ltr'><strong>liquet</strong></span> <span class='ocrx_word' id='word_1_100' title='bbox 983 1217 1146 1276; x_wconf 83' lang='lat' dir='ltr'><strong>exiis</strong></span> <span class='ocrx_word' id='word_1_101' title='bbox 1171 1216 1397 1292; x_wconf 73' lang='lat' dir='ltr'><strong>ve1·biS‚</strong></span> <span class='ocrx_word' id='word_1_102' title='bbox 1428 1220 1758 1302; x_wconf 26' lang='lat' dir='ltr'><strong>quae‘paulo</strong></span> <span class='ocrx_word' id='word_1_103' title='bbox 1788 1231 1924 1302; x_wconf 88' lang='lat' dir='ltr'><strong>post</strong></span> <span class='ocrx_word' id='word_1_104' title='bbox 1947 1221 2149 1281; x_wconf 85' lang='lat' dir='ltr'><strong>subdit</strong></span> <span class='ocrx_word' id='word_1_105' title='bbox 2180 1245 2197 1282; x_wconf 70' lang='grc' dir='ltr'><strong><em>ε</em></strong></span> 
     </span>
     <span class='ocr_line' id='line_1_13' title="bbox 72 1313 2203 1395; baseline 0.002 -23"><span class='ocrx_word' id='word_1_106' title='bbox 72 1315 354 1373; x_wconf 69' lang='lat' dir='ltr'><strong>Praedixi</strong></span> <span class='ocrx_word' id='word_1_107' title='bbox 375 1325 429 1373; x_wconf 86' lang='lat' dir='ltr'><strong>et</strong></span> <span class='ocrx_word' id='word_1_108' title='bbox 451 1313 753 1394; x_wconf 69' lang='lat' dir='ltr'><strong>praedico,</strong></span> <span class='ocrx_word' id='word_1_109' title='bbox 783 1322 856 1370; x_wconf 87' lang='lat' dir='ltr'><strong>ut</strong></span> <span class='ocrx_word' id='word_1_110' title='bbox 877 1320 1183 1390; x_wconf 63' lang='lat' dir='ltr'><strong>&#39;pr-cesena,</strong></span> <span class='ocrx_word' id='word_1_111' title='bbox 1214 1323 1270 1371; x_wconf 86' lang='lat' dir='ltr'><strong>et</strong></span> <span class='ocrx_word' id='word_1_112' title='bbox 1303 1334 1470 1371; x_wconf 76' lang='lat' dir='ltr'><strong>nunc</strong></span> <span class='ocrx_word' id='word_1_113' title='bbox 1504 1316 1748 1379; x_wconf 74' lang='lat' dir='ltr'><strong>absens,</strong></span> <span class='ocrx_word' id='word_1_114' title='bbox 1773 1319 1855 1374; x_wconf 76' lang='lat' dir='ltr'><strong>iis</strong></span> <span class='ocrx_word' id='word_1_115' title='bbox 1874 1360 1892 1392; x_wconf 83' lang='lat'>‚</span> <span class='ocrx_word' id='word_1_116' title='bbox 1917 1321 2033 1395; x_wconf 79' lang='lat' dir='ltr'><strong>qui</strong></span> <span class='ocrx_word' id='word_1_117' title='bbox 2063 1328 2203 1377; x_wconf 83' lang='lat' dir='ltr'><strong>ante</strong></span> 
     </span>
     <span class='ocr_line' id='line_1_14' title="bbox 66 1409 2200 1488; baseline 0.001 -20"><span class='ocrx_word' id='word_1_118' title='bbox 66 1419 466 1488; x_wconf 80' lang='lat' dir='ltr'><strong>peccaverunt</strong></span> <span class='ocrx_word' id='word_1_119' title='bbox 478 1451 501 1481; x_wconf 82' lang='lat'><em>,</em></span> <span class='ocrx_word' id='word_1_120' title='bbox 526 1418 582 1466; x_wconf 90' lang='lat' dir='ltr'><strong>et</strong></span> <span class='ocrx_word' id='word_1_121' title='bbox 604 1412 810 1466; x_wconf 78' lang='lat' dir='ltr'><strong>ceteris</strong></span> <span class='ocrx_word' id='word_1_122' title='bbox 829 1409 1133 1480; x_wconf 68' lang='lat' dir='ltr'><strong>omnihzw,</strong></span> <span class='ocrx_word' id='word_1_123' title='bbox 1157 1411 1473 1487; x_wconf 68' lang='lat' dir='ltr'><strong>quoniam,</strong></span> <span class='ocrx_word' id='word_1_124' title='bbox 1496 1413 1551 1467; x_wconf 74' lang='lat' dir='ltr'><strong>si</strong></span> <span class='ocrx_word' id='word_1_125' title='bbox 1574 1429 1784 1467; x_wconf 77' lang='lat' dir='ltr'><strong>venero</strong></span> <span class='ocrx_word' id='word_1_126' title='bbox 1801 1413 2057 1487; x_wconf 72' lang='lat' dir='ltr'><strong>iterum,</strong></span> <span class='ocrx_word' id='word_1_127' title='bbox 2081 1433 2200 1471; x_wconf 77' lang='lat' dir='ltr'><strong>non</strong></span> 
     </span>
     <span class='ocr_line' id='line_1_15' title="bbox 63 1505 2203 1583; baseline 0 -19"><span class='ocrx_word' id='word_1_128' title='bbox 63 1527 339 1583; x_wconf 78' lang='lat' dir='ltr'><strong>parcam.</strong></span> <span class='ocrx_word' id='word_1_129' title='bbox 369 1505 471 1563; x_wconf 79' lang='lat' dir='ltr'><strong>An</strong></span> <span class='ocrx_word' id='word_1_130' title='bbox 507 1508 984 1583; x_wconf 69' lang='lat' dir='ltr'><strong>emperimentum</strong></span> <span class='ocrx_word' id='word_1_131' title='bbox 1017 1506 1294 1583; x_wconf 65' lang='lat' dir='ltr'><strong>quaeritis</strong></span> <span class='ocrx_word' id='word_1_132' title='bbox 1326 1507 1482 1582; x_wconf 66' lang='lat' dir='ltr'><strong>ejice,</strong></span> <span class='ocrx_word' id='word_1_133' title='bbox 1523 1507 1635 1582; x_wconf 80' lang='lat' dir='ltr'><strong>qui</strong></span> <span class='ocrx_word' id='word_1_134' title='bbox 1673 1508 1743 1562; x_wconf 83' lang='lat' dir='ltr'><strong>in</strong></span> <span class='ocrx_word' id='word_1_135' title='bbox 1787 1525 1879 1562; x_wconf 87' lang='lat' dir='ltr'><strong>me</strong></span> <span class='ocrx_word' id='word_1_136' title='bbox 1935 1507 2203 1583; x_wconf 73' lang='lat' dir='ltr'><strong>loqu-itur</strong></span> 
     </span>
     <span class='ocr_line' id='line_1_16' title="bbox 76 1597 2196 1680; baseline -0 -20"><span class='ocrx_word' id='word_1_137' title='bbox 76 1601 348 1660; x_wconf 74' lang='lat' dir='ltr'><strong>Christus</strong></span> <span class='ocrx_word' id='word_1_138' title='bbox 372 1597 512 1680; x_wconf 73' lang='lat'><strong>(3)?</strong></span> <span class='ocrx_word' id='word_1_139' title='bbox 548 1600 737 1675; x_wconf 66' lang='lat' dir='ltr'><strong>Hinc,</strong></span> <span class='ocrx_word' id='word_1_140' title='bbox 772 1600 899 1659; x_wconf 84' lang='lat' dir='ltr'><strong>Act.</strong></span> <span class='ocrx_word' id='word_1_141' title='bbox 937 1600 1081 1671; x_wconf 75' lang='lat' dir='ltr'><strong>XX,</strong></span> <span class='ocrx_word' id='word_1_142' title='bbox 1115 1597 1274 1658; x_wconf 85' lang='lat' dir='ltr'><strong>idem</strong></span> <span class='ocrx_word' id='word_1_143' title='bbox 1302 1598 1516 1658; x_wconf 89' lang='lat' dir='ltr'><strong>Paulus</strong></span> <span class='ocrx_word' id='word_1_144' title='bbox 1558 1597 1904 1680; x_wconf 85' lang='lat' dir='ltr'><strong>praesulibus</strong></span> <span class='ocrx_word' id='word_1_145' title='bbox 1940 1598 2136 1659; x_wconf 87' lang='lat' dir='ltr'><strong>aiebat</strong></span> <span class='ocrx_word' id='word_1_146' title='bbox 2180 1623 2196 1660; x_wconf 72' lang='grc' dir='ltr'>ε</span> 
     </span>
     <span class='ocr_line' id='line_1_17' title="bbox 67 1695 2198 1775; baseline -0 -20"><span class='ocrx_word' id='word_1_147' title='bbox 67 1697 370 1762; x_wconf 78' lang='lat' dir='ltr'><strong>,Attendite</strong></span> <span class='ocrx_word' id='word_1_148' title='bbox 406 1697 571 1755; x_wconf 76' lang='lat' dir='ltr'><strong>vohis</strong></span> <span class='ocrx_word' id='word_1_149' title='bbox 606 1706 665 1755; x_wconf 88' lang='lat' dir='ltr'><strong>et</strong></span> <span class='ocrx_word' id='word_1_150' title='bbox 697 1699 976 1754; x_wconf 77' lang='lat' dir='ltr'><strong>universo</strong></span> <span class='ocrx_word' id='word_1_151' title='bbox 999 1699 1174 1775; x_wconf 71' lang='lat' dir='ltr'><strong>yreqi</strong></span> <span class='ocrx_word' id='word_1_152' title='bbox 1191 1742 1209 1764; x_wconf 90' lang='lat'><strong><em>,</em></strong></span> <span class='ocrx_word' id='word_1_153' title='bbox 1243 1699 1312 1753; x_wconf 76' lang='lat' dir='ltr'><strong>in</strong></span> <span class='ocrx_word' id='word_1_154' title='bbox 1347 1714 1585 1773; x_wconf 74' lang='lat' dir='ltr'><strong>quo-vos</strong></span> <span class='ocrx_word' id='word_1_155' title='bbox 1622 1696 1896 1773; x_wconf 72' lang='lat' dir='ltr'><strong>Spiritus</strong></span> <span class='ocrx_word' id='word_1_156' title='bbox 1934 1695 2198 1758; x_wconf 67' lang='lat' dir='ltr'><strong>Sanctus</strong></span> 
     </span>
     <span class='ocr_line' id='line_1_18' title="bbox 57 1787 2200 1873; baseline -0.001 -22"><span class='ocrx_word' id='word_1_157' title='bbox 57 1794 266 1872; x_wconf 79' lang='lat' dir='ltr'><strong>posuit</strong></span> <span class='ocrx_word' id='word_1_158' title='bbox 289 1796 580 1873; x_wconf 77' lang='lat' dir='ltr'><strong>episcopos</strong></span> <span class='ocrx_word' id='word_1_159' title='bbox 605 1812 801 1871; x_wconf 72' lang='lat' dir='ltr'><strong>reqere</strong></span> <span class='ocrx_word' id='word_1_160' title='bbox 823 1792 1160 1852; x_wconf 75' lang='lat' dir='ltr'><strong><em>Ecclesiam</em></strong></span> <span class='ocrx_word' id='word_1_161' title='bbox 1184 1790 1320 1848; x_wconf 80' lang='lat' dir='ltr'><strong>Dei.</strong></span> <span class='ocrx_word' id='word_1_162' title='bbox 1350 1787 1601 1848; x_wconf 81' lang='lat' dir='ltr'><strong>Ecclesia·</strong></span> <span class='ocrx_word' id='word_1_163' title='bbox 1619 1788 1795 1868; x_wconf 75' lang='lat' dir='ltr'><strong>igitur</strong></span> <span class='ocrx_word' id='word_1_164' title='bbox 1825 1788 2069 1871; x_wconf 86' lang='lat' dir='ltr'><strong>praedita</strong></span> <span class='ocrx_word' id='word_1_165' title='bbox 2111 1801 2200 1849; x_wconf 90' lang='lat' dir='ltr'><strong>est</strong></span> 
     </span>
     <span class='ocr_line' id='line_1_19' title="bbox 69 1883 2200 1969; baseline -0.001 -25"><span class='ocrx_word' id='word_1_166' title='bbox 69 1897 354 1969; x_wconf 83' lang='lat' dir='ltr'><strong>potestate</strong></span> <span class='ocrx_word' id='word_1_167' title='bbox 403 1885 769 1966; x_wconf 82' lang='lat' dir='ltr'><strong>gubernandi</strong></span> <span class='ocrx_word' id='word_1_168' title='bbox 804 1905 1037 1965; x_wconf 84' lang='lat' dir='ltr'><strong><em>gregem</em></strong></span> <span class='ocrx_word' id='word_1_169' title='bbox 1075 1883 1185 1943; x_wconf 89' lang='lat' dir='ltr'><strong>sibi</strong></span> <span class='ocrx_word' id='word_1_170' title='bbox 1221 1884 1619 1943; x_wconf 85' lang='lat' dir='ltr'><strong>commissum.</strong></span> <span class='ocrx_word' id='word_1_171' title='bbox 1652 1884 1829 1964; x_wconf 86' lang='lat' dir='ltr'><strong>Atqui</strong></span> <span class='ocrx_word' id='word_1_172' title='bbox 1867 1885 2011 1943; x_wconf 85' lang='lat' dir='ltr'><strong>recti</strong></span> <span class='ocrx_word' id='word_1_173' title='bbox 2047 1886 2200 1963; x_wconf 79' lang='lat' dir='ltr'><strong>regi-</strong></span> 
     </span>
     <span class='ocr_line' id='line_1_20' title="bbox 72 1978 2197 2065; baseline -0.001 -25"><span class='ocrx_word' id='word_1_174' title='bbox 72 1983 246 2042; x_wconf 90' lang='lat' dir='ltr'><strong>minis</strong></span> <span class='ocrx_word' id='word_1_175' title='bbox 274 1983 424 2042; x_wconf 88' lang='lat' dir='ltr'><strong>ratio</strong></span> <span class='ocrx_word' id='word_1_176' title='bbox 448 1981 707 2065; x_wconf 91' lang='lat' dir='ltr'><strong>postulat</strong></span> <span class='ocrx_word' id='word_1_177' title='bbox 732 1990 1085 2063; x_wconf 85' lang='lat' dir='ltr'><strong>potestatem</strong></span> <span class='ocrx_word' id='word_1_178' title='bbox 1113 1978 1482 2061; x_wconf 80' lang='lat' dir='ltr'><strong>imperandi,</strong></span> <span class='ocrx_word' id='word_1_179' title='bbox 1508 1979 1778 2038; x_wconf 89' lang='lat' dir='ltr'><strong>ordinate</strong></span> <span class='ocrx_word' id='word_1_180' title='bbox 1801 1978 2161 2060; x_wconf 90' lang='lat' dir='ltr'><strong>disponendi</strong></span> <span class='ocrx_word' id='word_1_181' title='bbox 2175 2023 2197 2054; x_wconf 20' lang='lat' dir='ltr'><strong>v,</strong></span> 
     </span>
     <span class='ocr_line' id='line_1_21' title="bbox 74 2072 2195 2158; baseline -0.002 -22"><span class='ocrx_word' id='word_1_182' title='bbox 74 2078 419 2137; x_wconf 83' lang='lat' dir='ltr'><strong>exteriorem</strong></span> <span class='ocrx_word' id='word_1_183' title='bbox 452 2076 820 2158; x_wconf 83' lang='lat' dir='ltr'><strong>disciplinam</strong></span> <span class='ocrx_word' id='word_1_184' title='bbox 855 2073 1287 2151; x_wconf 82' lang='lat' dir='ltr'><strong>constituendi,</strong></span> <span class='ocrx_word' id='word_1_185' title='bbox 1322 2094 1569 2156; x_wconf 89' lang='lat' dir='ltr'><strong>eamque</strong></span> <span class='ocrx_word' id='word_1_186' title='bbox 1595 2072 1819 2153; x_wconf 84' lang='lat' dir='ltr'><strong>legibus</strong></span> <span class='ocrx_word' id='word_1_187' title='bbox 1853 2073 2195 2147; x_wconf 76' lang='lat' dir='ltr'><strong>sanciendi.3</strong></span> 
     </span>
     <span class='ocr_line' id='line_1_22' title="bbox 73 2167 2197 2254; baseline -0.001 -24"><span class='ocrx_word' id='word_1_188' title='bbox 73 2183 282 2230; x_wconf 90' lang='lat' dir='ltr'><strong>notum</strong></span> <span class='ocrx_word' id='word_1_189' title='bbox 315 2173 533 2253; x_wconf 89' lang='lat' dir='ltr'><strong>quippe</strong></span> <span class='ocrx_word' id='word_1_190' title='bbox 566 2183 690 2246; x_wconf 67' lang='lat' dir='ltr'><strong>est,</strong></span> <span class='ocrx_word' id='word_1_191' title='bbox 730 2172 921 2254; x_wconf 86' lang='lat' dir='ltr'><strong>inquit</strong></span> <span class='ocrx_word' id='word_1_192' title='bbox 946 2170 1269 2246; x_wconf 82' lang='lat' dir='ltr'><strong>GerdiliuS‚</strong></span> <span class='ocrx_word' id='word_1_193' title='bbox 1315 2170 1618 2230; x_wconf 84' lang='lat' dir='ltr'><strong>Christum</strong></span> <span class='ocrx_word' id='word_1_194' title='bbox 1653 2167 2197 2252; x_wconf 37' lang='lat' dir='ltr'><strong>Ecclesiamsvisibi-</strong></span> 
     </span>
     <span class='ocr_line' id='line_1_23' title="bbox 72 2262 2199 2344; baseline -0.002 -19"><span class='ocrx_word' id='word_1_195' title='bbox 72 2267 190 2327; x_wconf 92' lang='lat' dir='ltr'><strong>lem</strong></span> <span class='ocrx_word' id='word_1_196' title='bbox 218 2266 489 2326; x_wconf 86' lang='lat' dir='ltr'><strong>fundasse</strong></span> <span class='ocrx_word' id='word_1_197' title='bbox 519 2263 843 2327; x_wconf 86' lang='lat' dir='ltr'><strong>visibilibus</strong></span> <span class='ocrx_word' id='word_1_198' title='bbox 888 2267 1088 2324; x_wconf 88' lang='lat' dir='ltr'><strong>officiis</strong></span> <span class='ocrx_word' id='word_1_199' title='bbox 1131 2263 1700 2335; x_wconf 83' lang='lat' dir='ltr'><strong>administrandam,</strong></span> <span class='ocrx_word' id='word_1_200' title='bbox 1749 2268 1909 2341; x_wconf 88' lang='lat' dir='ltr'><strong>cujus</strong></span> <span class='ocrx_word' id='word_1_201' title='bbox 1949 2262 2199 2344; x_wconf 76' lang='lat' dir='ltr'><strong>proinde</strong></span> 
     </span>
     <span class='ocr_line' id='line_1_24' title="bbox 72 2356 2199 2444; baseline -0.003 -23"><span class='ocrx_word' id='word_1_202' title='bbox 72 2363 373 2444; x_wconf 88' lang='lat' dir='ltr'><strong>potestatis</strong></span> <span class='ocrx_word' id='word_1_203' title='bbox 408 2362 799 2422; x_wconf 90' lang='lat' dir='ltr'><strong>ministerium</strong></span> <span class='ocrx_word' id='word_1_204' title='bbox 822 2359 1121 2443; x_wconf 86' lang='lat' dir='ltr'><strong>spirituale</strong></span> <span class='ocrx_word' id='word_1_205' title='bbox 1145 2360 1355 2419; x_wconf 87' lang='lat' dir='ltr'><strong>dicitur</strong></span> <span class='ocrx_word' id='word_1_206' title='bbox 1379 2403 1395 2434; x_wconf 70' lang='grc'><em>,</em></span> <span class='ocrx_word' id='word_1_207' title='bbox 1433 2380 1556 2417; x_wconf 91' lang='lat' dir='ltr'><strong>non</strong></span> <span class='ocrx_word' id='word_1_208' title='bbox 1584 2356 1744 2438; x_wconf 89' lang='lat' dir='ltr'><strong>quod</strong></span> <span class='ocrx_word' id='word_1_209' title='bbox 1770 2369 2078 2416; x_wconf 79' lang='lat' dir='ltr'><strong>externam</strong></span> <span class='ocrx_word' id='word_1_210' title='bbox 2108 2378 2199 2416; x_wconf 86' lang='lat' dir='ltr'><strong>ac·</strong></span> 
     </span>
     <span class='ocr_line' id='line_1_25' title="bbox 71 2450 2071 2538; baseline -0.004 -21"><span class='ocrx_word' id='word_1_211' title='bbox 71 2459 292 2517; x_wconf 87' lang='lat' dir='ltr'><strong>tionem</strong></span> <span class='ocrx_word' id='word_1_212' title='bbox 326 2456 628 2532; x_wconf 81' lang='lat' dir='ltr'><strong>excludat,</strong></span> <span class='ocrx_word' id='word_1_213' title='bbox 672 2456 780 2516; x_wconf 45' lang='lat' dir='ltr'><strong>sed*</strong></span> <span class='ocrx_word' id='word_1_214' title='bbox 801 2455 960 2538; x_wconf 91' lang='lat' dir='ltr'><strong>quod</strong></span> <span class='ocrx_word' id='word_1_215' title='bbox 993 2454 1280 2515; x_wconf 85' lang='lat' dir='ltr'><strong>adfinem</strong></span> <span class='ocrx_word' id='word_1_216' title='bbox 1314 2452 1677 2536; x_wconf 85' lang='lat' dir='ltr'><strong>spiritualem</strong></span> <span class='ocrx_word' id='word_1_217' title='bbox 1717 2451 1933 2531; x_wconf 81' lang='lat' dir='ltr'><strong>dirigat</strong></span> <span class='ocrx_word' id='word_1_218' title='bbox 1957 2450 2071 2531; x_wconf 78' lang='grc'>(4).</span> 
     </span>
    </p>
   </div>
   <div class='ocr_carea' id='block_1_4' title="bbox 67 2700 1086 3275">
    <p class='ocr_par' dir='ltr' id='par_1_4' title="bbox 67 2700 1086 3275">
     <span class='ocr_line' id='line_1_26' title="bbox 67 2700 1081 2783; baseline -0.002 -17"><span class='ocrx_word' id='word_1_219' title='bbox 67 2700 201 2766; x_wconf 70' lang='lat' dir='ltr'><strong>intas</strong></span> <span class='ocrx_word' id='word_1_220' title='bbox 221 2754 234 2778; x_wconf 95' lang='lat'>,</span> <span class='ocrx_word' id='word_1_221' title='bbox 269 2728 352 2767; x_wconf 79' lang='lat' dir='ltr'><strong>etc.</strong></span> <span class='ocrx_word' id='word_1_222' title='bbox 395 2717 606 2766; x_wconf 84' lang='lat' dir='ltr'><strong>Facultas</strong></span> <span class='ocrx_word' id='word_1_223' title='bbox 654 2717 906 2783; x_wconf 80' lang='lat' dir='ltr'><strong>theologica</strong></span> <span class='ocrx_word' id='word_1_224' title='bbox 954 2716 1081 2765; x_wconf 82' lang='lat' dir='ltr'><strong>Pari-</strong></span> 
     </span>
     <span class='ocr_line' id='line_1_27' title="bbox 68 2798 1083 2867; baseline -0.002 -19"><span class='ocrx_word' id='word_1_225' title='bbox 68 2802 258 2860; x_wconf 83' lang='lat' dir='ltr'><strong>siensis,</strong></span> <span class='ocrx_word' id='word_1_226' title='bbox 301 2818 379 2849; x_wconf 87' lang='lat' dir='ltr'><strong>an.</strong></span> <span class='ocrx_word' id='word_1_227' title='bbox 425 2798 583 2867; x_wconf 79' lang='lat'>1617,</span> <span class='ocrx_word' id='word_1_228' title='bbox 637 2817 739 2849; x_wconf 85' lang='lat' dir='ltr'><strong>eam</strong></span> <span class='ocrx_word' id='word_1_229' title='bbox 773 2800 863 2848; x_wconf 87' lang='lat' dir='ltr'><strong>hac</strong></span> <span class='ocrx_word' id='word_1_230' title='bbox 890 2815 1083 2848; x_wconf 84' lang='lat' dir='ltr'><strong>censura</strong></span> 
     </span>
     <span class='ocr_line' id='line_1_28' title="bbox 67 2881 1085 2947; baseline -0.002 -17"><span class='ocrx_word' id='word_1_231' title='bbox 67 2885 246 2931; x_wconf 84' lang='lat' dir='ltr'><strong>notavit</strong></span> <span class='ocrx_word' id='word_1_232' title='bbox 283 2898 298 2931; x_wconf 69' lang='grc' dir='ltr'>ε</span> <span class='ocrx_word' id='word_1_233' title='bbox 335 2881 464 2930; x_wconf 81' lang='lat' dir='ltr'><strong>Haec</strong></span> <span class='ocrx_word' id='word_1_234' title='bbox 482 2881 746 2947; x_wconf 71' lang='lat' dir='ltr'><strong>propositio</strong></span> <span class='ocrx_word' id='word_1_235' title='bbox 767 2917 782 2942; x_wconf 90' lang='lat'>‚</span> <span class='ocrx_word' id='word_1_236' title='bbox 825 2897 920 2946; x_wconf 79' lang='lat' dir='ltr'><strong>qua</strong></span> <span class='ocrx_word' id='word_1_237' title='bbox 945 2889 1085 2947; x_wconf 79' lang='lat' dir='ltr'><strong>parte</strong></span> 
     </span>
     <span class='ocr_line' id='line_1_29' title="bbox 68 2961 1086 3030; baseline 0 -20"><span class='ocrx_word' id='word_1_238' title='bbox 68 2979 227 3012; x_wconf 81' lang='lat' dir='ltr'><strong>veram</strong></span> <span class='ocrx_word' id='word_1_239' title='bbox 257 2963 655 3030; x_wconf 71' lang='lat' dir='ltr'><strong>jurisdictionem</strong></span> <span class='ocrx_word' id='word_1_240' title='bbox 691 3000 704 3024; x_wconf 89' lang='lat'>‚</span> <span class='ocrx_word' id='word_1_241' title='bbox 745 2961 802 3011; x_wconf 82' lang='lat' dir='ltr'><strong>id</strong></span> <span class='ocrx_word' id='word_1_242' title='bbox 843 2970 944 3022; x_wconf 74' lang='lat' dir='ltr'><strong>est,</strong></span> <span class='ocrx_word' id='word_1_243' title='bbox 984 2964 1086 3011; x_wconf 85' lang='lat' dir='ltr'><strong>vim</strong></span> 
     </span>
     <span class='ocr_line' id='line_1_30' title="bbox 68 3026 1085 3112; baseline 0 -21"><span class='ocrx_word' id='word_1_244' title='bbox 68 3047 325 3095; x_wconf 82' lang='lat' dir='ltr'><strong>coactivam</strong></span> <span class='ocrx_word' id='word_1_245' title='bbox 369 3053 414 3093; x_wconf 86' lang='lat' dir='ltr'><strong>et</strong></span> <span class='ocrx_word' id='word_1_246' title='bbox 446 3026 787 3112; x_wconf 69' lang='lat' dir='ltr'><strong>suhjectionem</strong></span> <span class='ocrx_word' id='word_1_247' title='bbox 836 3053 1085 3093; x_wconf 72' lang='lat' dir='ltr'><strong>externam</strong></span> 
     </span>
     <span class='ocr_line' id='line_1_31' title="bbox 70 3123 1086 3192; baseline 0.003 -20"><span class='ocrx_word' id='word_1_248' title='bbox 70 3123 299 3175; x_wconf 70' lang='lat' dir='ltr'><strong>Ecclesioe</strong></span> <span class='ocrx_word' id='word_1_249' title='bbox 324 3127 522 3192; x_wconf 78' lang='lat' dir='ltr'><strong>cleneqat</strong></span> <span class='ocrx_word' id='word_1_250' title='bbox 541 3166 556 3188; x_wconf 84' lang='lat'><strong>‚</strong></span> <span class='ocrx_word' id='word_1_251' title='bbox 583 3136 652 3175; x_wconf 77' lang='lat' dir='ltr'><strong>est</strong></span> <span class='ocrx_word' id='word_1_252' title='bbox 673 3126 897 3175; x_wconf 69' lang='lat' dir='ltr'><strong>haeretica</strong></span> <span class='ocrx_word' id='word_1_253' title='bbox 916 3163 930 3185; x_wconf 86' lang='lat'><strong>.,</strong></span> <span class='ocrx_word' id='word_1_254' title='bbox 961 3135 1005 3173; x_wconf 88' lang='lat' dir='ltr'><strong>et</strong></span> <span class='ocrx_word' id='word_1_255' title='bbox 1017 3136 1086 3175; x_wconf 88' lang='lat' dir='ltr'><strong>to-</strong></span> 
     </span>
     <span class='ocr_line' id='line_1_32' title="bbox 78 3206 1081 3275; baseline 0.005 -23"><span class='ocrx_word' id='word_1_256' title='bbox 78 3206 176 3252; x_wconf 70' lang='lat' dir='ltr'><strong>tius</strong></span> <span class='ocrx_word' id='word_1_257' title='bbox 205 3207 388 3256; x_wconf 71' lang='lat' dir='ltr'><strong>ordinis</strong></span> <span class='ocrx_word' id='word_1_258' title='bbox 418 3208 711 3258; x_wconf 76' lang='lat' dir='ltr'><strong>hierarchici</strong></span> <span class='ocrx_word' id='word_1_259' title='bbox 729 3208 1081 3275; x_wconf 74' lang='lat' dir='ltr'><strong>perturbativa,</strong></span> 
     </span>
    </p>
   </div>
   <div class='ocr_carea' id='block_1_5' title="bbox 79 3288 1089 3760">
    <p class='ocr_par' dir='ltr' id='par_1_5' title="bbox 79 3288 1086 3430">
     <span class='ocr_line' id='line_1_33' title="bbox 79 3288 1086 3356; baseline 0.006 -23"><span class='ocrx_word' id='word_1_260' title='bbox 79 3293 218 3350; x_wconf 82' lang='lat' dir='ltr'><strong>atque</strong></span> <span class='ocrx_word' id='word_1_261' title='bbox 228 3289 551 3352; x_wconf 71' lang='lat' dir='ltr'><strong>confusionem</strong></span> <span class='ocrx_word' id='word_1_262' title='bbox 566 3290 897 3356; x_wconf 79' lang='lat' dir='ltr'><strong>babylonicam</strong></span> <span class='ocrx_word' id='word_1_263' title='bbox 913 3293 971 3339; x_wconf 76' lang='lat' dir='ltr'><strong>in</strong></span> <span class='ocrx_word' id='word_1_264' title='bbox 994 3288 1086 3341; x_wconf 79' lang='grc' dir='ltr'><strong>Εσ-</strong></span> 
     </span>
     <span class='ocr_line' id='line_1_34' title="bbox 79 3364 497 3430; baseline 0.012 -16"><span class='ocrx_word' id='word_1_265' title='bbox 79 3364 220 3414; x_wconf 73' lang='lat' dir='ltr'><strong>cleeia</strong></span> <span class='ocrx_word' id='word_1_266' title='bbox 245 3384 497 3430; x_wconf 76' lang='lat' dir='ltr'><strong>qeneram.</strong></span> 
     </span>
    </p>

    <p class='ocr_par' dir='ltr' id='par_1_6' title="bbox 148 3445 530 3511">
     <span class='ocr_line' id='line_1_35' title="bbox 148 3445 530 3511; baseline 0.018 -17"><span class='ocrx_word' id='word_1_267' title='bbox 148 3447 212 3511; x_wconf 91' lang='grc'><strong>(1)</strong></span> <span class='ocrx_word' id='word_1_268' title='bbox 248 3445 417 3499; x_wconf 81' lang='lat' dir='ltr'><strong>Matth.</strong></span> <span class='ocrx_word' id='word_1_269' title='bbox 445 3451 530 3501; x_wconf 86' lang='lat' dir='ltr'><strong>ult.</strong></span> 
     </span>
    </p>

    <p class='ocr_par' dir='ltr' id='par_1_7' title="bbox 147 3526 617 3593">
     <span class='ocr_line' id='line_1_36' title="bbox 147 3526 617 3593; baseline 0.015 -18"><span class='ocrx_word' id='word_1_270' title='bbox 147 3529 212 3592; x_wconf 74' lang='lat'><strong>(2)</strong></span> <span class='ocrx_word' id='word_1_271' title='bbox 250 3528 294 3576; x_wconf 92' lang='lat'><strong>11</strong></span> <span class='ocrx_word' id='word_1_272' title='bbox 329 3528 438 3580; x_wconf 90' lang='lat' dir='ltr'><strong>Cor.</strong></span> <span class='ocrx_word' id='word_1_273' title='bbox 465 3548 499 3579; x_wconf 86' lang='lat' dir='ltr'>x</span> <span class='ocrx_word' id='word_1_274' title='bbox 522 3570 536 3593; x_wconf 93' lang='lat'>‚</span> <span class='ocrx_word' id='word_1_275' title='bbox 567 3526 617 3583; x_wconf 84' lang='lat'><strong>8.</strong></span> 
     </span>
    </p>

    <p class='ocr_par' dir='ltr' id='par_1_8' title="bbox 148 3609 866 3675">
     <span class='ocr_line' id='line_1_37' title="bbox 148 3609 866 3675; baseline 0.014 -17"><span class='ocrx_word' id='word_1_276' title='bbox 148 3609 217 3675; x_wconf 87' lang='lat'><strong>(3)</strong></span> <span class='ocrx_word' id='word_1_277' title='bbox 255 3610 380 3661; x_wconf 88' lang='lat' dir='ltr'><strong>Ibid.</strong></span> <span class='ocrx_word' id='word_1_278' title='bbox 419 3627 541 3674; x_wconf 83' lang='lat' dir='ltr'><strong>xm,</strong></span> <span class='ocrx_word' id='word_1_279' title='bbox 578 3630 641 3675; x_wconf 69' lang='grc' dir='ltr'><strong>α,</strong></span> <span class='ocrx_word' id='word_1_280' title='bbox 672 3617 718 3665; x_wconf 81' lang='grc'><strong>3.</strong></span> <span class='ocrx_word' id='word_1_281' title='bbox 861 3661 866 3668; x_wconf 79' lang='grc'>.</span> 
     </span>
    </p>

    <p class='ocr_par' dir='ltr' id='par_1_9' title="bbox 147 3692 1089 3760">
     <span class='ocr_line' id='line_1_38' title="bbox 147 3692 1089 3760; baseline 0.01 -19"><span class='ocrx_word' id='word_1_282' title='bbox 147 3692 210 3757; x_wconf 57' lang='lat' dir='ltr'><strong>(A)</strong></span> <span class='ocrx_word' id='word_1_283' title='bbox 248 3692 344 3743; x_wconf 79' lang='lat' dir='ltr'><strong>cfr.</strong></span> <span class='ocrx_word' id='word_1_284' title='bbox 380 3692 556 3760; x_wconf 75' lang='lat' dir='ltr'><strong>Saqqio</strong></span> <span class='ocrx_word' id='word_1_285' title='bbox 601 3695 646 3743; x_wconf 71' lang='grc' dir='ltr'><strong>δ’</strong></span> <span class='ocrx_word' id='word_1_286' title='bbox 681 3701 978 3749; x_wconf 59' lang='lat' dir='ltr'><strong>instructione</strong></span> <span class='ocrx_word' id='word_1_287' title='bbox 1005 3708 1089 3750; x_wconf 79' lang='lat' dir='ltr'><strong>teo·</strong></span> 
     </span>
    </p>
   </div>
   <div class='ocr_carea' id='block_1_6' title="bbox 1172 2710 2196 3767">
    <p class='ocr_par' dir='ltr' id='par_1_10' title="bbox 1172 2710 2196 3767">
     <span class='ocr_line' id='line_1_39' title="bbox 1172 2710 2194 2780; baseline -0.002 -19"><span class='ocrx_word' id='word_1_288' title='bbox 1172 2714 1326 2780; x_wconf 74' lang='lat' dir='ltr'><strong>onica</strong></span> <span class='ocrx_word' id='word_1_289' title='bbox 1342 2751 1358 2771; x_wconf 93' lang='lat'><em>‚</em></span> <span class='ocrx_word' id='word_1_290' title='bbox 1386 2710 1459 2763; x_wconf 88' lang='lat' dir='ltr'><strong>De</strong></span> <span class='ocrx_word' id='word_1_291' title='bbox 1487 2712 1602 2761; x_wconf 74' lang='lat' dir='ltr'><strong>Iocis</strong></span> <span class='ocrx_word' id='word_1_292' title='bbox 1627 2711 1904 2778; x_wconf 74' lang='lat' dir='ltr'><strong>theoloqicie</strong></span> <span class='ocrx_word' id='word_1_293' title='bbox 1924 2749 1937 2772; x_wconf 92' lang='lat'>,</span> <span class='ocrx_word' id='word_1_294' title='bbox 1957 2722 2041 2762; x_wconf 83' lang='lat' dir='ltr'><strong>art.</strong></span> <span class='ocrx_word' id='word_1_295' title='bbox 2062 2711 2194 2761; x_wconf 75' lang='lat' dir='ltr'><strong>Con-</strong></span> 
     </span>
     <span class='ocr_line' id='line_1_40' title="bbox 1172 2792 2196 2861; baseline -0.003 -17"><span class='ocrx_word' id='word_1_296' title='bbox 1172 2798 1393 2845; x_wconf 70' lang='lat' dir='ltr'><strong>nessione</strong></span> <span class='ocrx_word' id='word_1_297' title='bbox 1418 2795 1489 2843; x_wconf 85' lang='lat' dir='ltr'><strong>de’</strong></span> <span class='ocrx_word' id='word_1_298' title='bbox 1504 2805 1574 2844; x_wconf 84' lang='lat' dir='ltr'><strong>tre</strong></span> <span class='ocrx_word' id='word_1_299' title='bbox 1583 2796 1741 2861; x_wconf 84' lang='lat' dir='ltr'><strong>primi</strong></span> <span class='ocrx_word' id='word_1_300' title='bbox 1767 2793 1934 2859; x_wconf 77' lang='lat' dir='ltr'><strong>luoqhi</strong></span> <span class='ocrx_word' id='word_1_301' title='bbox 1959 2792 2196 2858; x_wconf 70' lang='lat' dir='ltr'><strong>teoloyz&#39;ci,</strong></span> 
     </span>
     <span class='ocr_line' id='line_1_41' title="bbox 1172 2873 2188 2940; baseline -0.003 -14"><span class='ocrx_word' id='word_1_302' title='bbox 1172 2880 1432 2939; x_wconf 59' lang='lat' dir='ltr'><strong>seratura,</strong></span> <span class='ocrx_word' id='word_1_303' title='bbox 1476 2878 1749 2925; x_wconf 78' lang='lat' dir='ltr'><strong>tradizione</strong></span> <span class='ocrx_word' id='word_1_304' title='bbox 1785 2893 1810 2924; x_wconf 90' lang='lat' dir='ltr'><strong>e</strong></span> <span class='ocrx_word' id='word_1_305' title='bbox 1854 2875 2035 2924; x_wconf 73' lang='lat' dir='ltr'><strong>chiesa.</strong></span> <span class='ocrx_word' id='word_1_306' title='bbox 2065 2873 2188 2940; x_wconf 88' lang='lat' dir='ltr'><strong>Opp.</strong></span> 
     </span>
     <span class='ocr_line' id='line_1_42' title="bbox 1173 2956 2192 3024; baseline -0.007 -13"><span class='ocrx_word' id='word_1_307' title='bbox 1173 2963 1287 3011; x_wconf 82' lang='lat' dir='ltr'><strong>edit.</strong></span> <span class='ocrx_word' id='word_1_308' title='bbox 1307 2978 1428 3010; x_wconf 89' lang='lat' dir='ltr'><strong>rom.</strong></span> <span class='ocrx_word' id='word_1_309' title='bbox 1453 2971 1564 3009; x_wconf 85' lang='lat' dir='ltr'><strong>tom.</strong></span> <span class='ocrx_word' id='word_1_310' title='bbox 1593 2979 1620 3008; x_wconf 88' lang='lat' dir='ltr'>x</span> <span class='ocrx_word' id='word_1_311' title='bbox 1640 2998 1653 3020; x_wconf 87' lang='lat'>‚</span> <span class='ocrx_word' id='word_1_312' title='bbox 1686 2975 1777 3008; x_wconf 85' lang='lat' dir='ltr'><strong>nec</strong></span> <span class='ocrx_word' id='word_1_313' title='bbox 1792 2976 1888 3007; x_wconf 91' lang='lat' dir='ltr'><strong>non</strong></span> <span class='ocrx_word' id='word_1_314' title='bbox 1907 2976 1988 3024; x_wconf 89' lang='lat' dir='ltr'><strong>op.</strong></span> <span class='ocrx_word' id='word_1_315' title='bbox 2006 2956 2060 3006; x_wconf 86' lang='lat' dir='ltr'><em>E</em></span> <span class='ocrx_word' id='word_1_316' title='bbox 2061 2973 2192 3020; x_wconf 67' lang='lat' dir='ltr'><strong>,same</strong></span> 
     </span>
     <span class='ocr_line' id='line_1_43' title="bbox 1173 3037 2192 3106; baseline -0.005 -16"><span class='ocrx_word' id='word_1_317' title='bbox 1173 3041 1244 3089; x_wconf 85' lang='lat' dir='ltr'><strong>de’</strong></span> <span class='ocrx_word' id='word_1_318' title='bbox 1271 3043 1444 3090; x_wconf 78' lang='lat' dir='ltr'><strong>motivi</strong></span> <span class='ocrx_word' id='word_1_319' title='bbox 1471 3040 1592 3089; x_wconf 84' lang='lat' dir='ltr'><strong>della</strong></span> <span class='ocrx_word' id='word_1_320' title='bbox 1629 3040 1938 3106; x_wconf 78' lang='lat' dir='ltr'><strong>opposizione</strong></span> <span class='ocrx_word' id='word_1_321' title='bbox 1968 3038 2098 3104; x_wconf 86' lang='lat' dir='ltr'><strong>fatta</strong></span> <span class='ocrx_word' id='word_1_322' title='bbox 2127 3037 2192 3085; x_wconf 84' lang='lat' dir='ltr'><strong>da</strong></span> 
     </span>
     <span class='ocr_line' id='line_1_44' title="bbox 1174 3119 2194 3189; baseline -0.004 -17"><span class='ocrx_word' id='word_1_323' title='bbox 1174 3126 1452 3189; x_wconf 74' lang='lat' dir='ltr'><strong>monsiynor</strong></span> <span class='ocrx_word' id='word_1_324' title='bbox 1485 3124 1542 3174; x_wconf 92' lang='lat' dir='ltr'><em>V</em></span> <span class='ocrx_word' id='word_1_325' title='bbox 1537 3138 1693 3170; x_wconf 76' lang='lat' dir='ltr'><strong>escovo</strong></span> <span class='ocrx_word' id='word_1_326' title='bbox 1739 3121 1796 3168; x_wconf 77' lang='lat' dir='ltr'><strong>di</strong></span> <span class='ocrx_word' id='word_1_327' title='bbox 1823 3121 1944 3170; x_wconf 86' lang='lat' dir='ltr'><strong>Noli</strong></span> <span class='ocrx_word' id='word_1_328' title='bbox 1970 3119 2068 3170; x_wconf 86' lang='lat' dir='ltr'><strong>alla</strong></span> <span class='ocrx_word' id='word_1_329' title='bbox 2095 3137 2194 3186; x_wconf 81' lang='lat' dir='ltr'><strong>pu-</strong></span> 
     </span>
     <span class='ocr_line' id='line_1_45' title="bbox 1174 3199 2190 3258; baseline -0.004 -4"><span class='ocrx_word' id='word_1_330' title='bbox 1174 3199 1441 3255; x_wconf 77' lang='lat' dir='ltr'><strong>blicazione</strong></span> <span class='ocrx_word' id='word_1_331' title='bbox 1478 3204 1600 3254; x_wconf 86' lang='lat' dir='ltr'><strong>della</strong></span> <span class='ocrx_word' id='word_1_332' title='bbox 1627 3202 1747 3252; x_wconf 83' lang='lat' dir='ltr'><strong>bolla</strong></span> <span class='ocrx_word' id='word_1_333' title='bbox 1780 3201 2022 3257; x_wconf 72' lang='lat' dir='ltr'><strong>Auernum</strong></span> <span class='ocrx_word' id='word_1_334' title='bbox 2043 3218 2158 3252; x_wconf 78' lang='lat' dir='ltr'><strong>mm</strong></span> <span class='ocrx_word' id='word_1_335' title='bbox 2175 3238 2190 3258; x_wconf 81' lang='grc'>,</span> 
     </span>
     <span class='ocr_line' id='line_1_46' title="bbox 1174 3283 2188 3353; baseline -0.007 -16"><span class='ocrx_word' id='word_1_336' title='bbox 1174 3299 1294 3353; x_wconf 86' lang='lat' dir='ltr'><strong>part.</strong></span> <span class='ocrx_word' id='word_1_337' title='bbox 1321 3305 1355 3336; x_wconf 88' lang='lat' dir='ltr'><strong>n</strong></span> <span class='ocrx_word' id='word_1_338' title='bbox 1373 3325 1387 3347; x_wconf 86' lang='lat'><strong>‚</strong></span> <span class='ocrx_word' id='word_1_339' title='bbox 1423 3297 1507 3335; x_wconf 85' lang='lat' dir='ltr'><strong>art.</strong></span> <span class='ocrx_word' id='word_1_340' title='bbox 1542 3283 1600 3334; x_wconf 85' lang='lat'><strong>16</strong></span> <span class='ocrx_word' id='word_1_341' title='bbox 1623 3322 1636 3344; x_wconf 90' lang='lat'><strong>‚</strong></span> <span class='ocrx_word' id='word_1_342' title='bbox 1667 3295 1781 3333; x_wconf 86' lang='lat' dir='ltr'><strong>tom.</strong></span> <span class='ocrx_word' id='word_1_343' title='bbox 1812 3301 1889 3334; x_wconf 75' lang='lat' dir='ltr'><strong>xiv</strong></span> <span class='ocrx_word' id='word_1_344' title='bbox 1916 3300 1932 3347; x_wconf 72' lang='grc' dir='ltr'><strong>ς</strong></span> <span class='ocrx_word' id='word_1_345' title='bbox 1968 3301 2081 3350; x_wconf 87' lang='lat' dir='ltr'><strong>opp.</strong></span> <span class='ocrx_word' id='word_1_346' title='bbox 2108 3286 2188 3332; x_wconf 89' lang='lat' dir='ltr'><strong>cit.</strong></span> 
     </span>
     <span class='ocr_line' id='line_1_47' title="bbox 1175 3363 2193 3434; baseline -0.008 -15"><span class='ocrx_word' id='word_1_347' title='bbox 1175 3371 1288 3420; x_wconf 87' lang='lat' dir='ltr'><strong>edit.</strong></span> <span class='ocrx_word' id='word_1_348' title='bbox 1319 3380 1364 3419; x_wconf 81' lang='lat' dir='ltr'><strong>et</strong></span> <span class='ocrx_word' id='word_1_349' title='bbox 1396 3385 1553 3434; x_wconf 88' lang='lat' dir='ltr'><strong>opusc.</strong></span> <span class='ocrx_word' id='word_1_350' title='bbox 1601 3363 1839 3416; x_wconf 78' lang='lat' dir='ltr'><strong>Catholici</strong></span> <span class='ocrx_word' id='word_1_351' title='bbox 1867 3367 2100 3432; x_wconf 72' lang='lat' dir='ltr'><strong>doqmatie</strong></span> <span class='ocrx_word' id='word_1_352' title='bbox 2134 3364 2193 3412; x_wconf 82' lang='lat' dir='ltr'><strong>de</strong></span> 
     </span>
     <span class='ocr_line' id='line_1_48' title="bbox 1176 3449 2190 3501; baseline -0.007 -1"><span class='ocrx_word' id='word_1_353' title='bbox 1176 3454 1384 3500; x_wconf 74' lang='lat' dir='ltr'><strong>immuni</strong></span> <span class='ocrx_word' id='word_1_354' title='bbox 1412 3450 1645 3501; x_wconf 83' lang='lat' dir='ltr'><strong>Ecclesioe</strong></span> <span class='ocrx_word' id='word_1_355' title='bbox 1681 3449 1958 3498; x_wconf 81' lang='lat' dir='ltr'><strong>auctoritate</strong></span> <span class='ocrx_word' id='word_1_356' title='bbox 1990 3449 2045 3494; x_wconf 80' lang='lat' dir='ltr'><strong>in</strong></span> <span class='ocrx_word' id='word_1_357' title='bbox 2072 3461 2190 3494; x_wconf 73' lang='lat' dir='ltr'><strong>san-</strong></span> 
     </span>
     <span class='ocr_line' id='line_1_49' title="bbox 1178 3528 2190 3599; baseline -0.01 -14"><span class='ocrx_word' id='word_1_358' title='bbox 1178 3536 1366 3585; x_wconf 76' lang='lat' dir='ltr'><strong>ciendis</strong></span> <span class='ocrx_word' id='word_1_359' title='bbox 1417 3531 1691 3599; x_wconf 75' lang='lat' dir='ltr'><strong>disciplinoe</strong></span> <span class='ocrx_word' id='word_1_360' title='bbox 1735 3532 1916 3599; x_wconf 65' lang='lat' dir='ltr'><strong>legibus</strong></span> <span class='ocrx_word' id='word_1_361' title='bbox 1948 3567 1963 3594; x_wconf 92' lang='lat'>‚</span> <span class='ocrx_word' id='word_1_362' title='bbox 2019 3528 2190 3578; x_wconf 80' lang='lat' dir='ltr'><strong>Docu-</strong></span> 
     </span>
     <span class='ocr_line' id='line_1_50' title="bbox 1175 3610 2192 3680; baseline -0.005 -14"><span class='ocrx_word' id='word_1_363' title='bbox 1175 3627 1337 3668; x_wconf 78' lang='lat' dir='ltr'><strong>menta</strong></span> <span class='ocrx_word' id='word_1_364' title='bbox 1366 3618 1425 3666; x_wconf 87' lang='lat' dir='ltr'><strong>ab</strong></span> <span class='ocrx_word' id='word_1_365' title='bbox 1444 3618 1734 3666; x_wconf 78' lang='lat' dir='ltr'><strong>oecumenica</strong></span> <span class='ocrx_word' id='word_1_366' title='bbox 1752 3612 1947 3680; x_wconf 81' lang='lat' dir='ltr'><strong>Synodo</strong></span> <span class='ocrx_word' id='word_1_367' title='bbox 1978 3610 2192 3661; x_wconf 60' lang='lat' dir='ltr'><strong>Triden-</strong></span> 
     </span>
     <span class='ocr_line' id='line_1_51' title="bbox 1179 3698 1891 3767; baseline -0.006 -19"><span class='ocrx_word' id='word_1_368' title='bbox 1179 3702 1291 3750; x_wconf 75' lang='lat' dir='ltr'><strong>tina.</strong></span> <span class='ocrx_word' id='word_1_369' title='bbox 1303 3701 1453 3767; x_wconf 83' lang='lat' dir='ltr'><strong>petita</strong></span> <span class='ocrx_word' id='word_1_370' title='bbox 1475 3737 1489 3762; x_wconf 89' lang='lat'><strong>‚</strong></span> <span class='ocrx_word' id='word_1_371' title='bbox 1532 3698 1651 3766; x_wconf 87' lang='lat' dir='ltr'><strong>Opp.</strong></span> <span class='ocrx_word' id='word_1_372' title='bbox 1676 3709 1787 3748; x_wconf 81' lang='lat' dir='ltr'><strong>tom.</strong></span> <span class='ocrx_word' id='word_1_373' title='bbox 1817 3714 1891 3746; x_wconf 83' lang='lat' dir='ltr'><strong>xv.</strong></span> 
     </span>
    </p>
   </div>
  </div>
 </body>
</html>
