<?xml version="1.0" encoding="UTF-8"?>
<!DOCTYPE html PUBLIC "-//W3C//DTD XHTML 1.0 Transitional//EN"
    "http://www.w3.org/TR/xhtml1/DTD/xhtml1-transitional.dtd">
<html xmlns="http://www.w3.org/1999/xhtml" xml:lang="en" lang="en">
 <head>
  <title>
</title>
<meta http-equiv="Content-Type" content="text/html;charset=utf-8" />
  <meta name='ocr-system' content='tesseract 3.04.00' />
  <meta name='ocr-capabilities' content='ocr_page ocr_carea ocr_par ocr_line ocrx_word'/>
</head>
<body>
  <div class='ocr_page' id='page_1' title='image "a603693808perruoft_0129.png"; bbox 0 0 2514 4218; ppageno 0'>
   <div class='ocr_carea' id='block_1_1' title="bbox 2027 204 2138 270">
    <p class='ocr_par' dir='ltr' id='par_1_1' title="bbox 2027 204 2138 270">
     <span class='ocr_line' id='line_1_1' title="bbox 2027 204 2138 270; baseline -0.054 -1"><span class='ocrx_word' id='word_1_1' title='bbox 2027 204 2138 270; x_wconf 88' lang='lat'><strong>117</strong></span> 
     </span>
    </p>
   </div>
   <div class='ocr_carea' id='block_1_2' title="bbox 486 223 1663 266">
    <p class='ocr_par' dir='ltr' id='par_1_2' title="bbox 486 223 1663 266">
     <span class='ocr_line' id='line_1_2' title="bbox 486 223 1663 266; baseline -0.003 0"><span class='ocrx_word' id='word_1_2' title='bbox 486 227 640 266; x_wconf 80' lang='lat' dir='ltr'><strong>PART.</strong></span> <span class='ocrx_word' id='word_1_3' title='bbox 687 226 726 263; x_wconf 87' lang='lat'><strong>1.</strong></span> <span class='ocrx_word' id='word_1_4' title='bbox 775 226 900 265; x_wconf 78' lang='lat' dir='ltr'><strong>GAP.</strong></span> <span class='ocrx_word' id='word_1_5' title='bbox 943 226 1028 265; x_wconf 88' lang='lat'><strong>111.</strong></span> <span class='ocrx_word' id='word_1_6' title='bbox 1071 226 1141 265; x_wconf 86' lang='lat' dir='ltr'><strong>DE</strong></span> <span class='ocrx_word' id='word_1_7' title='bbox 1181 223 1447 266; x_wconf 80' lang='lat' dir='ltr'><strong>ECCLESIAE</strong></span> <span class='ocrx_word' id='word_1_8' title='bbox 1489 224 1663 263; x_wconf 72' lang='lat' dir='ltr'><strong>no‘rIS.</strong></span> 
     </span>
    </p>
   </div>
   <div class='ocr_carea' id='block_1_3' title="bbox 50 364 2236 1957">
    <p class='ocr_par' dir='ltr' id='par_1_3' title="bbox 55 364 2162 642">
     <span class='ocr_line' id='line_1_3' title="bbox 57 364 2162 450; baseline -0.004 -18"><span class='ocrx_word' id='word_1_9' title='bbox 57 373 363 440; x_wconf 80' lang='lat' dir='ltr'><strong>audiantur</strong></span> <span class='ocrx_word' id='word_1_10' title='bbox 383 413 399 443; x_wconf 72' lang='grc'><em>,</em></span> <span class='ocrx_word' id='word_1_11' title='bbox 426 368 750 450; x_wconf 85' lang='lat' dir='ltr'><strong>praesertim</strong></span> <span class='ocrx_word' id='word_1_12' title='bbox 779 366 1043 427; x_wconf 89' lang='lat' dir='ltr'><strong>damnari</strong></span> <span class='ocrx_word' id='word_1_13' title='bbox 1063 389 1183 426; x_wconf 90' lang='lat' dir='ltr'><strong>non</strong></span> <span class='ocrx_word' id='word_1_14' title='bbox 1213 366 1428 426; x_wconf 90' lang='lat' dir='ltr'><strong>debent</strong></span> <span class='ocrx_word' id='word_1_15' title='bbox 1454 364 1526 431; x_wconf 82' lang='lat' dir='ltr'><strong>ab</strong></span> <span class='ocrx_word' id='word_1_16' title='bbox 1555 366 1622 424; x_wconf 92' lang='lat' dir='ltr'><strong>iis</strong></span> <span class='ocrx_word' id='word_1_17' title='bbox 1657 366 1758 446; x_wconf 90' lang='lat' dir='ltr'><strong>qui</strong></span> <span class='ocrx_word' id='word_1_18' title='bbox 1782 376 2044 447; x_wconf 89' lang='lat' dir='ltr'><strong>spectant</strong></span> <span class='ocrx_word' id='word_1_19' title='bbox 2066 367 2162 426; x_wconf 70' lang='lat' dir='ltr'><strong>ad¹</strong></span> 
     </span>
     <span class='ocr_line' id='line_1_4' title="bbox 55 460 2143 542; baseline -0.003 -15"><span class='ocrx_word' id='word_1_20' title='bbox 55 468 377 541; x_wconf 79' lang='lat' dir='ltr'>Romanam</span> <span class='ocrx_word' id='word_1_21' title='bbox 413 463 924 535; x_wconf 78' lang='lat' dir='ltr'><strong>communionem3</strong></span> <span class='ocrx_word' id='word_1_22' title='bbox 964 462 1064 521; x_wconf 88' lang='lat' dir='ltr'><strong>sed</strong></span> <span class='ocrx_word' id='word_1_23' title='bbox 1108 462 1344 542; x_wconf 81' lang='lat' dir='ltr'><strong>quaestio</strong></span> <span class='ocrx_word' id='word_1_24' title='bbox 1381 460 1614 520; x_wconf 87' lang='lat' dir='ltr'><strong>actualis</strong></span> <span class='ocrx_word' id='word_1_25' title='bbox 1669 460 1985 525; x_wconf 82' lang='lat' dir='ltr'><strong>schismatis</strong></span> <span class='ocrx_word' id='word_1_26' title='bbox 2040 483 2143 522; x_wconf 88' lang='lat' dir='ltr'><strong>seu</strong></span> 
     </span>
     <span class='ocr_line' id='line_1_5' title="bbox 55 554 2143 642; baseline -0.003 -22"><span class='ocrx_word' id='word_1_27' title='bbox 55 558 424 642; x_wconf 83' lang='lat' dir='ltr'><strong>separationis</strong></span> <span class='ocrx_word' id='word_1_28' title='bbox 441 556 513 614; x_wconf 86' lang='lat' dir='ltr'><strong>ab</strong></span> <span class='ocrx_word' id='word_1_29' title='bbox 530 555 773 615; x_wconf 81' lang='lat' dir='ltr'><strong>Ecclesia</strong></span> <span class='ocrx_word' id='word_1_30' title='bbox 791 555 1065 615; x_wconf 90' lang='lat' dir='ltr'><strong>catholica</strong></span> <span class='ocrx_word' id='word_1_31' title='bbox 1083 554 1327 630; x_wconf 81' lang='lat' dir='ltr'><strong>candide</strong></span> <span class='ocrx_word' id='word_1_32' title='bbox 1349 567 1437 616; x_wconf 88' lang='lat' dir='ltr'><strong>est</strong></span> <span class='ocrx_word' id='word_1_33' title='bbox 1454 554 1832 615; x_wconf 83' lang='lat' dir='ltr'><strong>examinanda</strong></span> <span class='ocrx_word' id='word_1_34' title='bbox 1847 554 1961 634; x_wconf 94' lang='grc'>(1).</span> <span class='ocrx_word' id='word_1_35' title='bbox 1980 557 2143 635; x_wconf 83' lang='lat' dir='ltr'><strong>Ergo,</strong></span> 
     </span>
    </p>

    <p class='ocr_par' dir='ltr' id='par_1_4' title="bbox 53 646 2147 1198">
     <span class='ocr_line' id='line_1_6' title="bbox 126 646 2147 731; baseline -0.001 -21"><span class='ocrx_word' id='word_1_36' title='bbox 126 653 273 710; x_wconf 78' lang='lat'><strong>200.</strong></span> <span class='ocrx_word' id='word_1_37' title='bbox 322 654 493 731; x_wconf 88' lang='lat' dir='ltr'><strong>Resp.</strong></span> <span class='ocrx_word' id='word_1_38' title='bbox 537 651 624 709; x_wconf 89' lang='lat' dir='ltr'><strong>Ad</strong></span> <span class='ocrx_word' id='word_1_39' title='bbox 663 651 779 724; x_wconf 73' lang='lat'>1¹¹¹,</span> <span class='ocrx_word' id='word_1_40' title='bbox 821 649 970 728; x_wconf 70' lang='lat' dir='ltr'><strong>Neq.</strong></span> <span class='ocrx_word' id='word_1_41' title='bbox 1014 647 1276 706; x_wconf 88' lang='lat' dir='ltr'><strong>Christus</strong></span> <span class='ocrx_word' id='word_1_42' title='bbox 1315 649 1473 707; x_wconf 91' lang='lat' dir='ltr'><strong>enim</strong></span> <span class='ocrx_word' id='word_1_43' title='bbox 1510 646 1823 731; x_wconf 81' lang='lat' dir='ltr'><strong>perfectam</strong></span> <span class='ocrx_word' id='word_1_44' title='bbox 1861 649 2147 708; x_wconf 90' lang='lat' dir='ltr'><strong>unitatem</strong></span> 
     </span>
     <span class='ocr_line' id='line_1_7' title="bbox 53 739 2143 826; baseline -0.002 -22"><span class='ocrx_word' id='word_1_45' title='bbox 53 758 333 826; x_wconf 87' lang='lat' dir='ltr'><strong>tanquam</strong></span> <span class='ocrx_word' id='word_1_46' title='bbox 372 746 784 825; x_wconf 82' lang='lat' dir='ltr'><strong>proprietatem</strong></span> <span class='ocrx_word' id='word_1_47' title='bbox 819 739 1182 802; x_wconf 82' lang='lat' dir='ltr'><strong>essentialem</strong></span> <span class='ocrx_word' id='word_1_48' title='bbox 1230 761 1296 798; x_wconf 90' lang='lat' dir='ltr'><strong>ac</strong></span> <span class='ocrx_word' id='word_1_49' title='bbox 1331 751 1606 802; x_wconf 89' lang='lat' dir='ltr'><strong>tesseram</strong></span> <span class='ocrx_word' id='word_1_50' title='bbox 1649 742 1833 804; x_wconf 89' lang='lat' dir='ltr'><strong>voluit</strong></span> <span class='ocrx_word' id='word_1_51' title='bbox 1874 763 1995 802; x_wconf 91' lang='lat' dir='ltr'><strong>esse</strong></span> <span class='ocrx_word' id='word_1_52' title='bbox 2035 744 2143 801; x_wconf 82' lang='lat' dir='ltr'><strong>Ec·-</strong></span> 
     </span>
     <span class='ocr_line' id='line_1_8' title="bbox 53 832 2141 918; baseline -0.002 -19"><span class='ocrx_word' id='word_1_53' title='bbox 53 840 238 899; x_wconf 85' lang='lat' dir='ltr'><strong>clesiae</strong></span> <span class='ocrx_word' id='word_1_54' title='bbox 277 862 425 913; x_wconf 76' lang='lat' dir='ltr'><strong>suae,</strong></span> <span class='ocrx_word' id='word_1_55' title='bbox 475 850 542 896; x_wconf 91' lang='lat' dir='ltr'><strong>ut</strong></span> <span class='ocrx_word' id='word_1_56' title='bbox 577 849 800 896; x_wconf 90' lang='lat' dir='ltr'><strong>constat</strong></span> <span class='ocrx_word' id='word_1_57' title='bbox 844 857 915 894; x_wconf 87' lang='lat' dir='ltr'><strong>ex</strong></span> <span class='ocrx_word' id='word_1_58' title='bbox 962 832 1148 892; x_wconf 86' lang='lat' dir='ltr'><strong>allatis</strong></span> <span class='ocrx_word' id='word_1_59' title='bbox 1190 832 1668 914; x_wconf 73' lang='lat' dir='ltr'><strong>probationibus,</strong></span> <span class='ocrx_word' id='word_1_60' title='bbox 1720 859 1847 918; x_wconf 74' lang='lat' dir='ltr'><strong>quae</strong></span> <span class='ocrx_word' id='word_1_61' title='bbox 1896 835 2141 918; x_wconf 87' lang='lat' dir='ltr'><strong>proinde</strong></span> 
     </span>
     <span class='ocr_line' id='line_1_9' title="bbox 55 927 2145 1015; baseline -0.001 -23"><span class='ocrx_word' id='word_1_62' title='bbox 55 955 356 1015; x_wconf 90' lang='lat' dir='ltr'><strong>nunquam</strong></span> <span class='ocrx_word' id='word_1_63' title='bbox 406 934 749 1010; x_wconf 76' lang='lat' dir='ltr'><strong>formaliter.</strong></span> <span class='ocrx_word' id='word_1_64' title='bbox 794 927 1139 1008; x_wconf 86' lang='lat' dir='ltr'><strong>interrumpi</strong></span> <span class='ocrx_word' id='word_1_65' title='bbox 1185 937 1377 1008; x_wconf 87' lang='lat' dir='ltr'><strong>potest</strong></span> <span class='ocrx_word' id='word_1_66' title='bbox 1395 971 1412 1002; x_wconf 80' lang='lat'><strong>.,</strong></span> <span class='ocrx_word' id='word_1_67' title='bbox 1459 930 1601 1009; x_wconf 90' lang='lat' dir='ltr'><strong>quin</strong></span> <span class='ocrx_word' id='word_1_68' title='bbox 1651 942 1852 1011; x_wconf 89' lang='lat' dir='ltr'><strong>pereat</strong></span> <span class='ocrx_word' id='word_1_69' title='bbox 1898 930 2145 992; x_wconf 85' lang='lat' dir='ltr'><strong>Ecclesia</strong></span> 
     </span>
     <span class='ocr_line' id='line_1_10' title="bbox 53 1022 2145 1108; baseline -0.001 -22"><span class='ocrx_word' id='word_1_70' title='bbox 53 1030 215 1108; x_wconf 69' lang='lat' dir='ltr'><strong>ipsa,</strong></span> <span class='ocrx_word' id='word_1_71' title='bbox 259 1048 322 1085; x_wconf 87' lang='lat' dir='ltr'><strong>ac</strong></span> <span class='ocrx_word' id='word_1_72' title='bbox 365 1026 591 1086; x_wconf 89' lang='lat' dir='ltr'><strong>deficiat</strong></span> <span class='ocrx_word' id='word_1_73' title='bbox 634 1034 806 1098; x_wconf 77' lang='lat' dir='ltr'><strong>nota,</strong></span> <span class='ocrx_word' id='word_1_74' title='bbox 849 1043 962 1103; x_wconf 90' lang='lat' dir='ltr'><strong>qua</strong></span> <span class='ocrx_word' id='word_1_75' title='bbox 1001 1043 1032 1079; x_wconf 87' lang='lat' dir='ltr'><strong>a</strong></span> <span class='ocrx_word' id='word_1_76' title='bbox 1063 1022 1229 1080; x_wconf 89' lang='lat' dir='ltr'><strong>sectis</strong></span> <span class='ocrx_word' id='word_1_77' title='bbox 1263 1023 1465 1102; x_wconf 87' lang='lat' dir='ltr'><strong>quovis</strong></span> <span class='ocrx_word' id='word_1_78' title='bbox 1498 1033 1760 1106; x_wconf 87' lang='lat' dir='ltr'><strong>tempore</strong></span> <span class='ocrx_word' id='word_1_79' title='bbox 1800 1026 1968 1086; x_wconf 86' lang='lat' dir='ltr'><strong>unica</strong></span> <span class='ocrx_word' id='word_1_80' title='bbox 2011 1046 2145 1086; x_wconf 87' lang='lat' dir='ltr'><strong>vera</strong></span> 
     </span>
     <span class='ocr_line' id='line_1_11' title="bbox 54 1107 1748 1198; baseline -0.004 -19"><span class='ocrx_word' id='word_1_81' title='bbox 54 1120 298 1179; x_wconf 88' lang='lat' dir='ltr'><strong>Ecclesia</strong></span> <span class='ocrx_word' id='word_1_82' title='bbox 335 1119 580 1179; x_wconf 90' lang='lat' dir='ltr'><strong>discerni</strong></span> <span class='ocrx_word' id='word_1_83' title='bbox 607 1116 806 1198; x_wconf 86' lang='lat' dir='ltr'><strong>possit.</strong></span> <span class='ocrx_word' id='word_1_84' title='bbox 1534 1167 1536 1169; x_wconf 74' lang='grc'>,</span> <span class='ocrx_word' id='word_1_85' title='bbox 1697 1107 1748 1172; x_wconf 50' lang='grc' dir='ltr'><strong>ἱ,</strong></span> 
     </span>
    </p>

    <p class='ocr_par' dir='ltr' id='par_1_5' title="bbox 50 1209 2236 1957">
     <span class='ocr_line' id='line_1_12' title="bbox 132 1209 2147 1297; baseline 0.002 -25"><span class='ocrx_word' id='word_1_86' title='bbox 132 1217 274 1274; x_wconf 80' lang='lat'><strong>201.</strong></span> <span class='ocrx_word' id='word_1_87' title='bbox 322 1215 410 1274; x_wconf 87' lang='lat' dir='ltr'><strong>Ad</strong></span> <span class='ocrx_word' id='word_1_88' title='bbox 444 1217 549 1287; x_wconf 75' lang='lat'>21¹²,</span> <span class='ocrx_word' id='word_1_89' title='bbox 580 1232 681 1271; x_wconf 91' lang='lat' dir='ltr'><strong>seu</strong></span> <span class='ocrx_word' id='word_1_90' title='bbox 708 1210 783 1269; x_wconf 92' lang='lat' dir='ltr'><strong>ad</strong></span> <span class='ocrx_word' id='word_1_91' title='bbox 808 1211 887 1269; x_wconf 78' lang='lat' dir='ltr'><strong>1¹n</strong></span> <span class='ocrx_word' id='word_1_92' title='bbox 905 1209 1075 1293; x_wconf 89' lang='lat' dir='ltr'><strong>prob.</strong></span> <span class='ocrx_word' id='word_1_93' title='bbox 1101 1213 1257 1271; x_wconf 76' lang='lat' dir='ltr'><strong>Dz’st.</strong></span> <span class='ocrx_word' id='word_1_94' title='bbox 1280 1212 1346 1271; x_wconf 90' lang='lat' dir='ltr'><strong>Id</strong></span> <span class='ocrx_word' id='word_1_95' title='bbox 1367 1224 1476 1287; x_wconf 71' lang='lat' dir='ltr'><strong>est,</strong></span> <span class='ocrx_word' id='word_1_96' title='bbox 1502 1235 1733 1274; x_wconf 89' lang='lat' dir='ltr'><strong>necesse</strong></span> <span class='ocrx_word' id='word_1_97' title='bbox 1757 1227 1863 1290; x_wconf 73' lang='lat' dir='ltr'><strong>est,</strong></span> <span class='ocrx_word' id='word_1_98' title='bbox 1892 1227 2147 1297; x_wconf 90' lang='lat' dir='ltr'><strong>spectata</strong></span> 
     </span>
     <span class='ocr_line' id='line_1_13' title="bbox 51 1303 2236 1389; baseline 0 -21"><span class='ocrx_word' id='word_1_99' title='bbox 51 1311 309 1369; x_wconf 87' lang='lat' dir='ltr'><strong>humana</strong></span> <span class='ocrx_word' id='word_1_100' title='bbox 329 1306 661 1386; x_wconf 83' lang='lat' dir='ltr'><strong>infirmitate</strong></span> <span class='ocrx_word' id='word_1_101' title='bbox 682 1349 699 1380; x_wconf 77' lang='grc'><em>,</em></span> <span class='ocrx_word' id='word_1_102' title='bbox 726 1315 799 1363; x_wconf 80' lang='lat' dir='ltr'><strong>ut</strong></span> <span class='ocrx_word' id='word_1_103' title='bbox 823 1310 1067 1364; x_wconf 78' lang='lat' dir='ltr'><strong>veniant</strong></span> <span class='ocrx_word' id='word_1_104' title='bbox 1093 1306 1383 1364; x_wconf 79' lang='lat' dir='ltr'><strong>scandala</strong></span> <span class='ocrx_word' id='word_1_105' title='bbox 1405 1328 1476 1366; x_wconf 81' lang='lat' dir='ltr'><strong>ex</strong></span> <span class='ocrx_word' id='word_1_106' title='bbox 1499 1319 1665 1389; x_wconf 88' lang='lat' dir='ltr'><strong>parte</strong></span> <span class='ocrx_word' id='word_1_107' title='bbox 1688 1308 2144 1384; x_wconf 85' lang='lat' dir='ltr'><strong>individuorum,</strong></span> <span class='ocrx_word' id='word_1_108' title='bbox 2229 1303 2236 1308; x_wconf 64' lang='grc'><strong><em>’</em></strong></span> 
     </span>
     <span class='ocr_line' id='line_1_14' title="bbox 52 1400 2144 1484; baseline 0 -20"><span class='ocrx_word' id='word_1_109' title='bbox 52 1416 110 1464; x_wconf 89' lang='lat' dir='ltr'><strong>et</strong></span> <span class='ocrx_word' id='word_1_110' title='bbox 139 1413 397 1484; x_wconf 78' lang='lat' dir='ltr'><strong>oporteat</strong></span> <span class='ocrx_word' id='word_1_111' title='bbox 419 1402 662 1461; x_wconf 73' lang='lat' dir='ltr'><strong>ltoereses</strong></span> <span class='ocrx_word' id='word_1_112' title='bbox 689 1421 791 1460; x_wconf 88' lang='lat' dir='ltr'><strong>seu</strong></span> <span class='ocrx_word' id='word_1_113' title='bbox 823 1400 1134 1459; x_wconf 88' lang='lat' dir='ltr'><strong>schismata</strong></span> <span class='ocrx_word' id='word_1_114' title='bbox 1164 1422 1309 1476; x_wconf 67' lang='lat' dir='ltr'><strong>esse,</strong></span> <span class='ocrx_word' id='word_1_115' title='bbox 1335 1414 1463 1482; x_wconf 83' lang='lat' dir='ltr'><strong>quae</strong></span> <span class='ocrx_word' id='word_1_116' title='bbox 1494 1413 1692 1462; x_wconf 89' lang='lat' dir='ltr'><strong>tamen</strong></span> <span class='ocrx_word' id='word_1_117' title='bbox 1718 1403 1925 1463; x_wconf 89' lang='lat' dir='ltr'><strong>idoneo</strong></span> <span class='ocrx_word' id='word_1_118' title='bbox 1951 1404 2144 1464; x_wconf 90' lang='lat' dir='ltr'><strong>medio</strong></span> 
     </span>
     <span class='ocr_line' id='line_1_15' title="bbox 53 1495 2145 1577; baseline 0 -19"><span class='ocrx_word' id='word_1_119' title='bbox 53 1499 324 1561; x_wconf 90' lang='lat' dir='ltr'><strong>divinitus</strong></span> <span class='ocrx_word' id='word_1_120' title='bbox 344 1495 609 1554; x_wconf 90' lang='lat' dir='ltr'><strong>instituto</strong></span> <span class='ocrx_word' id='word_1_121' title='bbox 635 1506 1074 1577; x_wconf 87' lang='lat' dir='ltr'><strong>compescantur</strong></span> <span class='ocrx_word' id='word_1_122' title='bbox 1094 1540 1110 1569; x_wconf 84' lang='lat'><strong>.,</strong></span> <span class='ocrx_word' id='word_1_123' title='bbox 1136 1515 1326 1569; x_wconf 81' lang='lat' dir='ltr'><strong>cono.,·</strong></span> <span class='ocrx_word' id='word_1_124' title='bbox 1351 1516 1476 1577; x_wconf 87' lang='lat' dir='ltr'><strong>quae</strong></span> <span class='ocrx_word' id='word_1_125' title='bbox 1499 1496 1778 1556; x_wconf 89' lang='lat' dir='ltr'><strong>inducant</strong></span> <span class='ocrx_word' id='word_1_126' title='bbox 1802 1496 2145 1558; x_wconf 89' lang='lat' dir='ltr'><strong>divisionem</strong></span> 
     </span>
     <span class='ocr_line' id='line_1_16' title="bbox 52 1589 2147 1673; baseline 0 -20"><span class='ocrx_word' id='word_1_127' title='bbox 52 1591 350 1653; x_wconf 86' lang='lat' dir='ltr'><strong>formalem</strong></span> <span class='ocrx_word' id='word_1_128' title='bbox 377 1591 444 1663; x_wconf 24' lang='lat' dir='ltr'><strong>in·</strong></span> <span class='ocrx_word' id='word_1_129' title='bbox 466 1591 589 1671; x_wconf 91' lang='lat' dir='ltr'><strong>ipsa</strong></span> <span class='ocrx_word' id='word_1_130' title='bbox 627 1590 846 1649; x_wconf 89' lang='lat' dir='ltr'><strong>unitate</strong></span> <span class='ocrx_word' id='word_1_131' title='bbox 880 1589 1176 1664; x_wconf 57' lang='lat' dir='ltr'><strong>Ecclesiae,</strong></span> <span class='ocrx_word' id='word_1_132' title='bbox 1217 1611 1343 1670; x_wconf 67' lang='lat' dir='ltr'><strong>neq.</strong></span> <span class='ocrx_word' id='word_1_133' title='bbox 1390 1592 1511 1650; x_wconf 93' lang='lat' dir='ltr'><strong>Hoc</strong></span> <span class='ocrx_word' id='word_1_134' title='bbox 1542 1592 1700 1651; x_wconf 88' lang='lat' dir='ltr'><strong>enim</strong></span> <span class='ocrx_word' id='word_1_135' title='bbox 1739 1592 2024 1673; x_wconf 88' lang='lat' dir='ltr'><strong>posterius</strong></span> <span class='ocrx_word' id='word_1_136' title='bbox 2051 1614 2147 1653; x_wconf 84' lang='lat' dir='ltr'><strong>re-</strong></span> 
     </span>
     <span class='ocr_line' id='line_1_17' title="bbox 53 1683 2146 1771; baseline 0.001 -27"><span class='ocrx_word' id='word_1_137' title='bbox 53 1696 269 1771; x_wconf 81' lang='lat' dir='ltr'><strong>pugnat</strong></span> <span class='ocrx_word' id='word_1_138' title='bbox 307 1695 378 1762; x_wconf 29' lang='lat' dir='ltr'><strong>et·</strong></span> <span class='ocrx_word' id='word_1_139' title='bbox 398 1694 486 1743; x_wconf 89' lang='lat' dir='ltr'><strong>est</strong></span> <span class='ocrx_word' id='word_1_140' title='bbox 522 1695 720 1765; x_wconf 85' lang='lat' dir='ltr'><strong>aperte</strong></span> <span class='ocrx_word' id='word_1_141' title='bbox 755 1683 1307 1758; x_wconf 80' lang='lat' dir='ltr'><strong>contradictorium3</strong></span> <span class='ocrx_word' id='word_1_142' title='bbox 1353 1696 1504 1745; x_wconf 92' lang='lat' dir='ltr'><strong>esset</strong></span> <span class='ocrx_word' id='word_1_143' title='bbox 1541 1687 1699 1745; x_wconf 89' lang='lat' dir='ltr'><strong>enim</strong></span> <span class='ocrx_word' id='word_1_144' title='bbox 1741 1686 1988 1747; x_wconf 90' lang='lat' dir='ltr'><strong>Ecclesia</strong></span> <span class='ocrx_word' id='word_1_145' title='bbox 2030 1709 2146 1747; x_wconf 89' lang='lat' dir='ltr'><strong>una</strong></span> 
     </span>
     <span class='ocr_line' id='line_1_18' title="bbox 52 1777 2144 1862; baseline 0 -22"><span class='ocrx_word' id='word_1_146' title='bbox 52 1793 112 1841; x_wconf 94' lang='lat' dir='ltr'><strong>et</strong></span> <span class='ocrx_word' id='word_1_147' title='bbox 131 1801 248 1840; x_wconf 87' lang='lat' dir='ltr'><strong>non</strong></span> <span class='ocrx_word' id='word_1_148' title='bbox 276 1789 453 1852; x_wconf 89' lang='lat' dir='ltr'><strong>esset,</strong></span> <span class='ocrx_word' id='word_1_149' title='bbox 483 1789 633 1837; x_wconf 90' lang='lat' dir='ltr'><strong>esset</strong></span> <span class='ocrx_word' id='word_1_150' title='bbox 658 1778 823 1837; x_wconf 88' lang='lat' dir='ltr'><strong>unita</strong></span> <span class='ocrx_word' id='word_1_151' title='bbox 853 1789 913 1840; x_wconf 88' lang='lat' dir='ltr'><strong>et</strong></span> <span class='ocrx_word' id='word_1_152' title='bbox 942 1778 1123 1839; x_wconf 90' lang='lat' dir='ltr'><strong>divisa</strong></span> <span class='ocrx_word' id='word_1_153' title='bbox 1144 1824 1160 1854; x_wconf 74' lang='grc'><em>,</em></span> <span class='ocrx_word' id='word_1_154' title='bbox 1184 1779 1434 1839; x_wconf 89' lang='lat' dir='ltr'><strong>identica</strong></span> <span class='ocrx_word' id='word_1_155' title='bbox 1467 1790 1527 1839; x_wconf 93' lang='lat' dir='ltr'><strong>et</strong></span> <span class='ocrx_word' id='word_1_156' title='bbox 1549 1777 1796 1840; x_wconf 88' lang='lat' dir='ltr'><strong>diversa.</strong></span> <span class='ocrx_word' id='word_1_157' title='bbox 1824 1782 1882 1839; x_wconf 90' lang='lat' dir='ltr'><strong>Si</strong></span> <span class='ocrx_word' id='word_1_158' title='bbox 1910 1780 2103 1862; x_wconf 86' lang='lat' dir='ltr'><strong>itaque</strong></span> <span class='ocrx_word' id='word_1_159' title='bbox 2120 1825 2144 1854; x_wconf 84' lang='lat'><em>,</em></span> 
     </span>
     <span class='ocr_line' id='line_1_19' title="bbox 50 1867 2147 1957; baseline 0.001 -24"><span class='ocrx_word' id='word_1_160' title='bbox 50 1884 306 1957; x_wconf 87' lang='lat' dir='ltr'><strong>spectata</strong></span> <span class='ocrx_word' id='word_1_161' title='bbox 327 1874 585 1933; x_wconf 86' lang='lat' dir='ltr'><strong>humana</strong></span> <span class='ocrx_word' id='word_1_162' title='bbox 607 1872 1046 1937; x_wconf 87' lang='lat' dir='ltr'><strong>individuorum</strong></span> <span class='ocrx_word' id='word_1_163' title='bbox 1063 1884 1163 1932; x_wconf 90' lang='lat' dir='ltr'><strong>aut</strong></span> <span class='ocrx_word' id='word_1_164' title='bbox 1177 1874 1352 1934; x_wconf 91' lang='lat' dir='ltr'><strong>etiam</strong></span> <span class='ocrx_word' id='word_1_165' title='bbox 1366 1867 1759 1935; x_wconf 81' lang='lat' dir='ltr'><strong>multitudinis</strong></span> <span class='ocrx_word' id='word_1_166' title='bbox 1785 1875 2147 1951; x_wconf 78' lang='lat' dir='ltr'><strong>infirmitate,</strong></span> 
     </span>
    </p>
   </div>
   <div class='ocr_carea' id='block_1_4' title="bbox 46 2060 1060 2450">
    <p class='ocr_par' dir='ltr' id='par_1_6' title="bbox 46 2060 1060 2450">
     <span class='ocr_line' id='line_1_20' title="bbox 67 2060 1056 2128; baseline 0.005 -19"><span class='ocrx_word' id='word_1_167' title='bbox 67 2071 71 2076; x_wconf 84' lang='lat'>&#39;</span> <span class='ocrx_word' id='word_1_168' title='bbox 115 2060 186 2128; x_wconf 88' lang='lat'><strong>(1)</strong></span> <span class='ocrx_word' id='word_1_169' title='bbox 215 2062 283 2111; x_wconf 89' lang='lat' dir='ltr'><strong>Ita</strong></span> <span class='ocrx_word' id='word_1_170' title='bbox 311 2079 491 2111; x_wconf 89' lang='lat' dir='ltr'><strong>rursum</strong></span> <span class='ocrx_word' id='word_1_171' title='bbox 521 2061 606 2111; x_wconf 87' lang='lat' dir='ltr'><strong>Dr.</strong></span> <span class='ocrx_word' id='word_1_172' title='bbox 631 2061 811 2111; x_wconf 87' lang='lat' dir='ltr'><strong>Palmer</strong></span> <span class='ocrx_word' id='word_1_173' title='bbox 831 2099 846 2123; x_wconf 85' lang='lat'><strong>,</strong></span> <span class='ocrx_word' id='word_1_174' title='bbox 869 2064 949 2128; x_wconf 90' lang='lat' dir='ltr'><strong>qui</strong></span> <span class='ocrx_word' id='word_1_175' title='bbox 978 2079 1056 2128; x_wconf 87' lang='lat' dir='ltr'><strong>op.</strong></span> 
     </span>
     <span class='ocr_line' id='line_1_21' title="bbox 46 2142 1053 2210; baseline -0.002 -17"><span class='ocrx_word' id='word_1_176' title='bbox 46 2146 130 2195; x_wconf 88' lang='lat' dir='ltr'><strong>cit.</strong></span> <span class='ocrx_word' id='word_1_177' title='bbox 157 2154 273 2209; x_wconf 86' lang='lat' dir='ltr'><strong>part.</strong></span> <span class='ocrx_word' id='word_1_178' title='bbox 304 2161 322 2192; x_wconf 90' lang='lat'>1</span> <span class='ocrx_word' id='word_1_179' title='bbox 341 2176 357 2203; x_wconf 88' lang='lat'><strong>,</strong></span> <span class='ocrx_word' id='word_1_180' title='bbox 388 2161 491 2209; x_wconf 88' lang='lat' dir='ltr'><strong>cap.</strong></span> <span class='ocrx_word' id='word_1_181' title='bbox 521 2144 587 2207; x_wconf 85' lang='grc'><strong>4,</strong></span> <span class='ocrx_word' id='word_1_182' title='bbox 619 2153 726 2193; x_wconf 88' lang='lat' dir='ltr'><strong>sect.</strong></span> <span class='ocrx_word' id='word_1_183' title='bbox 757 2142 818 2204; x_wconf 83' lang='lat'><strong>3,</strong></span> <span class='ocrx_word' id='word_1_184' title='bbox 850 2160 955 2210; x_wconf 85' lang='lat' dir='ltr'><strong>pag.</strong></span> <span class='ocrx_word' id='word_1_185' title='bbox 994 2159 1053 2208; x_wconf 87' lang='lat'><strong>71</strong></span> 
     </span>
     <span class='ocr_line' id='line_1_22' title="bbox 50 2225 1060 2290; baseline 0.001 -18"><span class='ocrx_word' id='word_1_186' title='bbox 50 2235 95 2272; x_wconf 89' lang='lat' dir='ltr'><strong>et</strong></span> <span class='ocrx_word' id='word_1_187' title='bbox 129 2243 256 2290; x_wconf 89' lang='lat' dir='ltr'><strong>seqq.</strong></span> <span class='ocrx_word' id='word_1_188' title='bbox 298 2226 520 2288; x_wconf 84' lang='lat' dir='ltr'><strong>prolixam</strong></span> <span class='ocrx_word' id='word_1_189' title='bbox 562 2225 650 2273; x_wconf 88' lang='lat' dir='ltr'><strong>hac</strong></span> <span class='ocrx_word' id='word_1_190' title='bbox 689 2225 747 2273; x_wconf 85' lang='lat' dir='ltr'><strong>de</strong></span> <span class='ocrx_word' id='word_1_191' title='bbox 782 2242 831 2273; x_wconf 88' lang='lat' dir='ltr'><strong>re</strong></span> <span class='ocrx_word' id='word_1_192' title='bbox 858 2225 1060 2273; x_wconf 84' lang='lat' dir='ltr'><strong>instituit</strong></span> 
     </span>
     <span class='ocr_line' id='line_1_23' title="bbox 48 2306 1058 2370; baseline 0 -17"><span class='ocrx_word' id='word_1_193' title='bbox 48 2306 407 2370; x_wconf 86' lang='lat' dir='ltr'><strong>disputationem</strong></span> <span class='ocrx_word' id='word_1_194' title='bbox 431 2341 445 2365; x_wconf 88' lang='lat'>‚</span> <span class='ocrx_word' id='word_1_195' title='bbox 477 2322 619 2370; x_wconf 90' lang='lat' dir='ltr'><strong>quam</strong></span> <span class='ocrx_word' id='word_1_196' title='bbox 655 2322 740 2352; x_wconf 90' lang='lat' dir='ltr'><strong>nos</strong></span> <span class='ocrx_word' id='word_1_197' title='bbox 770 2307 820 2352; x_wconf 90' lang='lat' dir='ltr'><strong>in</strong></span> <span class='ocrx_word' id='word_1_198' title='bbox 847 2322 1058 2370; x_wconf 89' lang='lat' dir='ltr'><strong>compen·</strong></span> 
     </span>
     <span class='ocr_line' id='line_1_24' title="bbox 49 2386 1054 2450; baseline -0.001 -16"><span class='ocrx_word' id='word_1_199' title='bbox 49 2387 180 2434; x_wconf 91' lang='lat' dir='ltr'><strong>dium</strong></span> <span class='ocrx_word' id='word_1_200' title='bbox 212 2387 499 2450; x_wconf 79' lang='lat' dir='ltr'><strong>redegimus,</strong></span> <span class='ocrx_word' id='word_1_201' title='bbox 526 2397 580 2433; x_wconf 87' lang='lat' dir='ltr'><strong>ut</strong></span> <span class='ocrx_word' id='word_1_202' title='bbox 613 2386 746 2434; x_wconf 90' lang='lat' dir='ltr'><strong>nobis</strong></span> <span class='ocrx_word' id='word_1_203' title='bbox 773 2386 1054 2450; x_wconf 85' lang='lat' dir='ltr'><strong>persuadeat,</strong></span> 
     </span>
    </p>
   </div>
   <div class='ocr_carea' id='block_1_5' title="bbox 48 2466 1073 2515">
    <p class='ocr_par' dir='ltr' id='par_1_7' title="bbox 48 2466 1073 2515">
     <span class='ocr_line' id='line_1_25' title="bbox 48 2466 1073 2515; baseline -0.002 -1"><span class='ocrx_word' id='word_1_204' title='bbox 48 2466 297 2515; x_wconf 83' lang='lat' dir='ltr'><strong>Ecclesiam</strong></span> <span class='ocrx_word' id='word_1_205' title='bbox 333 2466 603 2515; x_wconf 81' lang='lat' dir='ltr'><strong>catholicam</strong></span> <span class='ocrx_word' id='word_1_206' title='bbox 638 2466 894 2515; x_wconf 85' lang='lat' dir='ltr'><strong>coalescere</strong></span> <span class='ocrx_word' id='word_1_207' title='bbox 920 2469 1073 2515; x_wconf 79' lang='lat' dir='ltr'><strong>etiam.</strong></span> 
     </span>
    </p>
   </div>
   <div class='ocr_carea' id='block_1_6' title="bbox 48 2547 1063 3756">
    <p class='ocr_par' dir='ltr' id='par_1_8' title="bbox 48 2547 1063 3756">
     <span class='ocr_line' id='line_1_26' title="bbox 48 2547 1057 2612; baseline -0.002 -15"><span class='ocrx_word' id='word_1_208' title='bbox 48 2565 101 2597; x_wconf 83' lang='lat' dir='ltr'><strong>ex</strong></span> <span class='ocrx_word' id='word_1_209' title='bbox 128 2547 432 2608; x_wconf 87' lang='lat' dir='ltr'><strong>societatibus,</strong></span> <span class='ocrx_word' id='word_1_210' title='bbox 464 2565 578 2612; x_wconf 88' lang='lat' dir='ltr'><strong>quas</strong></span> <span class='ocrx_word' id='word_1_211' title='bbox 602 2565 686 2595; x_wconf 88' lang='lat' dir='ltr'><strong>nos</strong></span> <span class='ocrx_word' id='word_1_212' title='bbox 714 2550 779 2595; x_wconf 89' lang='lat' dir='ltr'><strong>uti</strong></span> <span class='ocrx_word' id='word_1_213' title='bbox 803 2548 1057 2596; x_wconf 81' lang='lat' dir='ltr'><strong>schismati-</strong></span> 
     </span>
     <span class='ocr_line' id='line_1_27' title="bbox 48 2629 1054 2693; baseline -0.001 -16"><span class='ocrx_word' id='word_1_214' title='bbox 48 2647 123 2677; x_wconf 88' lang='lat' dir='ltr'><strong>cas</strong></span> <span class='ocrx_word' id='word_1_215' title='bbox 151 2630 420 2677; x_wconf 87' lang='lat' dir='ltr'><strong>damnamus</strong></span> <span class='ocrx_word' id='word_1_216' title='bbox 446 2663 460 2690; x_wconf 91' lang='lat'>‚</span> <span class='ocrx_word' id='word_1_217' title='bbox 493 2645 546 2675; x_wconf 91' lang='lat' dir='ltr'><strong>ac</strong></span> <span class='ocrx_word' id='word_1_218' title='bbox 589 2638 822 2693; x_wconf 84' lang='lat' dir='ltr'><strong>propterea</strong></span> <span class='ocrx_word' id='word_1_219' title='bbox 859 2629 1054 2689; x_wconf 86' lang='lat' dir='ltr'><strong>inferat,</strong></span> 
     </span>
     <span class='ocr_line' id='line_1_28' title="bbox 49 2711 1054 2776; baseline -0.001 -16"><span class='ocrx_word' id='word_1_220' title='bbox 49 2715 309 2761; x_wconf 86' lang='lat' dir='ltr'><strong>societatem</strong></span> <span class='ocrx_word' id='word_1_221' title='bbox 358 2711 653 2776; x_wconf 83' lang='lat' dir='ltr'><strong>anglicanam</strong></span> <span class='ocrx_word' id='word_1_222' title='bbox 705 2712 762 2760; x_wconf 89' lang='lat' dir='ltr'><strong>ad</strong></span> <span class='ocrx_word' id='word_1_223' title='bbox 802 2711 1054 2759; x_wconf 86' lang='lat' dir='ltr'><strong>Ecclesiam</strong></span> 
     </span>
     <span class='ocr_line' id='line_1_29' title="bbox 48 2792 1054 2859; baseline -0.002 -17"><span class='ocrx_word' id='word_1_224' title='bbox 48 2794 315 2842; x_wconf 87' lang='lat' dir='ltr'><strong>catholicam</strong></span> <span class='ocrx_word' id='word_1_225' title='bbox 340 2796 563 2857; x_wconf 86' lang='lat' dir='ltr'><strong>pertinere</strong></span> <span class='ocrx_word' id='word_1_226' title='bbox 581 2829 595 2852; x_wconf 91' lang='lat'>,</span> <span class='ocrx_word' id='word_1_227' title='bbox 631 2795 842 2859; x_wconf 85' lang='lat' dir='ltr'><strong>quamvis</strong></span> <span class='ocrx_word' id='word_1_228' title='bbox 877 2792 1054 2840; x_wconf 85' lang='lat' dir='ltr'><strong>nullam</strong></span> 
     </span>
     <span class='ocr_line' id='line_1_30' title="bbox 49 2874 1056 2934; baseline -0.002 -11"><span class='ocrx_word' id='word_1_229' title='bbox 49 2892 155 2923; x_wconf 89' lang='lat' dir='ltr'><strong>cum</strong></span> <span class='ocrx_word' id='word_1_230' title='bbox 206 2875 428 2923; x_wconf 85' lang='lat' dir='ltr'><strong>catholica</strong></span> <span class='ocrx_word' id='word_1_231' title='bbox 472 2874 673 2922; x_wconf 89' lang='lat' dir='ltr'><strong>Ecclesia</strong></span> <span class='ocrx_word' id='word_1_232' title='bbox 692 2910 709 2934; x_wconf 91' lang='lat'><strong><em>,</em></strong></span> <span class='ocrx_word' id='word_1_233' title='bbox 753 2875 800 2921; x_wconf 92' lang='lat' dir='ltr'><strong>id</strong></span> <span class='ocrx_word' id='word_1_234' title='bbox 850 2884 916 2922; x_wconf 86' lang='lat' dir='ltr'><strong>est</strong></span> <span class='ocrx_word' id='word_1_235' title='bbox 930 2911 949 2934; x_wconf 93' lang='lat'><em>,</em></span> <span class='ocrx_word' id='word_1_236' title='bbox 982 2891 1056 2922; x_wconf 91' lang='lat' dir='ltr'><strong>ro-</strong></span> 
     </span>
     <span class='ocr_line' id='line_1_31' title="bbox 48 2956 1056 3017; baseline -0.003 -12"><span class='ocrx_word' id='word_1_237' title='bbox 48 2974 220 3017; x_wconf 89' lang='lat' dir='ltr'><strong>mana,</strong></span> <span class='ocrx_word' id='word_1_238' title='bbox 260 2959 634 3004; x_wconf 89' lang='lat' dir='ltr'><strong>communionem</strong></span> <span class='ocrx_word' id='word_1_239' title='bbox 675 2956 832 3005; x_wconf 88' lang='lat' dir='ltr'><strong>habet.</strong></span> <span class='ocrx_word' id='word_1_240' title='bbox 870 2956 929 3004; x_wconf 86' lang='lat' dir='ltr'><strong>Ut</strong></span> <span class='ocrx_word' id='word_1_241' title='bbox 968 2956 1056 3003; x_wconf 87' lang='lat' dir='ltr'><strong>hoc</strong></span> 
     </span>
     <span class='ocr_line' id='line_1_32' title="bbox 50 3038 1057 3102; baseline -0.003 -15"><span class='ocrx_word' id='word_1_242' title='bbox 50 3039 330 3102; x_wconf 84' lang='lat' dir='ltr'><strong>paradoxum</strong></span> <span class='ocrx_word' id='word_1_243' title='bbox 355 3039 583 3099; x_wconf 87' lang='lat' dir='ltr'><strong>adstruat,</strong></span> <span class='ocrx_word' id='word_1_244' title='bbox 601 3038 781 3086; x_wconf 88' lang='lat' dir='ltr'><strong>nullum</strong></span> <span class='ocrx_word' id='word_1_245' title='bbox 796 3054 891 3085; x_wconf 91' lang='lat' dir='ltr'><strong>non</strong></span> <span class='ocrx_word' id='word_1_246' title='bbox 908 3047 1057 3086; x_wconf 85' lang='lat' dir='ltr'><strong>movet</strong></span> 
     </span>
     <span class='ocr_line' id='line_1_33' title="bbox 49 3120 1055 3187; baseline 0.001 -20"><span class='ocrx_word' id='word_1_247' title='bbox 49 3120 250 3186; x_wconf 82' lang='lat' dir='ltr'><strong>lapidem</strong></span> <span class='ocrx_word' id='word_1_248' title='bbox 274 3159 287 3182; x_wconf 90' lang='lat'>‚</span> <span class='ocrx_word' id='word_1_249' title='bbox 330 3132 468 3187; x_wconf 88' lang='lat' dir='ltr'><strong>atque</strong></span> <span class='ocrx_word' id='word_1_250' title='bbox 515 3139 567 3170; x_wconf 88' lang='lat' dir='ltr'><strong>ex</strong></span> <span class='ocrx_word' id='word_1_251' title='bbox 615 3132 733 3170; x_wconf 86' lang='lat' dir='ltr'><strong>statu</strong></span> <span class='ocrx_word' id='word_1_252' title='bbox 783 3120 1055 3168; x_wconf 87' lang='lat' dir='ltr'><strong>accidentali</strong></span> 
     </span>
     <span class='ocr_line' id='line_1_34' title="bbox 55 3204 1057 3269; baseline 0 -20"><span class='ocrx_word' id='word_1_253' title='bbox 55 3217 109 3258; x_wconf 77' lang='lat' dir='ltr'><strong>ac</strong></span> <span class='ocrx_word' id='word_1_254' title='bbox 135 3205 402 3268; x_wconf 80' lang='lat' dir='ltr'><strong>temporario</strong></span> <span class='ocrx_word' id='word_1_255' title='bbox 420 3239 433 3262; x_wconf 91' lang='lat'>‚</span> <span class='ocrx_word' id='word_1_256' title='bbox 463 3205 512 3250; x_wconf 89' lang='lat' dir='ltr'><strong>in</strong></span> <span class='ocrx_word' id='word_1_257' title='bbox 541 3220 634 3268; x_wconf 91' lang='lat' dir='ltr'><strong>quo</strong></span> <span class='ocrx_word' id='word_1_258' title='bbox 657 3206 788 3269; x_wconf 86' lang='lat' dir='ltr'><strong>juxta</strong></span> <span class='ocrx_word' id='word_1_259' title='bbox 813 3204 964 3266; x_wconf 88' lang='lat' dir='ltr'><strong>ipsum</strong></span> <span class='ocrx_word' id='word_1_260' title='bbox 986 3204 1057 3250; x_wconf 85' lang='lat' dir='ltr'><strong>vi-</strong></span> 
     </span>
     <span class='ocr_line' id='line_1_35' title="bbox 57 3283 1058 3350; baseline 0.001 -22"><span class='ocrx_word' id='word_1_261' title='bbox 57 3283 153 3345; x_wconf 86' lang='lat' dir='ltr'><strong>guit</strong></span> <span class='ocrx_word' id='word_1_262' title='bbox 194 3286 244 3331; x_wconf 88' lang='lat' dir='ltr'><strong>in</strong></span> <span class='ocrx_word' id='word_1_263' title='bbox 276 3284 475 3333; x_wconf 87' lang='lat' dir='ltr'><strong>Ecclesia</strong></span> <span class='ocrx_word' id='word_1_264' title='bbox 521 3285 674 3350; x_wconf 88' lang='lat' dir='ltr'><strong>aliqua</strong></span> <span class='ocrx_word' id='word_1_265' title='bbox 719 3285 880 3331; x_wconf 87' lang='lat' dir='ltr'><strong>divisio</strong></span> <span class='ocrx_word' id='word_1_266' title='bbox 902 3319 916 3343; x_wconf 88' lang='lat'><strong>,</strong></span> <span class='ocrx_word' id='word_1_267' title='bbox 959 3300 1058 3348; x_wconf 82' lang='lat' dir='ltr'><strong>quae</strong></span> 
     </span>
     <span class='ocr_line' id='line_1_36' title="bbox 57 3365 1059 3428; baseline 0 -17"><span class='ocrx_word' id='word_1_268' title='bbox 57 3365 229 3427; x_wconf 85' lang='lat' dir='ltr'><strong>pacatis</strong></span> <span class='ocrx_word' id='word_1_269' title='bbox 266 3366 400 3414; x_wconf 83' lang='lat' dir='ltr'><strong>rebus</strong></span> <span class='ocrx_word' id='word_1_270' title='bbox 461 3366 638 3414; x_wconf 89' lang='lat' dir='ltr'><strong>sublata</strong></span> <span class='ocrx_word' id='word_1_271' title='bbox 674 3375 770 3425; x_wconf 90' lang='lat' dir='ltr'><strong>est,</strong></span> <span class='ocrx_word' id='word_1_272' title='bbox 807 3367 902 3428; x_wconf 89' lang='lat' dir='ltr'><strong>ipse</strong></span> <span class='ocrx_word' id='word_1_273' title='bbox 947 3380 1059 3411; x_wconf 85' lang='lat' dir='ltr'><strong>con-</strong></span> 
     </span>
     <span class='ocr_line' id='line_1_37' title="bbox 56 3444 1059 3511; baseline 0 -19"><span class='ocrx_word' id='word_1_274' title='bbox 56 3444 202 3492; x_wconf 85' lang='lat' dir='ltr'><strong>cludit</strong></span> <span class='ocrx_word' id='word_1_275' title='bbox 218 3445 275 3492; x_wconf 85' lang='lat' dir='ltr'><strong>ad</strong></span> <span class='ocrx_word' id='word_1_276' title='bbox 294 3455 465 3495; x_wconf 87' lang='lat' dir='ltr'><strong>statum</strong></span> <span class='ocrx_word' id='word_1_277' title='bbox 491 3449 728 3496; x_wconf 85' lang='lat' dir='ltr'><strong>divisionis</strong></span> <span class='ocrx_word' id='word_1_278' title='bbox 746 3447 1059 3511; x_wconf 87' lang='lat' dir='ltr'><strong>permanentis</strong></span> 
     </span>
     <span class='ocr_line' id='line_1_38' title="bbox 65 3527 1061 3595; baseline 0.002 -21"><span class='ocrx_word' id='word_1_279' title='bbox 65 3536 108 3574; x_wconf 84' lang='lat' dir='ltr'><strong>ct</strong></span> <span class='ocrx_word' id='word_1_280' title='bbox 124 3543 227 3575; x_wconf 80' lang='lat' dir='ltr'><strong>vere</strong></span> <span class='ocrx_word' id='word_1_281' title='bbox 247 3527 566 3591; x_wconf 71' lang='lat' dir='ltr'><strong>schismaticae,</strong></span> <span class='ocrx_word' id='word_1_282' title='bbox 588 3545 688 3595; x_wconf 84' lang='lat' dir='ltr'><strong>quae</strong></span> <span class='ocrx_word' id='word_1_283' title='bbox 703 3547 728 3577; x_wconf 92' lang='lat' dir='ltr'><strong>a</strong></span> <span class='ocrx_word' id='word_1_284' title='bbox 747 3528 890 3577; x_wconf 86' lang='lat' dir='ltr'><strong>tribus</strong></span> <span class='ocrx_word' id='word_1_285' title='bbox 916 3528 1061 3576; x_wconf 84' lang='lat' dir='ltr'><strong>ferme</strong></span> 
     </span>
     <span class='ocr_line' id='line_1_39' title="bbox 66 3608 1060 3678; baseline 0.001 -22"><span class='ocrx_word' id='word_1_286' title='bbox 66 3609 227 3656; x_wconf 87' lang='lat' dir='ltr'><strong>seculis</strong></span> <span class='ocrx_word' id='word_1_287' title='bbox 254 3608 428 3657; x_wconf 86' lang='lat' dir='ltr'><strong>obtinet</strong></span> <span class='ocrx_word' id='word_1_288' title='bbox 457 3613 574 3678; x_wconf 78' lang='lat' dir='ltr'><strong>iuter</strong></span> <span class='ocrx_word' id='word_1_289' title='bbox 597 3609 862 3661; x_wconf 79' lang='lat' dir='ltr'><strong>Ecclesiam</strong></span> <span class='ocrx_word' id='word_1_290' title='bbox 879 3647 893 3666; x_wconf 93' lang='lat'><em>,</em></span> <span class='ocrx_word' id='word_1_291' title='bbox 921 3627 1060 3676; x_wconf 91' lang='lat' dir='ltr'><strong>quam</strong></span> 
     </span>
     <span class='ocr_line' id='line_1_40' title="bbox 66 3689 1063 3756; baseline 0.002 -20"><span class='ocrx_word' id='word_1_292' title='bbox 66 3700 199 3738; x_wconf 82' lang='lat' dir='ltr'><strong>vocat</strong></span> <span class='ocrx_word' id='word_1_293' title='bbox 230 3689 535 3739; x_wconf 85' lang='lat' dir='ltr'><strong>britannicam</strong></span> <span class='ocrx_word' id='word_1_294' title='bbox 564 3708 642 3741; x_wconf 81' lang='lat' dir='ltr'><strong>seu</strong></span> <span class='ocrx_word' id='word_1_295' title='bbox 663 3692 948 3756; x_wconf 83' lang='lat' dir='ltr'><strong>anglicanam</strong></span> <span class='ocrx_word' id='word_1_296' title='bbox 973 3728 986 3752; x_wconf 91' lang='lat'>‚</span> <span class='ocrx_word' id='word_1_297' title='bbox 1020 3701 1063 3739; x_wconf 77' lang='lat' dir='ltr'><strong>et</strong></span> 
     </span>
    </p>
   </div>
   <div class='ocr_carea' id='block_1_7' title="bbox 1137 2063 2185 3428">
    <p class='ocr_par' dir='ltr' id='par_1_9' title="bbox 1137 2063 2154 3349">
     <span class='ocr_line' id='line_1_41' title="bbox 1145 2063 2147 2116; baseline 0.003 -4"><span class='ocrx_word' id='word_1_298' title='bbox 1145 2063 1400 2113; x_wconf 84' lang='lat' dir='ltr'><strong>Ecclesiam</strong></span> <span class='ocrx_word' id='word_1_299' title='bbox 1449 2081 1690 2114; x_wconf 85' lang='lat' dir='ltr'><strong>romanam</strong></span> <span class='ocrx_word' id='word_1_300' title='bbox 1731 2084 1811 2115; x_wconf 90' lang='lat' dir='ltr'><strong>seu</strong></span> <span class='ocrx_word' id='word_1_301' title='bbox 1856 2067 2147 2116; x_wconf 86' lang='lat' dir='ltr'><strong>catholicam.</strong></span> 
     </span>
     <span class='ocr_line' id='line_1_42' title="bbox 1143 2143 2153 2215; baseline 0.003 -22"><span class='ocrx_word' id='word_1_302' title='bbox 1143 2143 1231 2194; x_wconf 86' lang='lat' dir='ltr'><strong>Ast</strong></span> <span class='ocrx_word' id='word_1_303' title='bbox 1255 2163 1342 2195; x_wconf 83' lang='lat' dir='ltr'><strong>nec</strong></span> <span class='ocrx_word' id='word_1_304' title='bbox 1372 2163 1478 2196; x_wconf 84' lang='lat' dir='ltr'><strong>vera</strong></span> <span class='ocrx_word' id='word_1_305' title='bbox 1507 2157 1615 2195; x_wconf 90' lang='lat' dir='ltr'><strong>sunt</strong></span> <span class='ocrx_word' id='word_1_306' title='bbox 1653 2147 1770 2196; x_wconf 85' lang='lat' dir='ltr'><strong>facta</strong></span> <span class='ocrx_word' id='word_1_307' title='bbox 1793 2185 1807 2207; x_wconf 89' lang='lat'>‚</span> <span class='ocrx_word' id='word_1_308' title='bbox 1843 2164 1949 2215; x_wconf 83' lang='lat' dir='ltr'><strong>quae</strong></span> <span class='ocrx_word' id='word_1_309' title='bbox 1971 2147 2153 2197; x_wconf 86' lang='lat' dir='ltr'><strong>Palmer</strong></span> 
     </span>
     <span class='ocr_line' id='line_1_43' title="bbox 1145 2227 2152 2293; baseline 0.005 -19"><span class='ocrx_word' id='word_1_310' title='bbox 1145 2227 1302 2293; x_wconf 84' lang='lat' dir='ltr'><strong>objicit</strong></span> <span class='ocrx_word' id='word_1_311' title='bbox 1324 2246 1382 2277; x_wconf 86' lang='lat' dir='ltr'><strong>ex</strong></span> <span class='ocrx_word' id='word_1_312' title='bbox 1404 2228 1590 2276; x_wconf 88' lang='lat' dir='ltr'><strong>historia</strong></span> <span class='ocrx_word' id='word_1_313' title='bbox 1619 2230 1918 2278; x_wconf 86' lang='lat' dir='ltr'><strong>ecclesiastica</strong></span> <span class='ocrx_word' id='word_1_314' title='bbox 1938 2267 1952 2290; x_wconf 84' lang='lat'>,</span> <span class='ocrx_word' id='word_1_315' title='bbox 1972 2230 2031 2278; x_wconf 91' lang='lat' dir='ltr'><strong>ad</strong></span> <span class='ocrx_word' id='word_1_316' title='bbox 2048 2247 2152 2278; x_wconf 87' lang='lat' dir='ltr'><strong>sen-</strong></span> 
     </span>
     <span class='ocr_line' id='line_1_44' title="bbox 1144 2311 2154 2375; baseline 0.003 -19"><span class='ocrx_word' id='word_1_317' title='bbox 1144 2325 1249 2356; x_wconf 86' lang='lat' dir='ltr'><strong>sum</strong></span> <span class='ocrx_word' id='word_1_318' title='bbox 1269 2319 1312 2357; x_wconf 89' lang='lat' dir='ltr'><strong>et</strong></span> <span class='ocrx_word' id='word_1_319' title='bbox 1335 2326 1545 2373; x_wconf 90' lang='lat' dir='ltr'><strong>scopum,</strong></span> <span class='ocrx_word' id='word_1_320' title='bbox 1565 2327 1703 2374; x_wconf 87' lang='lat' dir='ltr'><strong>quem</strong></span> <span class='ocrx_word' id='word_1_321' title='bbox 1723 2311 1948 2370; x_wconf 85' lang='lat' dir='ltr'><strong>intendit,</strong></span> <span class='ocrx_word' id='word_1_322' title='bbox 1966 2321 2017 2358; x_wconf 90' lang='lat' dir='ltr'><strong>ut</strong></span> <span class='ocrx_word' id='word_1_323' title='bbox 2032 2320 2154 2375; x_wconf 89' lang='lat' dir='ltr'><strong>patet</strong></span> 
     </span>
     <span class='ocr_line' id='line_1_45' title="bbox 1143 2389 2150 2455; baseline 0.003 -19"><span class='ocrx_word' id='word_1_324' title='bbox 1143 2405 1202 2436; x_wconf 78' lang='lat' dir='ltr'><strong>ex</strong></span> <span class='ocrx_word' id='word_1_325' title='bbox 1246 2390 1657 2453; x_wconf 87' lang='lat' dir='ltr'><strong>responsionibus,</strong></span> <span class='ocrx_word' id='word_1_326' title='bbox 1690 2408 1803 2455; x_wconf 87' lang='lat' dir='ltr'><strong>quas</strong></span> <span class='ocrx_word' id='word_1_327' title='bbox 1845 2389 2150 2455; x_wconf 72' lang='lat' dir='ltr'><strong>subjecimus,</strong></span> 
     </span>
     <span class='ocr_line' id='line_1_46' title="bbox 1143 2466 2154 2535; baseline 0.002 -18"><span class='ocrx_word' id='word_1_328' title='bbox 1143 2468 1357 2518; x_wconf 87' lang='lat' dir='ltr'><strong>Ceterum</strong></span> <span class='ocrx_word' id='word_1_329' title='bbox 1391 2466 1486 2518; x_wconf 90' lang='lat' dir='ltr'><strong>hoc</strong></span> <span class='ocrx_word' id='word_1_330' title='bbox 1508 2470 1785 2534; x_wconf 86' lang='lat' dir='ltr'><strong>paradoxum</strong></span> <span class='ocrx_word' id='word_1_331' title='bbox 1812 2471 1992 2535; x_wconf 88' lang='lat' dir='ltr'><strong>jamdiu</strong></span> <span class='ocrx_word' id='word_1_332' title='bbox 2020 2487 2154 2519; x_wconf 82' lang='lat' dir='ltr'><strong>exco-</strong></span> 
     </span>
     <span class='ocr_line' id='line_1_47' title="bbox 1143 2550 2150 2618; baseline 0.002 -20"><span class='ocrx_word' id='word_1_333' title='bbox 1143 2553 1361 2615; x_wconf 82' lang='lat' dir='ltr'><strong>gitaverat</strong></span> <span class='ocrx_word' id='word_1_334' title='bbox 1388 2550 1590 2599; x_wconf 82' lang='lat' dir='ltr'><strong>Jacobus</strong></span> <span class='ocrx_word' id='word_1_335' title='bbox 1619 2550 1642 2597; x_wconf 94' lang='lat' dir='ltr'>I</span> <span class='ocrx_word' id='word_1_336' title='bbox 1661 2587 1675 2609; x_wconf 91' lang='lat'>‚</span> <span class='ocrx_word' id='word_1_337' title='bbox 1703 2551 1876 2616; x_wconf 82' lang='lat' dir='ltr'><strong>Angliae</strong></span> <span class='ocrx_word' id='word_1_338' title='bbox 1916 2551 2036 2611; x_wconf 85' lang='lat' dir='ltr'><strong>Rex,</strong></span> <span class='ocrx_word' id='word_1_339' title='bbox 2068 2555 2150 2618; x_wconf 89' lang='lat' dir='ltr'><strong>qui</strong></span> 
     </span>
     <span class='ocr_line' id='line_1_48' title="bbox 1142 2630 2151 2697; baseline 0.002 -19"><span class='ocrx_word' id='word_1_340' title='bbox 1142 2632 1265 2695; x_wconf 89' lang='lat' dir='ltr'><strong>apud</strong></span> <span class='ocrx_word' id='word_1_341' title='bbox 1309 2630 1448 2680; x_wconf 87' lang='lat' dir='ltr'><strong>Card.</strong></span> <span class='ocrx_word' id='word_1_342' title='bbox 1488 2631 1551 2679; x_wconf 92' lang='lat' dir='ltr'><strong>du</strong></span> <span class='ocrx_word' id='word_1_343' title='bbox 1578 2630 1790 2693; x_wconf 79' lang='lat' dir='ltr'><strong>Perrou,</strong></span> <span class='ocrx_word' id='word_1_344' title='bbox 1845 2631 2073 2697; x_wconf 75' lang='lat' dir='ltr'><strong>Replique</strong></span> <span class='ocrx_word' id='word_1_345' title='bbox 2119 2633 2151 2680; x_wconf 87' lang='grc' dir='ltr'>ὰ</span> 
     </span>
     <span class='ocr_line' id='line_1_49' title="bbox 1140 2711 2147 2777; baseline 0.003 -19"><span class='ocrx_word' id='word_1_346' title='bbox 1140 2711 1188 2759; x_wconf 85' lang='lat' dir='ltr'><strong>la</strong></span> <span class='ocrx_word' id='word_1_347' title='bbox 1236 2716 1428 2777; x_wconf 78' lang='lat' dir='ltr'><strong>reponse</strong></span> <span class='ocrx_word' id='word_1_348' title='bbox 1494 2713 1560 2759; x_wconf 80' lang='lat' dir='ltr'><strong>du</strong></span> <span class='ocrx_word' id='word_1_349' title='bbox 1594 2712 1727 2777; x_wconf 79' lang='lat' dir='ltr'><strong>Roy,</strong></span> <span class='ocrx_word' id='word_1_350' title='bbox 1774 2711 1848 2761; x_wconf 89' lang='lat' dir='ltr'><strong>ch.</strong></span> <span class='ocrx_word' id='word_1_351' title='bbox 1896 2730 1948 2760; x_wconf 69' lang='lat' dir='ltr'><strong>Lx</strong></span> <span class='ocrx_word' id='word_1_352' title='bbox 1975 2749 1989 2773; x_wconf 86' lang='lat'>,</span> <span class='ocrx_word' id='word_1_353' title='bbox 2035 2713 2147 2762; x_wconf 88' lang='lat' dir='ltr'><strong>edit.</strong></span> 
     </span>
     <span class='ocr_line' id='line_1_50' title="bbox 1141 2790 2148 2860; baseline 0.002 -19"><span class='ocrx_word' id='word_1_354' title='bbox 1141 2793 1284 2843; x_wconf 89' lang='lat' dir='ltr'><strong>Paris.</strong></span> <span class='ocrx_word' id='word_1_355' title='bbox 1322 2790 1477 2853; x_wconf 82' lang='lat'><strong>1633,</strong></span> <span class='ocrx_word' id='word_1_356' title='bbox 1507 2811 1610 2860; x_wconf 84' lang='lat' dir='ltr'><strong>pag.</strong></span> <span class='ocrx_word' id='word_1_357' title='bbox 1639 2792 1767 2857; x_wconf 83' lang='grc'>474,</span> <span class='ocrx_word' id='word_1_358' title='bbox 1797 2793 1977 2842; x_wconf 83' lang='lat' dir='ltr'><strong>aiebat:</strong></span> <span class='ocrx_word' id='word_1_359' title='bbox 2006 2793 2148 2843; x_wconf 80' lang='lat' dir='ltr'><strong>L’E-</strong></span> 
     </span>
     <span class='ocr_line' id='line_1_51' title="bbox 1137 2874 2144 2941; baseline 0.003 -19"><span class='ocrx_word' id='word_1_360' title='bbox 1137 2875 1256 2939; x_wconf 73' lang='lat' dir='ltr'><strong>qliae</strong></span> <span class='ocrx_word' id='word_1_361' title='bbox 1295 2876 1526 2924; x_wconf 79' lang='lat' dir='ltr'><strong>Romaine</strong></span> <span class='ocrx_word' id='word_1_362' title='bbox 1552 2913 1566 2936; x_wconf 89' lang='lat'>,</span> <span class='ocrx_word' id='word_1_363' title='bbox 1613 2875 1726 2923; x_wconf 79' lang='lat' dir='ltr'><strong>dom</strong></span> <span class='ocrx_word' id='word_1_364' title='bbox 1776 2874 1822 2923; x_wconf 84' lang='lat' dir='ltr'><strong>la</strong></span> <span class='ocrx_word' id='word_1_365' title='bbox 1880 2874 2094 2941; x_wconf 82' lang='lat' dir='ltr'><strong>Grecque</strong></span> <span class='ocrx_word' id='word_1_366' title='bbox 2130 2914 2144 2936; x_wconf 92' lang='lat'><strong>‚</strong></span> 
     </span>
     <span class='ocr_line' id='line_1_52' title="bbox 1139 2951 2146 3022; baseline 0.002 -17"><span class='ocrx_word' id='word_1_367' title='bbox 1139 2958 1522 3008; x_wconf 75' lang='lat' dir='ltr'><strong>l&#39;Antiochienne</strong></span> <span class='ocrx_word' id='word_1_368' title='bbox 1551 2993 1568 3019; x_wconf 88' lang='lat'>‚</span> <span class='ocrx_word' id='word_1_369' title='bbox 1614 2951 1981 3022; x_wconf 79' lang='lat' dir='ltr'><strong>l‘quptienne,</strong></span> <span class='ocrx_word' id='word_1_370' title='bbox 2034 2957 2146 3007; x_wconf 80' lang='lat' dir='ltr'><strong>l’A-</strong></span> 
     </span>
     <span class='ocr_line' id='line_1_53' title="bbox 1141 3038 2146 3105; baseline 0 -17"><span class='ocrx_word' id='word_1_371' title='bbox 1141 3041 1330 3105; x_wconf 77' lang='lat' dir='ltr'><strong>byssine</strong></span> <span class='ocrx_word' id='word_1_372' title='bbox 1349 3077 1362 3100; x_wconf 93' lang='lat'>‚</span> <span class='ocrx_word' id='word_1_373' title='bbox 1389 3039 1436 3088; x_wconf 88' lang='lat' dir='ltr'><strong>la</strong></span> <span class='ocrx_word' id='word_1_374' title='bbox 1464 3040 1809 3103; x_wconf 82' lang='lat' dir='ltr'><strong>Moscovitique</strong></span> <span class='ocrx_word' id='word_1_375' title='bbox 1839 3048 1882 3087; x_wconf 88' lang='lat' dir='ltr'><strong>et</strong></span> <span class='ocrx_word' id='word_1_376' title='bbox 1902 3038 2146 3104; x_wconf 80' lang='lat' dir='ltr'><strong>plusieurs</strong></span> 
     </span>
     <span class='ocr_line' id='line_1_54' title="bbox 1141 3119 2147 3185; baseline 0 -16"><span class='ocrx_word' id='word_1_377' title='bbox 1141 3131 1299 3170; x_wconf 82' lang='lat' dir='ltr'><strong>autres</strong></span> <span class='ocrx_word' id='word_1_378' title='bbox 1333 3131 1438 3169; x_wconf 82' lang='lat' dir='ltr'><strong>sont</strong></span> <span class='ocrx_word' id='word_1_379' title='bbox 1465 3121 1688 3168; x_wconf 78' lang='lat' dir='ltr'><strong>membres</strong></span> <span class='ocrx_word' id='word_1_380' title='bbox 1708 3158 1720 3180; x_wconf 84' lang='lat'>‚</span> <span class='ocrx_word' id='word_1_381' title='bbox 1748 3119 1861 3185; x_wconf 72' lang='lat' dir='ltr'><strong>plus</strong></span> <span class='ocrx_word' id='word_1_382' title='bbox 1901 3120 2147 3170; x_wconf 71' lang='lat' dir='ltr'><strong>excellente</strong></span> 
     </span>
     <span class='ocr_line' id='line_1_55' title="bbox 1143 3191 2144 3251; baseline 0 -1"><span class='ocrx_word' id='word_1_383' title='bbox 1143 3207 1174 3250; x_wconf 84' lang='grc' dir='ltr'><em>ὰ</em></span> <span class='ocrx_word' id='word_1_384' title='bbox 1202 3201 1248 3251; x_wconf 84' lang='lat' dir='ltr'><strong>la</strong></span> <span class='ocrx_word' id='word_1_385' title='bbox 1281 3204 1427 3251; x_wconf 77' lang='lat' dir='ltr'><strong>verite</strong></span> <span class='ocrx_word' id='word_1_386' title='bbox 1452 3219 1510 3251; x_wconf 80' lang='lat' dir='ltr'><strong>en</strong></span> <span class='ocrx_word' id='word_1_387' title='bbox 1529 3202 1739 3249; x_wconf 79' lang='lat' dir='ltr'><strong>doctrine</strong></span> <span class='ocrx_word' id='word_1_388' title='bbox 1759 3210 1802 3248; x_wconf 83' lang='lat' dir='ltr'><strong>et</strong></span> <span class='ocrx_word' id='word_1_389' title='bbox 1825 3217 1884 3248; x_wconf 81' lang='lat' dir='ltr'><strong>en</strong></span> <span class='ocrx_word' id='word_1_390' title='bbox 1912 3191 2144 3250; x_wconf 47' lang='lat' dir='ltr'><strong>&#39;simet-ite</strong></span> 
     </span>
     <span class='ocr_line' id='line_1_56' title="bbox 1143 3282 2144 3349; baseline 0 -19"><span class='ocrx_word' id='word_1_391' title='bbox 1143 3282 1200 3330; x_wconf 81' lang='lat' dir='ltr'><strong>de</strong></span> <span class='ocrx_word' id='word_1_392' title='bbox 1222 3283 1308 3349; x_wconf 70' lang='lat' dir='ltr'><strong>shy</strong></span> <span class='ocrx_word' id='word_1_393' title='bbox 1342 3283 1406 3332; x_wconf 87' lang='lat' dir='ltr'><strong>les</strong></span> <span class='ocrx_word' id='word_1_394' title='bbox 1448 3299 1540 3330; x_wconf 79' lang='lat' dir='ltr'><strong>uns</strong></span> <span class='ocrx_word' id='word_1_395' title='bbox 1580 3299 1668 3347; x_wconf 81' lang='lat' dir='ltr'><strong>que</strong></span> <span class='ocrx_word' id='word_1_396' title='bbox 1708 3282 1771 3329; x_wconf 82' lang='lat' dir='ltr'><strong>les</strong></span> <span class='ocrx_word' id='word_1_397' title='bbox 1798 3290 1986 3343; x_wconf 83' lang='lat' dir='ltr'><strong>autres,</strong></span> <span class='ocrx_word' id='word_1_398' title='bbox 2019 3284 2144 3331; x_wconf 80' lang='lat' dir='ltr'><strong>mais</strong></span> 
     </span>
    </p>

    <p class='ocr_par' dir='ltr' id='par_1_10' title="bbox 1144 3349 2185 3428">
     <span class='ocr_line' id='line_1_57' title="bbox 1144 3349 2185 3428; baseline -0.002 -16"><span class='ocrx_word' id='word_1_399' title='bbox 1144 3365 1359 3428; x_wconf 80' lang='lat' dir='ltr'><strong>toutefois</strong></span> <span class='ocrx_word' id='word_1_400' title='bbox 1387 3364 1610 3411; x_wconf 82' lang='lat' dir='ltr'><strong>membres</strong></span> <span class='ocrx_word' id='word_1_401' title='bbox 1642 3363 1698 3411; x_wconf 82' lang='lat' dir='ltr'><strong>de</strong></span> <span class='ocrx_word' id='word_1_402' title='bbox 1734 3360 1935 3427; x_wconf 77' lang='lat' dir='ltr'><strong>l&#39;quise</strong></span> <span class='ocrx_word' id='word_1_403' title='bbox 1986 3363 2144 3411; x_wconf 76' lang='lat' dir='ltr'><strong>catho-</strong></span> <span class='ocrx_word' id='word_1_404' title='bbox 2182 3349 2185 3352; x_wconf 10' lang='grc' dir='ltr'><em>Α</em></span> 
     </span>
    </p>
   </div>
   <div class='ocr_carea' id='block_1_8' title="bbox 1135 3432 2140 3512">
    <p class='ocr_par' dir='ltr' id='par_1_11' title="bbox 1135 3432 2140 3512">
     <span class='ocr_line' id='line_1_58' title="bbox 1135 3432 2140 3512; baseline -0.002 -19"><span class='ocrx_word' id='word_1_405' title='bbox 1135 3432 1270 3512; x_wconf 67' lang='lat' dir='ltr'><strong>⁴lique</strong></span> <span class='ocrx_word' id='word_1_406' title='bbox 1288 3483 1303 3508; x_wconf 89' lang='lat'><strong>,</strong></span> <span class='ocrx_word' id='word_1_407' title='bbox 1327 3446 1385 3494; x_wconf 84' lang='lat' dir='ltr'><strong>de</strong></span> <span class='ocrx_word' id='word_1_408' title='bbox 1408 3444 1603 3510; x_wconf 82' lang='lat' dir='ltr'><strong>laquelle</strong></span> <span class='ocrx_word' id='word_1_409' title='bbox 1627 3443 1674 3493; x_wconf 83' lang='lat' dir='ltr'><strong>la</strong></span> <span class='ocrx_word' id='word_1_410' title='bbox 1705 3462 1857 3493; x_wconf 81' lang='lat' dir='ltr'><strong>masse</strong></span> <span class='ocrx_word' id='word_1_411' title='bbox 1891 3454 1935 3493; x_wconf 81' lang='lat' dir='ltr'><strong>et</strong></span> <span class='ocrx_word' id='word_1_412' title='bbox 1957 3444 2005 3493; x_wconf 85' lang='lat' dir='ltr'><strong>la</strong></span> <span class='ocrx_word' id='word_1_413' title='bbox 2029 3460 2140 3492; x_wconf 84' lang='lat' dir='ltr'><strong>oon-</strong></span> 
     </span>
    </p>
   </div>
   <div class='ocr_carea' id='block_1_9' title="bbox 1143 3526 2141 3740">
    <p class='ocr_par' dir='ltr' id='par_1_12' title="bbox 1143 3526 2141 3740">
     <span class='ocr_line' id='line_1_59' title="bbox 1145 3526 2131 3591; baseline -0.003 -15"><span class='ocrx_word' id='word_1_414' title='bbox 1145 3536 1326 3576; x_wconf 68' lang='lat' dir='ltr'><strong>texture</strong></span> <span class='ocrx_word' id='word_1_415' title='bbox 1343 3565 1357 3589; x_wconf 85' lang='lat'><strong>,</strong></span> <span class='ocrx_word' id='word_1_416' title='bbox 1407 3536 1555 3591; x_wconf 79' lang='lat' dir='ltr'><strong>quam</strong></span> <span class='ocrx_word' id='word_1_417' title='bbox 1582 3527 1613 3574; x_wconf 85' lang='grc' dir='ltr'><em>ὰ</em></span> <span class='ocrx_word' id='word_1_418' title='bbox 1637 3526 1684 3573; x_wconf 86' lang='lat' dir='ltr'><strong>la</strong></span> <span class='ocrx_word' id='word_1_419' title='bbox 1721 3526 1875 3590; x_wconf 85' lang='lat' dir='ltr'><strong>forme</strong></span> <span class='ocrx_word' id='word_1_420' title='bbox 1903 3536 2090 3574; x_wconf 72' lang='lat' dir='ltr'><strong>externe</strong></span> <span class='ocrx_word' id='word_1_421' title='bbox 2117 3561 2131 3584; x_wconf 93' lang='lat'>‚</span> 
     </span>
     <span class='ocr_line' id='line_1_60' title="bbox 1146 3604 2141 3675; baseline -0.005 -18"><span class='ocrx_word' id='word_1_422' title='bbox 1146 3618 1213 3657; x_wconf 78' lang='lat' dir='ltr'><strong>est</strong></span> <span class='ocrx_word' id='word_1_423' title='bbox 1244 3610 1309 3675; x_wconf 67' lang='lat' dir='ltr'><strong>jo</strong></span> <span class='ocrx_word' id='word_1_424' title='bbox 1346 3607 1646 3674; x_wconf 60' lang='lat' dir='ltr'><strong>lonay-temps</strong></span> <span class='ocrx_word' id='word_1_425' title='bbox 1679 3606 1884 3656; x_wconf 82' lang='lat' dir='ltr'><strong>‹lissoute</strong></span> <span class='ocrx_word' id='word_1_426' title='bbox 1940 3613 1987 3653; x_wconf 78' lang='lat' dir='ltr'><strong>et</strong></span> <span class='ocrx_word' id='word_1_427' title='bbox 2039 3604 2141 3653; x_wconf 84' lang='lat' dir='ltr'><strong>des-</strong></span> 
     </span>
     <span class='ocr_line' id='line_1_61' title="bbox 1143 3689 1354 3740; baseline 0.005 -3"><span class='ocrx_word' id='word_1_428' title='bbox 1143 3689 1354 3740; x_wconf 76' lang='lat' dir='ltr'><strong>semblee.</strong></span> 
     </span>
    </p>
   </div>
  </div>
 </body>
</html>
