<?xml version="1.0" encoding="UTF-8"?>
<!DOCTYPE html PUBLIC "-//W3C//DTD XHTML 1.0 Transitional//EN"
    "http://www.w3.org/TR/xhtml1/DTD/xhtml1-transitional.dtd">
<html xmlns="http://www.w3.org/1999/xhtml" xml:lang="en" lang="en">
 <head>
  <title>
</title>
<meta http-equiv="Content-Type" content="text/html;charset=utf-8" />
  <meta name='ocr-system' content='tesseract 3.04.00' />
  <meta name='ocr-capabilities' content='ocr_page ocr_carea ocr_par ocr_line ocrx_word'/>
</head>
<body>
  <div class='ocr_page' id='page_1' title='image "a603693808perruoft_0275.png"; bbox 0 0 2514 4218; ppageno 0'>
   <div class='ocr_carea' id='block_1_1' title="bbox 526 204 1796 247">
    <p class='ocr_par' dir='ltr' id='par_1_1' title="bbox 526 204 1796 247">
     <span class='ocr_line' id='line_1_1' title="bbox 526 204 1796 247; baseline -0.003 -2"><span class='ocrx_word' id='word_1_1' title='bbox 526 206 683 247; x_wconf 75' lang='lat' dir='ltr'>PAR&#39;r.</span> <span class='ocrx_word' id='word_1_2' title='bbox 730 207 774 243; x_wconf 90' lang='lat'>1.</span> <span class='ocrx_word' id='word_1_3' title='bbox 817 206 939 243; x_wconf 78' lang='lat' dir='ltr'>GAP.</span> <span class='ocrx_word' id='word_1_4' title='bbox 985 206 1067 243; x_wconf 82' lang='lat' dir='ltr'>IV.</span> <span class='ocrx_word' id='word_1_5' title='bbox 1117 207 1189 244; x_wconf 84' lang='lat' dir='ltr'>DE</span> <span class='ocrx_word' id='word_1_6' title='bbox 1233 204 1505 244; x_wconf 75' lang='lat' dir='ltr'>EGGLESIAE</span> <span class='ocrx_word' id='word_1_7' title='bbox 1547 204 1796 242; x_wconf 76' lang='lat' dir='ltr'>nonnus.</span> 
     </span>
    </p>
   </div>
   <div class='ocr_carea' id='block_1_2' title="bbox 2090 182 2215 243">
    <p class='ocr_par' dir='ltr' id='par_1_2' title="bbox 2090 182 2215 243">
     <span class='ocr_line' id='line_1_2' title="bbox 2090 182 2215 243; baseline 0 -1"><span class='ocrx_word' id='word_1_8' title='bbox 2090 182 2215 243; x_wconf 75' lang='lat'>263</span> 
     </span>
    </p>
   </div>
   <div class='ocr_carea' id='block_1_3' title="bbox 93 345 2215 900">
    <p class='ocr_par' dir='ltr' id='par_1_3' title="bbox 93 345 2215 900">
     <span class='ocr_line' id='line_1_3' title="bbox 178 345 2210 428; baseline -0.002 -19"><span class='ocrx_word' id='word_1_9' title='bbox 178 349 319 409; x_wconf 75' lang='lat'>402.</span> <span class='ocrx_word' id='word_1_10' title='bbox 366 348 455 409; x_wconf 86' lang='lat' dir='ltr'>Ad</span> <span class='ocrx_word' id='word_1_11' title='bbox 501 347 621 423; x_wconf 66' lang='grc' dir='ltr'>ΒΦ,</span> <span class='ocrx_word' id='word_1_12' title='bbox 665 346 813 428; x_wconf 72' lang='lat' dir='ltr'>Ney.</span> <span class='ocrx_word' id='word_1_13' title='bbox 861 368 1082 428; x_wconf 79' lang='lat' dir='ltr'>conseq.</span> <span class='ocrx_word' id='word_1_14' title='bbox 1134 348 1524 428; x_wconf 71' lang='lat' dir='ltr'>Quaecumque</span> <span class='ocrx_word' id='word_1_15' title='bbox 1573 346 1737 405; x_wconf 79' lang='lat' dir='ltr'>e&#39;nim</span> <span class='ocrx_word' id='word_1_16' title='bbox 1797 345 2038 405; x_wconf 88' lang='lat' dir='ltr'>demum</span> <span class='ocrx_word' id='word_1_17' title='bbox 2090 346 2210 406; x_wconf 87' lang='lat' dir='ltr'>sint</span> 
     </span>
     <span class='ocr_line' id='line_1_4' title="bbox 97 439 2211 523; baseline -0.002 -17"><span class='ocrx_word' id='word_1_18' title='bbox 97 444 290 506; x_wconf 87' lang='lat' dir='ltr'>media</span> <span class='ocrx_word' id='word_1_19' title='bbox 311 454 371 503; x_wconf 90' lang='lat' dir='ltr'>et</span> <span class='ocrx_word' id='word_1_20' title='bbox 401 441 703 501; x_wconf 88' lang='lat' dir='ltr'>industriae</span> <span class='ocrx_word' id='word_1_21' title='bbox 723 487 738 517; x_wconf 86' lang='lat'>‚</span> <span class='ocrx_word' id='word_1_22' title='bbox 778 441 988 523; x_wconf 88' lang='lat' dir='ltr'>quibus</span> <span class='ocrx_word' id='word_1_23' title='bbox 1015 441 1259 501; x_wconf 83' lang='lat' dir='ltr'><strong>Ecclesia</strong></span> <span class='ocrx_word' id='word_1_24' title='bbox 1289 442 1476 501; x_wconf 84' lang='lat' dir='ltr'>utitur</span> <span class='ocrx_word' id='word_1_25' title='bbox 1505 441 1569 500; x_wconf 91' lang='lat' dir='ltr'>in</span> <span class='ocrx_word' id='word_1_26' title='bbox 1603 439 1999 520; x_wconf 84' lang='lat' dir='ltr'>cognoscendo</span> <span class='ocrx_word' id='word_1_27' title='bbox 2033 462 2211 501; x_wconf 88' lang='lat' dir='ltr'>sensu</span> 
     </span>
     <span class='ocr_line' id='line_1_5' title="bbox 98 534 2212 618; baseline -0.001 -18"><span class='ocrx_word' id='word_1_28' title='bbox 98 563 198 600; x_wconf 91' lang='lat' dir='ltr'>seu</span> <span class='ocrx_word' id='word_1_29' title='bbox 241 549 440 598; x_wconf 90' lang='lat' dir='ltr'>mente</span> <span class='ocrx_word' id='word_1_30' title='bbox 482 536 721 616; x_wconf 86' lang='lat' dir='ltr'>alicujus</span> <span class='ocrx_word' id='word_1_31' title='bbox 754 536 1003 596; x_wconf 80' lang='lat' dir='ltr'>auctoris</span> <span class='ocrx_word' id='word_1_32' title='bbox 1027 580 1045 610; x_wconf 72' lang='grc'><em>,</em></span> <span class='ocrx_word' id='word_1_33' title='bbox 1093 534 1387 612; x_wconf 86' lang='lat' dir='ltr'>objectum</span> <span class='ocrx_word' id='word_1_34' title='bbox 1425 535 1669 618; x_wconf 92' lang='lat' dir='ltr'>plenum</span> <span class='ocrx_word' id='word_1_35' title='bbox 1711 534 2068 594; x_wconf 89' lang='lat' dir='ltr'>definitionis</span> <span class='ocrx_word' id='word_1_36' title='bbox 2107 557 2212 618; x_wconf 89' lang='lat' dir='ltr'>per</span> 
     </span>
     <span class='ocr_line' id='line_1_6' title="bbox 96 628 2215 708; baseline -0.001 -16"><span class='ocrx_word' id='word_1_37' title='bbox 96 631 335 693; x_wconf 88' lang='lat' dir='ltr'>modum</span> <span class='ocrx_word' id='word_1_38' title='bbox 383 631 554 690; x_wconf 89' lang='lat' dir='ltr'>unius</span> <span class='ocrx_word' id='word_1_39' title='bbox 603 631 717 691; x_wconf 89' lang='lat' dir='ltr'>erit</span> <span class='ocrx_word' id='word_1_40' title='bbox 749 630 885 691; x_wconf 86' lang='lat' dir='ltr'>fidei</span> <span class='ocrx_word' id='word_1_41' title='bbox 929 629 1224 708; x_wconf 86' lang='lat' dir='ltr'>objectum</span> <span class='ocrx_word' id='word_1_42' title='bbox 1265 630 1465 691; x_wconf 87' lang='lat' dir='ltr'>divina</span> <span class='ocrx_word' id='word_1_43' title='bbox 1523 630 1639 691; x_wconf 83' lang='lat' dir='ltr'>fide</span> <span class='ocrx_word' id='word_1_44' title='bbox 1688 628 2045 690; x_wconf 87' lang='lat' dir='ltr'>credendum</span> <span class='ocrx_word' id='word_1_45' title='bbox 2065 675 2081 703; x_wconf 74' lang='grc'><em>,</em></span> <span class='ocrx_word' id='word_1_46' title='bbox 2133 630 2215 690; x_wconf 65' lang='lat' dir='ltr'>ob&gt;</span> 
     </span>
     <span class='ocr_line' id='line_1_7' title="bbox 93 723 2213 809; baseline -0.001 -22"><span class='ocrx_word' id='word_1_47' title='bbox 93 728 349 787; x_wconf 85' lang='lat' dir='ltr'>rationes</span> <span class='ocrx_word' id='word_1_48' title='bbox 384 726 561 809; x_wconf 88' lang='lat' dir='ltr'>paulo</span> <span class='ocrx_word' id='word_1_49' title='bbox 599 737 739 786; x_wconf 89' lang='lat' dir='ltr'>ante</span> <span class='ocrx_word' id='word_1_50' title='bbox 768 724 1067 785; x_wconf 84' lang='lat' dir='ltr'>adductas.</span> <span class='ocrx_word' id='word_1_51' title='bbox 1108 726 1265 783; x_wconf 91' lang='lat' dir='ltr'>Dum</span> <span class='ocrx_word' id='word_1_52' title='bbox 1300 745 1442 785; x_wconf 87' lang='lat' dir='ltr'>vero</span> <span class='ocrx_word' id='word_1_53' title='bbox 1474 727 1629 784; x_wconf 89' lang='lat' dir='ltr'>Deus</span> <span class='ocrx_word' id='word_1_54' title='bbox 1666 723 1931 785; x_wconf 72' lang='lat' dir='ltr'>Ecclesiae</span> <span class='ocrx_word' id='word_1_55' title='bbox 1967 746 2084 785; x_wconf 85' lang='lat' dir='ltr'>suae</span> <span class='ocrx_word' id='word_1_56' title='bbox 2117 747 2213 784; x_wconf 88' lang='lat' dir='ltr'>as·</span> 
     </span>
     <span class='ocr_line' id='line_1_8' title="bbox 97 817 2214 900; baseline -0.001 -19"><span class='ocrx_word' id='word_1_57' title='bbox 97 822 250 882; x_wconf 85' lang='lat' dir='ltr'>sistit</span> <span class='ocrx_word' id='word_1_58' title='bbox 269 868 285 897; x_wconf 73' lang='grc'><em>,</em></span> <span class='ocrx_word' id='word_1_59' title='bbox 330 843 454 880; x_wconf 91' lang='lat' dir='ltr'>non</span> <span class='ocrx_word' id='word_1_60' title='bbox 495 820 753 881; x_wconf 84' lang='lat' dir='ltr'>excludit</span> <span class='ocrx_word' id='word_1_61' title='bbox 785 820 1040 879; x_wconf 83' lang='lat' dir='ltr'>humana</span> <span class='ocrx_word' id='word_1_62' title='bbox 1074 817 1304 892; x_wconf 74' lang='lat' dir='ltr'>media,</span> <span class='ocrx_word' id='word_1_63' title='bbox 1347 830 1526 900; x_wconf 82' lang='lat' dir='ltr'>prout.</span> <span class='ocrx_word' id='word_1_64' title='bbox 1567 840 1634 879; x_wconf 86' lang='lat' dir='ltr'>ea</span> <span class='ocrx_word' id='word_1_65' title='bbox 1675 819 1737 879; x_wconf 89' lang='lat' dir='ltr'>in</span> <span class='ocrx_word' id='word_1_66' title='bbox 1775 818 2214 880; x_wconf 87' lang='lat' dir='ltr'>definitionibus</span> 
     </span>
    </p>
   </div>
   <div class='ocr_carea' id='block_1_4' title="bbox 97 911 1076 998">
    <p class='ocr_par' dir='ltr' id='par_1_4' title="bbox 97 911 1076 998">
     <span class='ocr_line' id='line_1_9' title="bbox 97 911 1076 998; baseline -0.005 -23"><span class='ocrx_word' id='word_1_67' title='bbox 97 911 244 998; x_wconf 89' lang='lat' dir='ltr'>pure</span> <span class='ocrx_word' id='word_1_68' title='bbox 285 915 624 996; x_wconf 82' lang='lat' dir='ltr'>dogmaticis</span> <span class='ocrx_word' id='word_1_69' title='bbox 651 937 775 974; x_wconf 89' lang='lat' dir='ltr'>non</span> <span class='ocrx_word' id='word_1_70' title='bbox 804 912 1076 974; x_wconf 84' lang='lat' dir='ltr'>excludit.</span> 
     </span>
    </p>
   </div>
   <div class='ocr_carea' id='block_1_5' title="bbox 101 1007 2224 1187">
    <p class='ocr_par' dir='ltr' id='par_1_5' title="bbox 101 1007 2224 1187">
     <span class='ocr_line' id='line_1_10' title="bbox 181 1007 2220 1090; baseline -0 -20"><span class='ocrx_word' id='word_1_71' title='bbox 181 1011 326 1072; x_wconf 79' lang='lat'>403.</span> <span class='ocrx_word' id='word_1_72' title='bbox 373 1011 508 1090; x_wconf 90' lang='lat' dir='ltr'>Obj.</span> <span class='ocrx_word' id='word_1_73' title='bbox 549 1009 819 1071; x_wconf 83' lang='lat' dir='ltr'>secunda.</span> <span class='ocrx_word' id='word_1_74' title='bbox 849 1008 912 1066; x_wconf 88' lang='lat'>1⁰</span> <span class='ocrx_word' id='word_1_75' title='bbox 935 1008 1165 1087; x_wconf 77' lang='lat' dir='ltr'><strong>Pugnat</strong></span> <span class='ocrx_word' id='word_1_76' title='bbox 1205 1007 1483 1068; x_wconf 82' lang='lat' dir='ltr'>adversus</span> <span class='ocrx_word' id='word_1_77' title='bbox 1508 1008 1660 1067; x_wconf 89' lang='lat' dir='ltr'>hanc</span> <span class='ocrx_word' id='word_1_78' title='bbox 1687 1008 2014 1070; x_wconf 83' lang='lat' dir='ltr'>doctrinam</span> <span class='ocrx_word' id='word_1_79' title='bbox 2042 1011 2220 1073; x_wconf 87' lang='lat' dir='ltr'>novi-</span> 
     </span>
     <span class='ocr_line' id='line_1_11' title="bbox 101 1103 2224 1187; baseline 0.001 -23"><span class='ocrx_word' id='word_1_80' title='bbox 101 1105 237 1164; x_wconf 86' lang='lat' dir='ltr'>tatis</span> <span class='ocrx_word' id='word_1_81' title='bbox 275 1105 712 1187; x_wconf 79' lang='lat' dir='ltr'>praejudicium3</span> <span class='ocrx_word' id='word_1_82' title='bbox 752 1122 886 1161; x_wconf 89' lang='lat' dir='ltr'>cum</span> <span class='ocrx_word' id='word_1_83' title='bbox 919 1122 1043 1160; x_wconf 91' lang='lat' dir='ltr'>non</span> <span class='ocrx_word' id='word_1_84' title='bbox 1079 1103 1324 1184; x_wconf 89' lang='lat' dir='ltr'>coeperit</span> <span class='ocrx_word' id='word_1_85' title='bbox 1364 1105 1722 1186; x_wconf 81' lang='lat' dir='ltr'>propugnari</span> <span class='ocrx_word' id='word_1_86' title='bbox 1758 1105 1869 1164; x_wconf 86' lang='lat' dir='ltr'>nisi</span> <span class='ocrx_word' id='word_1_87' title='bbox 1913 1106 2224 1187; x_wconf 84' lang='lat' dir='ltr'>postremis</span> 
     </span>
    </p>
   </div>
   <div class='ocr_carea' id='block_1_6' title="bbox 94 1293 1126 3730">
    <p class='ocr_par' dir='ltr' id='par_1_6' title="bbox 94 1293 1126 3730">
     <span class='ocr_line' id='line_1_12' title="bbox 98 1293 1119 1346; baseline -0.004 -2"><span class='ocrx_word' id='word_1_88' title='bbox 98 1306 258 1344; x_wconf 85' lang='lat' dir='ltr'>torum</span> <span class='ocrx_word' id='word_1_89' title='bbox 295 1297 538 1346; x_wconf 82' lang='lat' dir='ltr'>doctorum</span> <span class='ocrx_word' id='word_1_90' title='bbox 571 1293 903 1343; x_wconf 79' lang='lat' dir='ltr'>catholicorum</span> <span class='ocrx_word' id='word_1_91' title='bbox 932 1302 1119 1342; x_wconf 84' lang='lat' dir='ltr'>senten-</span> 
     </span>
     <span class='ocr_line' id='line_1_13' title="bbox 98 1374 1122 1440; baseline -0.002 -15"><span class='ocrx_word' id='word_1_92' title='bbox 98 1379 211 1426; x_wconf 86' lang='lat' dir='ltr'>tiam</span> <span class='ocrx_word' id='word_1_93' title='bbox 231 1414 246 1438; x_wconf 92' lang='lat'>‚</span> <span class='ocrx_word' id='word_1_94' title='bbox 280 1378 625 1428; x_wconf 83' lang='lat' dir='ltr'>heterodoxiam</span> <span class='ocrx_word' id='word_1_95' title='bbox 669 1384 822 1424; x_wconf 84' lang='lat' dir='ltr'>textus</span> <span class='ocrx_word' id='word_1_96' title='bbox 873 1374 1122 1440; x_wconf 84' lang='lat' dir='ltr'>dogmatici</span> 
     </span>
     <span class='ocr_line' id='line_1_14' title="bbox 98 1455 1123 1522; baseline -0.002 -15"><span class='ocrx_word' id='word_1_97' title='bbox 98 1459 158 1507; x_wconf 90' lang='lat' dir='ltr'>ab</span> <span class='ocrx_word' id='word_1_98' title='bbox 195 1459 398 1508; x_wconf 80' lang='lat' dir='ltr'>Ecclesia</span> <span class='ocrx_word' id='word_1_99' title='bbox 436 1459 636 1507; x_wconf 80' lang='lat' dir='ltr'>decisam</span> <span class='ocrx_word' id='word_1_100' title='bbox 693 1458 957 1506; x_wconf 87' lang='lat' dir='ltr'>firmissime</span> <span class='ocrx_word' id='word_1_101' title='bbox 996 1455 1123 1522; x_wconf 81' lang='lat' dir='ltr'>judi-</span> 
     </span>
     <span class='ocr_line' id='line_1_15' title="bbox 97 1540 1124 1607; baseline -0.002 -16"><span class='ocrx_word' id='word_1_102' title='bbox 97 1545 189 1604; x_wconf 82' lang='lat' dir='ltr'>cari</span> <span class='ocrx_word' id='word_1_103' title='bbox 223 1559 352 1607; x_wconf 87' lang='lat' dir='ltr'>posse</span> <span class='ocrx_word' id='word_1_104' title='bbox 378 1558 458 1607; x_wconf 90' lang='lat' dir='ltr'>per</span> <span class='ocrx_word' id='word_1_105' title='bbox 482 1540 625 1589; x_wconf 88' lang='lat' dir='ltr'>fidem</span> <span class='ocrx_word' id='word_1_106' title='bbox 645 1576 659 1598; x_wconf 87' lang='lat'>,</span> <span class='ocrx_word' id='word_1_107' title='bbox 693 1558 835 1607; x_wconf 90' lang='lat' dir='ltr'>quam</span> <span class='ocrx_word' id='word_1_108' title='bbox 860 1551 1028 1589; x_wconf 84' lang='lat' dir='ltr'>vocant</span> <span class='ocrx_word' id='word_1_109' title='bbox 1048 1556 1124 1589; x_wconf 83' lang='lat' dir='ltr'>ee-</span> 
     </span>
     <span class='ocr_line' id='line_1_16' title="bbox 94 1615 1121 1688; baseline -0.002 -16"><span class='ocrx_word' id='word_1_110' title='bbox 94 1623 428 1675; x_wconf 73' lang='lat' dir='ltr'>clesiasticam.</span> <span class='ocrx_word' id='word_1_111' title='bbox 445 1621 509 1670; x_wconf 91' lang='lat' dir='ltr'>Hi</span> <span class='ocrx_word' id='word_1_112' title='bbox 526 1615 650 1671; x_wconf 84' lang='lat' dir='ltr'>enim</span> <span class='ocrx_word' id='word_1_113' title='bbox 665 1622 876 1671; x_wconf 90' lang='lat' dir='ltr'>doctores</span> <span class='ocrx_word' id='word_1_114' title='bbox 893 1622 1121 1688; x_wconf 84' lang='lat' dir='ltr'>triplicem</span> 
     </span>
     <span class='ocr_line' id='line_1_17' title="bbox 96 1703 1119 1769; baseline -0.001 -15"><span class='ocrx_word' id='word_1_115' title='bbox 96 1705 237 1754; x_wconf 83' lang='lat' dir='ltr'>fidem</span> <span class='ocrx_word' id='word_1_116' title='bbox 278 1704 598 1769; x_wconf 85' lang='lat' dir='ltr'>distinguunt,</span> <span class='ocrx_word' id='word_1_117' title='bbox 639 1703 860 1752; x_wconf 84' lang='lat' dir='ltr'>divinam</span> <span class='ocrx_word' id='word_1_118' title='bbox 899 1704 1076 1753; x_wconf 88' lang='lat' dir='ltr'>scilicet</span> <span class='ocrx_word' id='word_1_119' title='bbox 1105 1741 1119 1764; x_wconf 94' lang='lat'>‚</span> 
     </span>
     <span class='ocr_line' id='line_1_18' title="bbox 96 1783 1121 1853; baseline -0.002 -19"><span class='ocrx_word' id='word_1_120' title='bbox 96 1802 200 1853; x_wconf 76' lang='lat' dir='ltr'>quae</span> <span class='ocrx_word' id='word_1_121' title='bbox 226 1787 388 1834; x_wconf 87' lang='lat' dir='ltr'>nititur</span> <span class='ocrx_word' id='word_1_122' title='bbox 417 1786 686 1834; x_wconf 87' lang='lat' dir='ltr'>auctoritate</span> <span class='ocrx_word' id='word_1_123' title='bbox 711 1784 907 1842; x_wconf 80' lang='lat' dir='ltr'>divina3</span> <span class='ocrx_word' id='word_1_124' title='bbox 947 1783 1121 1832; x_wconf 75' lang='lat' dir='ltr'>huma·-</span> 
     </span>
     <span class='ocr_line' id='line_1_19' title="bbox 95 1867 1121 1934; baseline -0.001 -18"><span class='ocrx_word' id='word_1_125' title='bbox 95 1883 214 1916; x_wconf 86' lang='lat' dir='ltr'>nam</span> <span class='ocrx_word' id='word_1_126' title='bbox 229 1902 246 1930; x_wconf 89' lang='lat'><strong><em>,</em></strong></span> <span class='ocrx_word' id='word_1_127' title='bbox 275 1885 377 1934; x_wconf 81' lang='lat' dir='ltr'>quae</span> <span class='ocrx_word' id='word_1_128' title='bbox 400 1869 566 1916; x_wconf 84' lang='lat' dir='ltr'>nititur</span> <span class='ocrx_word' id='word_1_129' title='bbox 583 1869 851 1916; x_wconf 84' lang='lat' dir='ltr'>auctoritate</span> <span class='ocrx_word' id='word_1_130' title='bbox 876 1867 1083 1915; x_wconf 88' lang='lat' dir='ltr'>humana</span> <span class='ocrx_word' id='word_1_131' title='bbox 1105 1883 1121 1930; x_wconf 82' lang='lat'><em>3</em></span> 
     </span>
     <span class='ocr_line' id='line_1_20' title="bbox 99 1948 1120 2016; baseline -0.001 -17"><span class='ocrx_word' id='word_1_132' title='bbox 99 1960 142 1999; x_wconf 81' lang='lat' dir='ltr'>et</span> <span class='ocrx_word' id='word_1_133' title='bbox 155 1952 477 2000; x_wconf 86' lang='lat' dir='ltr'>intermediam</span> <span class='ocrx_word' id='word_1_134' title='bbox 494 1985 512 2012; x_wconf 90' lang='lat'>,</span> <span class='ocrx_word' id='word_1_135' title='bbox 537 1965 643 2016; x_wconf 82' lang='lat' dir='ltr'>quae</span> <span class='ocrx_word' id='word_1_136' title='bbox 656 1948 976 1998; x_wconf 71' lang='lat' dir='ltr'>ecelesiastica</span> <span class='ocrx_word' id='word_1_137' title='bbox 992 1968 1120 1999; x_wconf 88' lang='lat' dir='ltr'>nun-</span> 
     </span>
     <span class='ocr_line' id='line_1_21' title="bbox 98 2031 1122 2098; baseline 0.001 -19"><span class='ocrx_word' id='word_1_138' title='bbox 98 2041 301 2097; x_wconf 86' lang='lat' dir='ltr'>cupatur</span> <span class='ocrx_word' id='word_1_139' title='bbox 326 2069 340 2093; x_wconf 93' lang='lat'>,</span> <span class='ocrx_word' id='word_1_140' title='bbox 367 2035 476 2098; x_wconf 89' lang='lat' dir='ltr'>quia</span> <span class='ocrx_word' id='word_1_141' title='bbox 498 2034 662 2082; x_wconf 88' lang='lat' dir='ltr'>nititur</span> <span class='ocrx_word' id='word_1_142' title='bbox 678 2034 946 2082; x_wconf 85' lang='lat' dir='ltr'>auctoritate</span> <span class='ocrx_word' id='word_1_143' title='bbox 959 2031 1122 2082; x_wconf 89' lang='lat' dir='ltr'>Eccle-</span> 
     </span>
     <span class='ocr_line' id='line_1_22' title="bbox 101 2115 1124 2185; baseline 0.003 -23"><span class='ocrx_word' id='word_1_144' title='bbox 101 2116 179 2163; x_wconf 83' lang='lat' dir='ltr'>siae</span> <span class='ocrx_word' id='word_1_145' title='bbox 235 2115 411 2180; x_wconf 89' lang='lat' dir='ltr'>aliquid</span> <span class='ocrx_word' id='word_1_146' title='bbox 464 2116 726 2185; x_wconf 80' lang='lat' dir='ltr'>definientis</span> <span class='ocrx_word' id='word_1_147' title='bbox 771 2133 879 2164; x_wconf 90' lang='lat' dir='ltr'>cum</span> <span class='ocrx_word' id='word_1_148' title='bbox 932 2117 1124 2182; x_wconf 88' lang='lat' dir='ltr'>speciali</span> 
     </span>
     <span class='ocr_line' id='line_1_23' title="bbox 100 2194 1123 2263; baseline 0.002 -20"><span class='ocrx_word' id='word_1_149' title='bbox 100 2194 297 2261; x_wconf 83' lang='lat' dir='ltr'>Spiritus</span> <span class='ocrx_word' id='word_1_150' title='bbox 324 2194 482 2246; x_wconf 79' lang='lat' dir='ltr'>Sancti</span> <span class='ocrx_word' id='word_1_151' title='bbox 529 2198 814 2258; x_wconf 82' lang='lat' dir='ltr'>assistentia,</span> <span class='ocrx_word' id='word_1_152' title='bbox 845 2214 1047 2263; x_wconf 88' lang='lat' dir='ltr'>quacum</span> <span class='ocrx_word' id='word_1_153' title='bbox 1073 2200 1123 2245; x_wconf 90' lang='lat' dir='ltr'>in</span> 
     </span>
     <span class='ocr_line' id='line_1_24' title="bbox 101 2277 1123 2342; baseline 0.001 -17"><span class='ocrx_word' id='word_1_154' title='bbox 101 2295 183 2326; x_wconf 85' lang='lat' dir='ltr'>sua</span> <span class='ocrx_word' id='word_1_155' title='bbox 223 2277 490 2326; x_wconf 88' lang='lat' dir='ltr'>definitione</span> <span class='ocrx_word' id='word_1_156' title='bbox 522 2294 674 2326; x_wconf 87' lang='lat' dir='ltr'>errare</span> <span class='ocrx_word' id='word_1_157' title='bbox 706 2295 803 2325; x_wconf 93' lang='lat' dir='ltr'>non</span> <span class='ocrx_word' id='word_1_158' title='bbox 845 2287 1011 2342; x_wconf 87' lang='lat' dir='ltr'>potest.</span> <span class='ocrx_word' id='word_1_159' title='bbox 1049 2277 1123 2326; x_wconf 83' lang='lat' dir='ltr'>Ex</span> 
     </span>
     <span class='ocr_line' id='line_1_25' title="bbox 102 2357 1121 2408; baseline 0.002 -2"><span class='ocrx_word' id='word_1_160' title='bbox 102 2358 175 2407; x_wconf 90' lang='lat' dir='ltr'>his</span> <span class='ocrx_word' id='word_1_161' title='bbox 201 2357 468 2407; x_wconf 76' lang='lat' dir='ltr'>humanam</span> <span class='ocrx_word' id='word_1_162' title='bbox 495 2374 592 2407; x_wconf 87' lang='lat' dir='ltr'>non</span> <span class='ocrx_word' id='word_1_163' title='bbox 623 2360 816 2407; x_wconf 88' lang='lat' dir='ltr'>omnino</span> <span class='ocrx_word' id='word_1_164' title='bbox 839 2368 1008 2407; x_wconf 84' lang='lat' dir='ltr'>certam</span> <span class='ocrx_word' id='word_1_165' title='bbox 1035 2359 1121 2408; x_wconf 86' lang='lat' dir='ltr'>ha-</span> 
     </span>
     <span class='ocr_line' id='line_1_26' title="bbox 100 2440 1121 2506; baseline 0.001 -17"><span class='ocrx_word' id='word_1_166' title='bbox 100 2440 215 2490; x_wconf 89' lang='lat' dir='ltr'>bent</span> <span class='ocrx_word' id='word_1_167' title='bbox 233 2478 247 2502; x_wconf 90' lang='lat'><em>‚</em></span> <span class='ocrx_word' id='word_1_168' title='bbox 295 2450 453 2506; x_wconf 86' lang='lat' dir='ltr'>utpote</span> <span class='ocrx_word' id='word_1_169' title='bbox 500 2443 640 2490; x_wconf 86' lang='lat' dir='ltr'>errori</span> <span class='ocrx_word' id='word_1_170' title='bbox 675 2441 957 2505; x_wconf 80' lang='lat' dir='ltr'>obnoxiam3</span> <span class='ocrx_word' id='word_1_171' title='bbox 992 2441 1121 2490; x_wconf 87' lang='lat' dir='ltr'>divi·</span> 
     </span>
     <span class='ocr_line' id='line_1_27' title="bbox 102 2523 1124 2588; baseline 0.003 -19"><span class='ocrx_word' id='word_1_172' title='bbox 102 2538 214 2571; x_wconf 87' lang='lat' dir='ltr'>nam</span> <span class='ocrx_word' id='word_1_173' title='bbox 244 2539 352 2572; x_wconf 75' lang='lat' dir='ltr'>vero</span> <span class='ocrx_word' id='word_1_174' title='bbox 369 2523 665 2572; x_wconf 85' lang='lat' dir='ltr'>infallibilem</span> <span class='ocrx_word' id='word_1_175' title='bbox 679 2580 682 2584; x_wconf 28' lang='lat'><strong><em>¹</em></strong></span> <span class='ocrx_word' id='word_1_176' title='bbox 694 2525 961 2572; x_wconf 89' lang='lat' dir='ltr'>immediate</span> <span class='ocrx_word' id='word_1_177' title='bbox 984 2534 1029 2572; x_wconf 84' lang='lat' dir='ltr'>et</span> <span class='ocrx_word' id='word_1_178' title='bbox 1042 2541 1124 2588; x_wconf 90' lang='lat' dir='ltr'>per</span> 
     </span>
     <span class='ocr_line' id='line_1_28' title="bbox 102 2603 1121 2670; baseline -0.001 -16"><span class='ocrx_word' id='word_1_179' title='bbox 102 2622 149 2654; x_wconf 87' lang='lat' dir='ltr'>se</span> <span class='ocrx_word' id='word_1_180' title='bbox 166 2620 182 2668; x_wconf 84' lang='lat'><em>3</em></span> <span class='ocrx_word' id='word_1_181' title='bbox 197 2603 563 2654; x_wconf 79' lang='lat' dir='ltr'>ecclesiasticam</span> <span class='ocrx_word' id='word_1_182' title='bbox 577 2604 907 2654; x_wconf 79' lang='lat' dir='ltr'>infallibilitate</span> <span class='ocrx_word' id='word_1_183' title='bbox 935 2608 1121 2670; x_wconf 83' lang='lat' dir='ltr'>partici-</span> 
     </span>
     <span class='ocr_line' id='line_1_29' title="bbox 103 2687 1122 2755; baseline 0.001 -20"><span class='ocrx_word' id='word_1_184' title='bbox 103 2692 208 2752; x_wconf 89' lang='lat' dir='ltr'>pata</span> <span class='ocrx_word' id='word_1_185' title='bbox 251 2697 299 2736; x_wconf 90' lang='lat' dir='ltr'>et</span> <span class='ocrx_word' id='word_1_186' title='bbox 330 2697 548 2753; x_wconf 81' lang='lat' dir='ltr'>accepta3</span> <span class='ocrx_word' id='word_1_187' title='bbox 582 2688 791 2753; x_wconf 87' lang='lat' dir='ltr'>adeoque</span> <span class='ocrx_word' id='word_1_188' title='bbox 817 2689 968 2755; x_wconf 81' lang='lat' dir='ltr'>gradu</span> <span class='ocrx_word' id='word_1_189' title='bbox 1001 2687 1122 2736; x_wconf 82' lang='lat' dir='ltr'>infe-</span> 
     </span>
     <span class='ocr_line' id='line_1_30' title="bbox 103 2770 1119 2836; baseline 0.002 -19"><span class='ocrx_word' id='word_1_190' title='bbox 103 2771 206 2818; x_wconf 85' lang='lat' dir='ltr'>riori</span> <span class='ocrx_word' id='word_1_191' title='bbox 226 2807 239 2830; x_wconf 90' lang='lat'><strong>,</strong></span> <span class='ocrx_word' id='word_1_192' title='bbox 256 2788 400 2836; x_wconf 88' lang='lat' dir='ltr'>quam</span> <span class='ocrx_word' id='word_1_193' title='bbox 425 2772 485 2818; x_wconf 88' lang='lat' dir='ltr'>sit</span> <span class='ocrx_word' id='word_1_194' title='bbox 509 2770 667 2818; x_wconf 86' lang='lat' dir='ltr'>divina</span> <span class='ocrx_word' id='word_1_195' title='bbox 681 2807 694 2830; x_wconf 91' lang='lat'>‚</span> <span class='ocrx_word' id='word_1_196' title='bbox 713 2781 759 2819; x_wconf 92' lang='lat' dir='ltr'>et</span> <span class='ocrx_word' id='word_1_197' title='bbox 775 2773 1011 2836; x_wconf 85' lang='lat' dir='ltr'>superiore</span> <span class='ocrx_word' id='word_1_198' title='bbox 1027 2771 1119 2819; x_wconf 91' lang='lat' dir='ltr'>hu-</span> 
     </span>
     <span class='ocr_line' id='line_1_31' title="bbox 105 2851 1122 2918; baseline 0.002 -18"><span class='ocrx_word' id='word_1_199' title='bbox 105 2868 242 2900; x_wconf 87' lang='lat' dir='ltr'>mana</span> <span class='ocrx_word' id='word_1_200' title='bbox 272 2852 567 2918; x_wconf 75' lang='lat' dir='ltr'>certitudine.</span> <span class='ocrx_word' id='word_1_201' title='bbox 605 2851 811 2901; x_wconf 69' lang='lat' dir='ltr'>Fenelon</span> <span class='ocrx_word' id='word_1_202' title='bbox 836 2852 1001 2901; x_wconf 89' lang='lat' dir='ltr'>clarius</span> <span class='ocrx_word' id='word_1_203' title='bbox 1033 2853 1122 2902; x_wconf 89' lang='lat' dir='ltr'>hoc</span> 
     </span>
     <span class='ocr_line' id='line_1_32' title="bbox 104 2935 1122 2999; baseline 0.003 -18"><span class='ocrx_word' id='word_1_204' title='bbox 104 2936 257 2999; x_wconf 90' lang='lat' dir='ltr'>ipsum</span> <span class='ocrx_word' id='word_1_205' title='bbox 283 2936 471 2999; x_wconf 84' lang='lat' dir='ltr'>exponit</span> <span class='ocrx_word' id='word_1_206' title='bbox 502 2936 554 2982; x_wconf 89' lang='lat' dir='ltr'>in</span> <span class='ocrx_word' id='word_1_207' title='bbox 587 2935 789 2983; x_wconf 89' lang='lat' dir='ltr'>secunda</span> <span class='ocrx_word' id='word_1_208' title='bbox 820 2936 1122 2984; x_wconf 90' lang='lat' dir='ltr'>instructione</span> 
     </span>
     <span class='ocr_line' id='line_1_33' title="bbox 111 3016 1121 3081; baseline 0.002 -18"><span class='ocrx_word' id='word_1_209' title='bbox 111 3016 318 3078; x_wconf 86' lang='lat' dir='ltr'>pastorali</span> <span class='ocrx_word' id='word_1_210' title='bbox 347 3033 484 3081; x_wconf 91' lang='lat' dir='ltr'>super</span> <span class='ocrx_word' id='word_1_211' title='bbox 502 3033 662 3064; x_wconf 87' lang='lat' dir='ltr'>casum</span> <span class='ocrx_word' id='word_1_212' title='bbox 693 3018 1014 3076; x_wconf 80' lang='lat' dir='ltr'>conscientiae,</span> <span class='ocrx_word' id='word_1_213' title='bbox 1039 3017 1121 3065; x_wconf 87' lang='lat' dir='ltr'>ubi</span> 
     </span>
     <span class='ocr_line' id='line_1_34' title="bbox 111 3097 1122 3164; baseline 0.005 -22"><span class='ocrx_word' id='word_1_214' title='bbox 111 3111 244 3158; x_wconf 81' lang='lat' dir='ltr'>agens</span> <span class='ocrx_word' id='word_1_215' title='bbox 269 3098 327 3146; x_wconf 85' lang='lat' dir='ltr'>de</span> <span class='ocrx_word' id='word_1_216' title='bbox 351 3097 440 3146; x_wconf 90' lang='lat' dir='ltr'>hac</span> <span class='ocrx_word' id='word_1_217' title='bbox 456 3098 775 3164; x_wconf 59' lang='lat' dir='ltr'>theologorum</span> <span class='ocrx_word' id='word_1_218' title='bbox 796 3098 1122 3163; x_wconf 87' lang='lat' dir='ltr'>disceptatione</span> 
     </span>
     <span class='ocr_line' id='line_1_35' title="bbox 116 3179 1121 3248; baseline 0.004 -21"><span class='ocrx_word' id='word_1_219' title='bbox 116 3179 233 3227; x_wconf 84' lang='lat' dir='ltr'>circa</span> <span class='ocrx_word' id='word_1_220' title='bbox 250 3197 423 3230; x_wconf 90' lang='lat' dir='ltr'>nomen</span> <span class='ocrx_word' id='word_1_221' title='bbox 438 3219 452 3242; x_wconf 90' lang='lat'>‚</span> <span class='ocrx_word' id='word_1_222' title='bbox 475 3200 567 3248; x_wconf 88' lang='lat' dir='ltr'>quo</span> <span class='ocrx_word' id='word_1_223' title='bbox 587 3219 602 3242; x_wconf 84' lang='lat'>,</span> <span class='ocrx_word' id='word_1_224' title='bbox 629 3182 732 3231; x_wconf 82' lang='lat' dir='ltr'>haec</span> <span class='ocrx_word' id='word_1_225' title='bbox 763 3183 990 3247; x_wconf 85' lang='lat' dir='ltr'>designari</span> <span class='ocrx_word' id='word_1_226' title='bbox 1008 3183 1121 3232; x_wconf 88' lang='lat' dir='ltr'>fides</span> 
     </span>
     <span class='ocr_line' id='line_1_36' title="bbox 116 3256 1122 3330; baseline 0.008 -26"><span class='ocrx_word' id='word_1_227' title='bbox 116 3256 279 3306; x_wconf 87' lang='lat' dir='ltr'>debeat</span> <span class='ocrx_word' id='word_1_228' title='bbox 303 3296 317 3318; x_wconf 91' lang='lat'>‚</span> <span class='ocrx_word' id='word_1_229' title='bbox 349 3261 446 3310; x_wconf 84' lang='lat' dir='ltr'>haec</span> <span class='ocrx_word' id='word_1_230' title='bbox 476 3261 638 3311; x_wconf 83' lang='lat' dir='ltr'>scribit</span> <span class='ocrx_word' id='word_1_231' title='bbox 671 3280 686 3311; x_wconf 73' lang='grc' dir='ltr'><strong><em>ε</em></strong></span> <span class='ocrx_word' id='word_1_232' title='bbox 724 3262 782 3311; x_wconf 92' lang='lat' dir='ltr'><em>V</em></span> <span class='ocrx_word' id='word_1_233' title='bbox 776 3263 872 3312; x_wconf 72' lang='lat' dir='ltr'>oild</span> <span class='ocrx_word' id='word_1_234' title='bbox 899 3280 950 3312; x_wconf 89' lang='lat' dir='ltr'>ee</span> <span class='ocrx_word' id='word_1_235' title='bbox 979 3265 1122 3330; x_wconf 81' lang='lat' dir='ltr'>qu&#39;on</span> 
     </span>
     <span class='ocr_line' id='line_1_37' title="bbox 110 3342 1125 3412; baseline 0.012 -28"><span class='ocrx_word' id='word_1_236' title='bbox 110 3345 336 3402; x_wconf 74' lang='lat' dir='ltr'>ponrreit</span> <span class='ocrx_word' id='word_1_237' title='bbox 353 3342 454 3392; x_wconf 81' lang='lat' dir='ltr'>dire</span> <span class='ocrx_word' id='word_1_238' title='bbox 478 3344 536 3393; x_wconf 87' lang='lat' dir='ltr'>de</span> <span class='ocrx_word' id='word_1_239' title='bbox 557 3355 674 3412; x_wconf 80' lang='lat' dir='ltr'>part</span> <span class='ocrx_word' id='word_1_240' title='bbox 697 3355 743 3394; x_wconf 76' lang='lat' dir='ltr'>et</span> <span class='ocrx_word' id='word_1_241' title='bbox 767 3347 952 3395; x_wconf 80' lang='lat' dir='ltr'>d&#39;autre</span> <span class='ocrx_word' id='word_1_242' title='bbox 968 3385 981 3404; x_wconf 92' lang='lat'>‚</span> <span class='ocrx_word' id='word_1_243' title='bbox 995 3365 1125 3412; x_wconf 81' lang='lat' dir='ltr'>pour</span> 
     </span>
     <span class='ocr_line' id='line_1_38' title="bbox 121 3422 1126 3493; baseline 0.01 -27"><span class='ocrx_word' id='word_1_244' title='bbox 121 3423 370 3469; x_wconf 68' lang='lat' dir='ltr'>examinet·</span> <span class='ocrx_word' id='word_1_245' title='bbox 389 3459 403 3483; x_wconf 87' lang='lat'>‚</span> <span class='ocrx_word' id='word_1_246' title='bbox 433 3424 510 3473; x_wconf 80' lang='lat' dir='ltr'>s’il</span> <span class='ocrx_word' id='word_1_247' title='bbox 529 3422 602 3474; x_wconf 31' lang='lat' dir='ltr'>est&#39;*&gt;</span> <span class='ocrx_word' id='word_1_248' title='bbox 618 3430 803 3493; x_wconf 81' lang='lat' dir='ltr'>permis</span> <span class='ocrx_word' id='word_1_249' title='bbox 828 3446 890 3478; x_wconf 76' lang='lat' dir='ltr'>ou</span> <span class='ocrx_word' id='word_1_250' title='bbox 916 3446 1011 3477; x_wconf 80' lang='lat' dir='ltr'>non</span> <span class='ocrx_word' id='word_1_251' title='bbox 1031 3467 1043 3490; x_wconf 91' lang='lat'>,</span> <span class='ocrx_word' id='word_1_252' title='bbox 1071 3429 1126 3476; x_wconf 91' lang='lat' dir='ltr'>de</span> 
     </span>
     <span class='ocr_line' id='line_1_39' title="bbox 116 3503 1126 3575; baseline 0.012 -25"><span class='ocrx_word' id='word_1_253' title='bbox 116 3504 299 3552; x_wconf 79' lang='lat' dir='ltr'>donner</span> <span class='ocrx_word' id='word_1_254' title='bbox 328 3503 369 3552; x_wconf 86' lang='lat' dir='ltr'>le</span> <span class='ocrx_word' id='word_1_255' title='bbox 411 3522 520 3555; x_wconf 81' lang='lat' dir='ltr'>nom</span> <span class='ocrx_word' id='word_1_256' title='bbox 563 3509 619 3558; x_wconf 84' lang='lat' dir='ltr'>de</span> <span class='ocrx_word' id='word_1_257' title='bbox 658 3512 732 3575; x_wconf 83' lang='lat' dir='ltr'>foi</span> <span class='ocrx_word' id='word_1_258' title='bbox 769 3513 932 3561; x_wconf 79' lang='lat' dir='ltr'>divine</span> <span class='ocrx_word' id='word_1_259' title='bbox 968 3514 998 3561; x_wconf 87' lang='grc' dir='ltr'><em>ὰ</em></span> <span class='ocrx_word' id='word_1_260' title='bbox 1031 3530 1126 3561; x_wconf 84' lang='lat' dir='ltr'>une</span> 
     </span>
     <span class='ocr_line' id='line_1_40' title="bbox 116 3585 1119 3660; baseline 0.009 -27"><span class='ocrx_word' id='word_1_261' title='bbox 116 3585 219 3634; x_wconf 82' lang='lat' dir='ltr'>telle</span> <span class='ocrx_word' id='word_1_262' title='bbox 239 3602 489 3651; x_wconf 82' lang='lat' dir='ltr'>eroyanee.</span> <span class='ocrx_word' id='word_1_263' title='bbox 521 3588 602 3637; x_wconf 87' lang='lat' dir='ltr'>On</span> <span class='ocrx_word' id='word_1_264' title='bbox 620 3602 738 3655; x_wconf 71' lang='lat' dir='ltr'>pent</span> <span class='ocrx_word' id='word_1_265' title='bbox 759 3595 974 3660; x_wconf 69' lang='lat' dir='ltr'>dispater</span> <span class='ocrx_word' id='word_1_266' title='bbox 1001 3599 1031 3643; x_wconf 89' lang='grc' dir='ltr'><em>ὰ</em></span> <span class='ocrx_word' id='word_1_267' title='bbox 1049 3604 1119 3647; x_wconf 71' lang='lat' dir='ltr'>cet</span> 
     </span>
     <span class='ocr_line' id='line_1_41' title="bbox 116 3667 1119 3730; baseline 0.011 -16"><span class='ocrx_word' id='word_1_268' title='bbox 116 3667 261 3730; x_wconf 65' lang='grc' dir='ltr'><em>ὁρατά</em></span> <span class='ocrx_word' id='word_1_269' title='bbox 308 3668 429 3716; x_wconf 79' lang='lat' dir='ltr'>dans</span> <span class='ocrx_word' id='word_1_270' title='bbox 470 3667 536 3717; x_wconf 79' lang='lat' dir='ltr'>les</span> <span class='ocrx_word' id='word_1_271' title='bbox 583 3671 724 3719; x_wconf 74' lang='lat' dir='ltr'>evoles</span> <span class='ocrx_word' id='word_1_272' title='bbox 762 3691 849 3722; x_wconf 81' lang='lat' dir='ltr'>sur</span> <span class='ocrx_word' id='word_1_273' title='bbox 882 3692 960 3725; x_wconf 74' lang='lat' dir='ltr'>ces</span> <span class='ocrx_word' id='word_1_274' title='bbox 996 3677 1119 3724; x_wconf 70' lang='lat' dir='ltr'>deux</span> 
     </span>
    </p>
   </div>
   <div class='ocr_carea' id='block_1_7' title="bbox 1197 1295 2232 3659">
    <p class='ocr_par' dir='ltr' id='par_1_7' title="bbox 1197 1295 2232 3659">
     <span class='ocr_line' id='line_1_42' title="bbox 1201 1295 2224 1363; baseline 0.005 -22"><span class='ocrx_word' id='word_1_275' title='bbox 1201 1295 1381 1359; x_wconf 76' lang='lat' dir='ltr'>points.</span> <span class='ocrx_word' id='word_1_276' title='bbox 1417 1296 1492 1344; x_wconf 86' lang='lat' dir='ltr'>Le</span> <span class='ocrx_word' id='word_1_277' title='bbox 1510 1297 1723 1360; x_wconf 84' lang='lat' dir='ltr'>premier</span> <span class='ocrx_word' id='word_1_278' title='bbox 1743 1312 1805 1344; x_wconf 85' lang='lat' dir='ltr'>ne</span> <span class='ocrx_word' id='word_1_279' title='bbox 1830 1297 2027 1362; x_wconf 76' lang='lat' dir='ltr'>reqarde</span> <span class='ocrx_word' id='word_1_280' title='bbox 2046 1297 2224 1363; x_wconf 79' lang='lat' dir='ltr'>qu’nne</span> 
     </span>
     <span class='ocr_line' id='line_1_43' title="bbox 1203 1374 2226 1443; baseline 0.006 -22"><span class='ocrx_word' id='word_1_281' title='bbox 1203 1376 1420 1439; x_wconf 76' lang='lat' dir='ltr'>question</span> <span class='ocrx_word' id='word_1_282' title='bbox 1452 1374 1511 1423; x_wconf 86' lang='lat' dir='ltr'>de</span> <span class='ocrx_word' id='word_1_283' title='bbox 1548 1384 1668 1423; x_wconf 70' lang='lat' dir='ltr'>mois</span> <span class='ocrx_word' id='word_1_284' title='bbox 1692 1393 1780 1425; x_wconf 77' lang='lat' dir='ltr'>sur</span> <span class='ocrx_word' id='word_1_285' title='bbox 1815 1377 1856 1424; x_wconf 85' lang='lat' dir='ltr'>le</span> <span class='ocrx_word' id='word_1_286' title='bbox 1884 1385 2028 1426; x_wconf 72' lang='lat' dir='ltr'>terme</span> <span class='ocrx_word' id='word_1_287' title='bbox 2067 1378 2125 1426; x_wconf 79' lang='lat' dir='ltr'>do</span> <span class='ocrx_word' id='word_1_288' title='bbox 2149 1378 2226 1443; x_wconf 85' lang='lat' dir='ltr'>foi</span> 
     </span>
     <span class='ocr_line' id='line_1_44' title="bbox 1204 1455 2226 1524; baseline 0.004 -20"><span class='ocrx_word' id='word_1_289' title='bbox 1204 1455 1395 1517; x_wconf 80' lang='lat' dir='ltr'>divine,</span> <span class='ocrx_word' id='word_1_290' title='bbox 1416 1459 1500 1522; x_wconf 80' lang='lat' dir='ltr'>qui</span> <span class='ocrx_word' id='word_1_291' title='bbox 1508 1466 1626 1523; x_wconf 82' lang='lat' dir='ltr'>peut</span> <span class='ocrx_word' id='word_1_292' title='bbox 1655 1459 1750 1506; x_wconf 70' lang='lat' dir='ltr'>ecre</span> <span class='ocrx_word' id='word_1_293' title='bbox 1761 1460 1874 1524; x_wconf 78' lang='lat' dir='ltr'>pris</span> <span class='ocrx_word' id='word_1_294' title='bbox 1894 1459 2017 1506; x_wconf 80' lang='lat' dir='ltr'>dans</span> <span class='ocrx_word' id='word_1_295' title='bbox 2034 1476 2104 1507; x_wconf 80' lang='lat' dir='ltr'>nn</span> <span class='ocrx_word' id='word_1_296' title='bbox 2115 1476 2226 1508; x_wconf 77' lang='lat' dir='ltr'>sens</span> 
     </span>
     <span class='ocr_line' id='line_1_45' title="bbox 1197 1536 2225 1604; baseline 0.004 -20"><span class='ocrx_word' id='word_1_297' title='bbox 1197 1536 1314 1604; x_wconf 79' lang='lat' dir='ltr'>plus</span> <span class='ocrx_word' id='word_1_298' title='bbox 1351 1554 1414 1586; x_wconf 81' lang='lat' dir='ltr'>ou</span> <span class='ocrx_word' id='word_1_299' title='bbox 1438 1542 1594 1587; x_wconf 81' lang='lat' dir='ltr'>moins</span> <span class='ocrx_word' id='word_1_300' title='bbox 1615 1540 1908 1604; x_wconf 73' lang='lat' dir='ltr'>rz&#39;qoureuoe3</span> <span class='ocrx_word' id='word_1_301' title='bbox 1932 1539 1998 1588; x_wconf 81' lang='lat' dir='ltr'>les</span> <span class='ocrx_word' id='word_1_302' title='bbox 2024 1556 2117 1588; x_wconf 80' lang='lat' dir='ltr'>uns</span> <span class='ocrx_word' id='word_1_303' title='bbox 2140 1557 2225 1588; x_wconf 84' lang='lat' dir='ltr'>en-</span> 
     </span>
     <span class='ocr_line' id='line_1_46' title="bbox 1205 1619 2229 1687; baseline 0.001 -19"><span class='ocrx_word' id='word_1_304' title='bbox 1205 1619 1406 1668; x_wconf 82' lang='lat' dir='ltr'>tendant</span> <span class='ocrx_word' id='word_1_305' title='bbox 1424 1636 1526 1687; x_wconf 84' lang='lat' dir='ltr'>per</span> <span class='ocrx_word' id='word_1_306' title='bbox 1551 1637 1604 1669; x_wconf 86' lang='lat' dir='ltr'>ce</span> <span class='ocrx_word' id='word_1_307' title='bbox 1638 1630 1784 1671; x_wconf 76' lang='lat' dir='ltr'>terme</span> <span class='ocrx_word' id='word_1_308' title='bbox 1811 1620 1859 1671; x_wconf 84' lang='lat' dir='ltr'>la</span> <span class='ocrx_word' id='word_1_309' title='bbox 1901 1620 2027 1669; x_wconf 79' lang='lat' dir='ltr'>seule</span> <span class='ocrx_word' id='word_1_310' title='bbox 2052 1622 2128 1687; x_wconf 85' lang='lat' dir='ltr'>foi</span> <span class='ocrx_word' id='word_1_311' title='bbox 2149 1620 2229 1669; x_wconf 82' lang='lat' dir='ltr'>&#39;di-</span> 
     </span>
     <span class='ocr_line' id='line_1_47' title="bbox 1206 1702 2222 1768; baseline 0.004 -19"><span class='ocrx_word' id='word_1_312' title='bbox 1206 1703 1319 1750; x_wconf 86' lang='lat' dir='ltr'>vine</span> <span class='ocrx_word' id='word_1_313' title='bbox 1335 1740 1349 1762; x_wconf 87' lang='lat'>‚</span> <span class='ocrx_word' id='word_1_314' title='bbox 1394 1703 1482 1766; x_wconf 80' lang='lat' dir='ltr'>qui</span> <span class='ocrx_word' id='word_1_315' title='bbox 1511 1711 1578 1750; x_wconf 77' lang='lat' dir='ltr'>est</span> <span class='ocrx_word' id='word_1_316' title='bbox 1614 1720 1709 1751; x_wconf 81' lang='lat' dir='ltr'>une</span> <span class='ocrx_word' id='word_1_317' title='bbox 1745 1711 1884 1752; x_wconf 74' lang='lat' dir='ltr'>verm</span> <span class='ocrx_word' id='word_1_318' title='bbox 1929 1702 2222 1768; x_wconf 69' lang='lat' dir='ltr'>theoloyale3</span> 
     </span>
     <span class='ocr_line' id='line_1_48' title="bbox 1208 1783 2224 1851; baseline 0.003 -20"><span class='ocrx_word' id='word_1_319' title='bbox 1208 1783 1274 1832; x_wconf 81' lang='lat' dir='ltr'>les</span> <span class='ocrx_word' id='word_1_320' title='bbox 1288 1792 1454 1842; x_wconf 51' lang='lat' dir='ltr'>¹autres</span> <span class='ocrx_word' id='word_1_321' title='bbox 1472 1801 1504 1849; x_wconf 78' lang='lat' dir='ltr'><em>y</em></span> <span class='ocrx_word' id='word_1_322' title='bbox 1531 1794 1840 1850; x_wconf 76' lang='lat' dir='ltr'>comprenant</span> <span class='ocrx_word' id='word_1_323' title='bbox 1853 1793 1975 1833; x_wconf 78' lang='lat' dir='ltr'>toute</span> <span class='ocrx_word' id='word_1_324' title='bbox 1991 1802 2224 1851; x_wconf 83' lang='lat' dir='ltr'>croyance</span> 
     </span>
     <span class='ocr_line' id='line_1_49' title="bbox 1205 1866 2222 1932; baseline 0 -18"><span class='ocrx_word' id='word_1_325' title='bbox 1205 1866 1295 1930; x_wconf 78' lang='lat' dir='ltr'>qni</span> <span class='ocrx_word' id='word_1_326' title='bbox 1323 1873 1392 1915; x_wconf 78' lang='lat' dir='ltr'>est</span> <span class='ocrx_word' id='word_1_327' title='bbox 1417 1870 1632 1932; x_wconf 72' lang='lat' dir='ltr'>appuyee</span> <span class='ocrx_word' id='word_1_328' title='bbox 1655 1883 1743 1915; x_wconf 83' lang='lat' dir='ltr'>·en</span> <span class='ocrx_word' id='word_1_329' title='bbox 1773 1867 2222 1929; x_wconf 67' lang='lat' dir='ltr'>immediatement,</span> 
     </span>
     <span class='ocr_line' id='line_1_50' title="bbox 1207 1947 2224 2016; baseline 0.002 -20"><span class='ocrx_word' id='word_1_330' title='bbox 1207 1964 1272 1996; x_wconf 80' lang='lat' dir='ltr'>ou</span> <span class='ocrx_word' id='word_1_331' title='bbox 1307 1947 1376 1996; x_wconf 73' lang='lat' dir='ltr'>du</span> <span class='ocrx_word' id='word_1_332' title='bbox 1409 1949 1568 1996; x_wconf 80' lang='lat' dir='ltr'>moins</span> <span class='ocrx_word' id='word_1_333' title='bbox 1590 1949 1925 1997; x_wconf 76' lang='lat' dir='ltr'>mediatement</span> <span class='ocrx_word' id='word_1_334' title='bbox 1949 1967 2035 1997; x_wconf 83' lang='lat' dir='ltr'>sur</span> <span class='ocrx_word' id='word_1_335' title='bbox 2062 1949 2105 1998; x_wconf 88' lang='lat' dir='ltr'>le</span> <span class='ocrx_word' id='word_1_336' title='bbox 2111 1950 2224 2016; x_wconf 81' lang='lat' dir='ltr'>fim-</span> 
     </span>
     <span class='ocr_line' id='line_1_51' title="bbox 1206 2021 2225 2081; baseline 0.002 -3"><span class='ocrx_word' id='word_1_337' title='bbox 1206 2021 1395 2078; x_wconf 66' lang='lat' dir='ltr'>dement</span> <span class='ocrx_word' id='word_1_338' title='bbox 1413 2030 1470 2078; x_wconf 85' lang='lat' dir='ltr'>de</span> <span class='ocrx_word' id='word_1_339' title='bbox 1499 2029 1737 2079; x_wconf 77' lang='lat' dir='ltr'>l&#39;antorite</span> <span class='ocrx_word' id='word_1_340' title='bbox 1763 2031 1948 2080; x_wconf 82' lang='lat' dir='ltr'>divine.</span> <span class='ocrx_word' id='word_1_341' title='bbox 1971 2032 2037 2079; x_wconf 89' lang='lat' dir='ltr'>Le</span> <span class='ocrx_word' id='word_1_342' title='bbox 2052 2031 2225 2081; x_wconf 78' lang='lat' dir='ltr'>second</span> 
     </span>
     <span class='ocr_line' id='line_1_52' title="bbox 1197 2112 2225 2178; baseline 0.001 -18"><span class='ocrx_word' id='word_1_343' title='bbox 1197 2113 1345 2178; x_wconf 76' lang='lat' dir='ltr'>point</span> <span class='ocrx_word' id='word_1_344' title='bbox 1360 2128 1409 2159; x_wconf 82' lang='lat' dir='ltr'>se</span> <span class='ocrx_word' id='word_1_345' title='bbox 1425 2112 1587 2159; x_wconf 74' lang='lat' dir='ltr'>reduit</span> <span class='ocrx_word' id='word_1_346' title='bbox 1602 2112 1632 2160; x_wconf 85' lang='grc' dir='ltr'><em>ὰ</em></span> <span class='ocrx_word' id='word_1_347' title='bbox 1645 2113 1825 2173; x_wconf 79' lang='lat' dir='ltr'>saveir,</span> <span class='ocrx_word' id='word_1_348' title='bbox 1852 2120 2087 2161; x_wconf 79' lang='lat' dir='ltr'>comment</span> <span class='ocrx_word' id='word_1_349' title='bbox 2110 2113 2225 2161; x_wconf 80' lang='lat' dir='ltr'>eha-</span> 
     </span>
     <span class='ocr_line' id='line_1_53' title="bbox 1205 2193 2223 2259; baseline 0.003 -19"><span class='ocrx_word' id='word_1_350' title='bbox 1205 2209 1304 2242; x_wconf 81' lang='lat' dir='ltr'>cun</span> <span class='ocrx_word' id='word_1_351' title='bbox 1328 2202 1499 2241; x_wconf 76' lang='lat' dir='ltr'>tourne</span> <span class='ocrx_word' id='word_1_352' title='bbox 1541 2203 1630 2241; x_wconf 78' lang='lat' dir='ltr'>son</span> <span class='ocrx_word' id='word_1_353' title='bbox 1665 2203 1767 2242; x_wconf 80' lang='lat' dir='ltr'>aete</span> <span class='ocrx_word' id='word_1_354' title='bbox 1795 2193 1852 2241; x_wconf 86' lang='lat' dir='ltr'>de</span> <span class='ocrx_word' id='word_1_355' title='bbox 1868 2193 1962 2259; x_wconf 86' lang='lat' dir='ltr'>foi.</span> <span class='ocrx_word' id='word_1_356' title='bbox 1999 2194 2093 2242; x_wconf 80' lang='lat' dir='ltr'>Les</span> <span class='ocrx_word' id='word_1_357' title='bbox 2128 2210 2223 2243; x_wconf 78' lang='lat' dir='ltr'>uns</span> 
     </span>
     <span class='ocr_line' id='line_1_54' title="bbox 1205 2275 2232 2342; baseline -0.001 -18"><span class='ocrx_word' id='word_1_358' title='bbox 1205 2277 1441 2325; x_wconf 78' lang='lat' dir='ltr'>voudront</span> <span class='ocrx_word' id='word_1_359' title='bbox 1472 2275 1579 2324; x_wconf 87' lang='lat' dir='ltr'>dire</span> <span class='ocrx_word' id='word_1_360' title='bbox 1617 2275 1918 2342; x_wconf 77' lang='lat' dir='ltr'>simplement</span> <span class='ocrx_word' id='word_1_361' title='bbox 1957 2294 1976 2326; x_wconf 89' lang='lat'>.·</span> <span class='ocrx_word' id='word_1_362' title='bbox 2010 2276 2073 2326; x_wconf 87' lang='lat' dir='ltr'>Je</span> <span class='ocrx_word' id='word_1_363' title='bbox 2101 2279 2232 2327; x_wconf 80' lang='lat' dir='ltr'>ereis.</span> 
     </span>
     <span class='ocr_line' id='line_1_55' title="bbox 1203 2357 2228 2407; baseline 0.003 -3"><span class='ocrx_word' id='word_1_364' title='bbox 1203 2358 1476 2406; x_wconf 68' lang='lat' dir='ltr'>l’hereticite</span> <span class='ocrx_word' id='word_1_365' title='bbox 1506 2357 1626 2406; x_wconf 82' lang='lat' dir='ltr'>d’nn</span> <span class='ocrx_word' id='word_1_366' title='bbox 1655 2357 1722 2406; x_wconf 78' lang='lat' dir='ltr'>tel</span> <span class='ocrx_word' id='word_1_367' title='bbox 1745 2366 1868 2406; x_wconf 69' lang='lat' dir='ltr'>texte</span> <span class='ocrx_word' id='word_1_368' title='bbox 1895 2374 1981 2406; x_wconf 75' lang='lat' dir='ltr'>mr</span> <span class='ocrx_word' id='word_1_369' title='bbox 2017 2358 2069 2406; x_wconf 86' lang='lat' dir='ltr'>la</span> <span class='ocrx_word' id='word_1_370' title='bbox 2098 2359 2228 2407; x_wconf 75' lang='lat' dir='ltr'>seule</span> 
     </span>
     <span class='ocr_line' id='line_1_56' title="bbox 1198 2439 2229 2507; baseline 0 -18"><span class='ocrx_word' id='word_1_371' title='bbox 1198 2441 1368 2507; x_wconf 82' lang='lat' dir='ltr'>parole</span> <span class='ocrx_word' id='word_1_372' title='bbox 1393 2440 1452 2489; x_wconf 87' lang='lat' dir='ltr'>de</span> <span class='ocrx_word' id='word_1_373' title='bbox 1482 2439 1685 2507; x_wconf 75' lang='lat' dir='ltr'>I‘quise</span> <span class='ocrx_word' id='word_1_374' title='bbox 1699 2477 1716 2502; x_wconf 90' lang='lat'><strong>,</strong></span> <span class='ocrx_word' id='word_1_375' title='bbox 1760 2457 1850 2505; x_wconf 75' lang='lat' dir='ltr'>que</span> <span class='ocrx_word' id='word_1_376' title='bbox 1861 2442 1921 2507; x_wconf 88' lang='lat' dir='ltr'>je</span> <span class='ocrx_word' id='word_1_377' title='bbox 1950 2442 2059 2489; x_wconf 73' lang='lat' dir='ltr'>sais.</span> <span class='ocrx_word' id='word_1_378' title='bbox 2077 2441 2229 2489; x_wconf 77' lang='lat' dir='ltr'>d’ail-</span> 
     </span>
     <span class='ocr_line' id='line_1_57' title="bbox 1204 2521 2231 2588; baseline 0 -17"><span class='ocrx_word' id='word_1_379' title='bbox 1204 2522 1330 2572; x_wconf 80' lang='lat' dir='ltr'>leurs</span> <span class='ocrx_word' id='word_1_380' title='bbox 1346 2525 1441 2573; x_wconf 72' lang='lat' dir='ltr'>ecre</span> <span class='ocrx_word' id='word_1_381' title='bbox 1457 2521 1733 2588; x_wconf 83' lang='lat' dir='ltr'>infaillible.</span> <span class='ocrx_word' id='word_1_382' title='bbox 1755 2523 1850 2571; x_wconf 82' lang='lat' dir='ltr'>Les</span> <span class='ocrx_word' id='word_1_383' title='bbox 1862 2531 2021 2571; x_wconf 77' lang='lat' dir='ltr'>autres</span> <span class='ocrx_word' id='word_1_384' title='bbox 2033 2522 2194 2571; x_wconf 75' lang='lat' dir='ltr'>disent</span> <span class='ocrx_word' id='word_1_385' title='bbox 2212 2542 2231 2571; x_wconf 83' lang='lat'>.-</span> 
     </span>
     <span class='ocr_line' id='line_1_58' title="bbox 1205 2605 2225 2671; baseline 0.002 -18"><span class='ocrx_word' id='word_1_386' title='bbox 1205 2606 1268 2655; x_wconf 87' lang='lat' dir='ltr'>Je</span> <span class='ocrx_word' id='word_1_387' title='bbox 1294 2607 1421 2655; x_wconf 83' lang='lat' dir='ltr'>crois</span> <span class='ocrx_word' id='word_1_388' title='bbox 1457 2605 1817 2671; x_wconf 67' lang='lat' dir='ltr'>l&#39;infaillibilite</span> <span class='ocrx_word' id='word_1_389' title='bbox 1849 2606 1905 2654; x_wconf 85' lang='lat' dir='ltr'>de</span> <span class='ocrx_word' id='word_1_390' title='bbox 1937 2605 2138 2671; x_wconf 77' lang='lat' dir='ltr'>I’quise</span> <span class='ocrx_word' id='word_1_391' title='bbox 2164 2622 2225 2655; x_wconf 87' lang='lat' dir='ltr'>en</span> 
     </span>
     <span class='ocr_line' id='line_1_59' title="bbox 1207 2687 2220 2754; baseline 0.001 -18"><span class='ocrx_word' id='word_1_392' title='bbox 1207 2697 1312 2736; x_wconf 74' lang='lat' dir='ltr'>tant</span> <span class='ocrx_word' id='word_1_393' title='bbox 1323 2706 1412 2754; x_wconf 80' lang='lat' dir='ltr'>que</span> <span class='ocrx_word' id='word_1_394' title='bbox 1436 2687 1611 2739; x_wconf 71' lang='lat' dir='ltr'>revelee</span> <span class='ocrx_word' id='word_1_395' title='bbox 1629 2724 1644 2751; x_wconf 85' lang='lat'>‚</span> <span class='ocrx_word' id='word_1_396' title='bbox 1669 2704 1835 2736; x_wconf 69' lang='lat' dir='ltr'>aurun</span> <span class='ocrx_word' id='word_1_397' title='bbox 1854 2687 1918 2736; x_wconf 85' lang='lat' dir='ltr'>tel</span> <span class='ocrx_word' id='word_1_398' title='bbox 1941 2696 2075 2739; x_wconf 68' lang='lat' dir='ltr'>texte.</span> <span class='ocrx_word' id='word_1_399' title='bbox 2098 2687 2220 2754; x_wconf 87' lang='lat' dir='ltr'>Opp.</span> 
     </span>
     <span class='ocr_line' id='line_1_60' title="bbox 1206 2767 2222 2836; baseline -0.003 -15"><span class='ocrx_word' id='word_1_400' title='bbox 1206 2772 1313 2823; x_wconf 83' lang='lat' dir='ltr'>edit.</span> <span class='ocrx_word' id='word_1_401' title='bbox 1340 2773 1422 2820; x_wconf 89' lang='lat' dir='ltr'>cit.</span> <span class='ocrx_word' id='word_1_402' title='bbox 1445 2781 1553 2819; x_wconf 86' lang='lat' dir='ltr'>tom.</span> <span class='ocrx_word' id='word_1_403' title='bbox 1585 2789 1610 2819; x_wconf 82' lang='lat' dir='ltr'>x</span> <span class='ocrx_word' id='word_1_404' title='bbox 1629 2808 1642 2832; x_wconf 90' lang='lat'>,</span> <span class='ocrx_word' id='word_1_405' title='bbox 1658 2788 1762 2836; x_wconf 88' lang='lat' dir='ltr'>pag.</span> <span class='ocrx_word' id='word_1_406' title='bbox 1792 2767 1891 2833; x_wconf 73' lang='grc'>468</span> <span class='ocrx_word' id='word_1_407' title='bbox 1910 2780 1954 2818; x_wconf 91' lang='lat' dir='ltr'>et</span> <span class='ocrx_word' id='word_1_408' title='bbox 1979 2788 2109 2836; x_wconf 87' lang='lat' dir='ltr'>seqq.</span> <span class='ocrx_word' id='word_1_409' title='bbox 2126 2768 2222 2819; x_wconf 82' lang='lat' dir='ltr'>Cfr.</span> 
     </span>
     <span class='ocr_line' id='line_1_61' title="bbox 1208 2852 2221 2920; baseline 0 -18"><span class='ocrx_word' id='word_1_410' title='bbox 1208 2856 1375 2919; x_wconf 88' lang='lat' dir='ltr'>pariter</span> <span class='ocrx_word' id='word_1_411' title='bbox 1413 2856 1465 2902; x_wconf 92' lang='lat' dir='ltr'>in</span> <span class='ocrx_word' id='word_1_412' title='bbox 1516 2855 1808 2920; x_wconf 89' lang='lat' dir='ltr'>responsione</span> <span class='ocrx_word' id='word_1_413' title='bbox 1865 2852 1923 2900; x_wconf 87' lang='lat' dir='ltr'>ad</span> <span class='ocrx_word' id='word_1_414' title='bbox 1970 2852 2221 2902; x_wconf 84' lang='lat' dir='ltr'>secundam</span> 
     </span>
     <span class='ocr_line' id='line_1_62' title="bbox 1209 2932 2219 3001; baseline 0 -17"><span class='ocrx_word' id='word_1_415' title='bbox 1209 2935 1448 3000; x_wconf 89' lang='lat' dir='ltr'>epistolam</span> <span class='ocrx_word' id='word_1_416' title='bbox 1477 2934 1686 3001; x_wconf 86' lang='lat' dir='ltr'>Episcopi</span> <span class='ocrx_word' id='word_1_417' title='bbox 1711 2935 1856 2982; x_wconf 84' lang='lat' dir='ltr'>sancti</span> <span class='ocrx_word' id='word_1_418' title='bbox 1884 2932 2033 2982; x_wconf 88' lang='lat' dir='ltr'>Pontii</span> <span class='ocrx_word' id='word_1_419' title='bbox 2051 2932 2109 3000; x_wconf 86' lang='lat'>,§</span> <span class='ocrx_word' id='word_1_420' title='bbox 2130 2933 2219 2993; x_wconf 81' lang='lat'>15,</span> 
     </span>
     <span class='ocr_line' id='line_1_63' title="bbox 1206 3012 2228 3083; baseline -0.003 -16"><span class='ocrx_word' id='word_1_421' title='bbox 1206 3035 1316 3082; x_wconf 83' lang='lat' dir='ltr'>opp.</span> <span class='ocrx_word' id='word_1_422' title='bbox 1344 3028 1460 3067; x_wconf 89' lang='lat' dir='ltr'>tom.</span> <span class='ocrx_word' id='word_1_423' title='bbox 1491 3034 1555 3066; x_wconf 86' lang='lat' dir='ltr'>xu</span> <span class='ocrx_word' id='word_1_424' title='bbox 1576 3055 1589 3077; x_wconf 88' lang='lat'>‚</span> <span class='ocrx_word' id='word_1_425' title='bbox 1617 3032 1722 3083; x_wconf 86' lang='lat' dir='ltr'>pag.</span> <span class='ocrx_word' id='word_1_426' title='bbox 1747 3012 1847 3080; x_wconf 74' lang='lat'>546</span> <span class='ocrx_word' id='word_1_427' title='bbox 1865 3022 1911 3064; x_wconf 85' lang='lat' dir='ltr'>et</span> <span class='ocrx_word' id='word_1_428' title='bbox 1928 3033 2058 3083; x_wconf 87' lang='lat' dir='ltr'>seqq.</span> <span class='ocrx_word' id='word_1_429' title='bbox 2083 3016 2228 3066; x_wconf 81' lang='lat' dir='ltr'>Cous..</span> 
     </span>
     <span class='ocr_line' id='line_1_64' title="bbox 1206 3098 2222 3165; baseline 0 -16"><span class='ocrx_word' id='word_1_430' title='bbox 1206 3100 1493 3161; x_wconf 75' lang='lat' dir='ltr'>Muzzamlli,</span> <span class='ocrx_word' id='word_1_431' title='bbox 1523 3103 1574 3148; x_wconf 90' lang='lat' dir='ltr'>in</span> <span class='ocrx_word' id='word_1_432' title='bbox 1610 3118 1687 3165; x_wconf 86' lang='lat' dir='ltr'>op.</span> <span class='ocrx_word' id='word_1_433' title='bbox 1724 3098 1778 3146; x_wconf 86' lang='lat' dir='ltr'>Il</span> <span class='ocrx_word' id='word_1_434' title='bbox 1811 3099 1939 3148; x_wconf 85' lang='lat' dir='ltr'>lmen</span> <span class='ocrx_word' id='word_1_435' title='bbox 1981 3117 2067 3148; x_wconf 77' lang='lat' dir='ltr'>uso</span> <span class='ocrx_word' id='word_1_436' title='bbox 2100 3099 2222 3149; x_wconf 81' lang='lat' dir='ltr'>della</span> 
     </span>
     <span class='ocr_line' id='line_1_65' title="bbox 1206 3181 2222 3248; baseline -0.001 -17"><span class='ocrx_word' id='word_1_437' title='bbox 1206 3181 1358 3247; x_wconf 79' lang='lat' dir='ltr'>quiea</span> <span class='ocrx_word' id='word_1_438' title='bbox 1378 3221 1392 3244; x_wconf 83' lang='lat'>.,</span> <span class='ocrx_word' id='word_1_439' title='bbox 1412 3199 1570 3248; x_wconf 88' lang='lat' dir='ltr'>opusc.</span> <span class='ocrx_word' id='word_1_440' title='bbox 1589 3195 1695 3230; x_wconf 73' lang='lat' dir='ltr'>xxiv</span> <span class='ocrx_word' id='word_1_441' title='bbox 1717 3217 1732 3241; x_wconf 90' lang='lat'>‚</span> <span class='ocrx_word' id='word_1_442' title='bbox 1767 3181 1830 3230; x_wconf 90' lang='lat' dir='ltr'>Se</span> <span class='ocrx_word' id='word_1_443' title='bbox 1854 3181 2055 3246; x_wconf 80' lang='lat' dir='ltr'>nnfetto</span> <span class='ocrx_word' id='word_1_444' title='bbox 2090 3182 2222 3231; x_wconf 87' lang='lat' dir='ltr'>dom-</span> 
     </span>
     <span class='ocr_line' id='line_1_66' title="bbox 1206 3262 2219 3329; baseline -0.001 -16"><span class='ocrx_word' id='word_1_445' title='bbox 1206 3267 1380 3314; x_wconf 79' lang='lat' dir='ltr'>matico</span> <span class='ocrx_word' id='word_1_446' title='bbox 1420 3267 1496 3313; x_wconf 83' lang='lat' dir='ltr'>sia</span> <span class='ocrx_word' id='word_1_447' title='bbox 1528 3273 1702 3329; x_wconf 75' lang='lat' dir='ltr'>quetto</span> <span class='ocrx_word' id='word_1_448' title='bbox 1736 3262 1792 3310; x_wconf 83' lang='lat' dir='ltr'>di</span> <span class='ocrx_word' id='word_1_449' title='bbox 1823 3263 1930 3329; x_wconf 87' lang='lat' dir='ltr'>fede</span> <span class='ocrx_word' id='word_1_450' title='bbox 1956 3263 2183 3329; x_wconf 77' lang='lat' dir='ltr'>teoloqica</span> <span class='ocrx_word' id='word_1_451' title='bbox 2203 3299 2219 3326; x_wconf 92' lang='lat'>,</span> 
     </span>
     <span class='ocr_line' id='line_1_67' title="bbox 1208 3346 2222 3398; baseline -0.001 -3"><span class='ocrx_word' id='word_1_452' title='bbox 1208 3346 1290 3396; x_wconf 87' lang='lat' dir='ltr'>ubi</span> <span class='ocrx_word' id='word_1_453' title='bbox 1334 3347 1573 3398; x_wconf 88' lang='lat' dir='ltr'>ostendere</span> <span class='ocrx_word' id='word_1_454' title='bbox 1623 3346 1782 3395; x_wconf 90' lang='lat' dir='ltr'>multis</span> <span class='ocrx_word' id='word_1_455' title='bbox 1821 3349 2074 3396; x_wconf 84' lang='lat' dir='ltr'>connititur</span> <span class='ocrx_word' id='word_1_456' title='bbox 2114 3364 2222 3394; x_wconf 89' lang='lat' dir='ltr'>cum</span> 
     </span>
     <span class='ocr_line' id='line_1_68' title="bbox 1210 3427 2222 3493; baseline -0.002 -17"><span class='ocrx_word' id='word_1_457' title='bbox 1210 3429 1420 3493; x_wconf 87' lang='lat' dir='ltr'>pluribus</span> <span class='ocrx_word' id='word_1_458' title='bbox 1435 3429 1654 3493; x_wconf 83' lang='lat' dir='ltr'>theologis</span> <span class='ocrx_word' id='word_1_459' title='bbox 1680 3466 1694 3489; x_wconf 85' lang='lat'>‚</span> <span class='ocrx_word' id='word_1_460' title='bbox 1716 3427 1891 3478; x_wconf 87' lang='lat' dir='ltr'>factum</span> <span class='ocrx_word' id='word_1_461' title='bbox 1910 3428 2222 3493; x_wconf 83' lang='lat' dir='ltr'>dogmaticum</span> 
     </span>
     <span class='ocr_line' id='line_1_69' title="bbox 1209 3505 2221 3575; baseline -0.001 -16"><span class='ocrx_word' id='word_1_462' title='bbox 1209 3509 1267 3559; x_wconf 90' lang='lat' dir='ltr'>ab</span> <span class='ocrx_word' id='word_1_463' title='bbox 1293 3511 1491 3560; x_wconf 89' lang='lat' dir='ltr'>Ecclesia</span> <span class='ocrx_word' id='word_1_464' title='bbox 1510 3510 1755 3559; x_wconf 84' lang='lat' dir='ltr'>definitum</span> <span class='ocrx_word' id='word_1_465' title='bbox 1784 3528 1879 3560; x_wconf 86' lang='lat' dir='ltr'>esse</span> <span class='ocrx_word' id='word_1_466' title='bbox 1913 3516 2056 3575; x_wconf 87' lang='lat' dir='ltr'>reipsa</span> <span class='ocrx_word' id='word_1_467' title='bbox 2090 3505 2221 3575; x_wconf 82' lang='lat' dir='ltr'>obje-</span> 
     </span>
     <span class='ocr_line' id='line_1_70' title="bbox 1200 3591 2124 3659; baseline 0 -19"><span class='ocrx_word' id='word_1_468' title='bbox 1200 3602 1328 3643; x_wconf 88' lang='lat' dir='ltr'>ctum</span> <span class='ocrx_word' id='word_1_469' title='bbox 1354 3594 1460 3641; x_wconf 82' lang='lat' dir='ltr'>fidei</span> <span class='ocrx_word' id='word_1_470' title='bbox 1492 3591 1660 3641; x_wconf 80' lang='lat' dir='ltr'>divinae</span> <span class='ocrx_word' id='word_1_471' title='bbox 1679 3603 1817 3659; x_wconf 86' lang='lat' dir='ltr'>atque</span> <span class='ocrx_word' id='word_1_472' title='bbox 1842 3591 2124 3657; x_wconf 81' lang='lat' dir='ltr'>theologicae.</span> 
     </span>
    </p>
   </div>
  </div>
 </body>
</html>
