2514 4218
505 222 664 258 PART.
712 218 752 257 Ι.
801 217 922 258 ΟΔΡ.
974 217 1058 256 111.
1104 220 1174 257 m:
1217 217 1487 258 EGGLESIAE
1530 219 1709 258 No'rls.

2022 286 2027 291 ⁸
2051 197 2170 258 207

62 386 188 449 quae
226 385 348 423 non
380 360 682 445 protendit
707 381 872 419 suam
899 359 1300 419 anctoritatem
1328 359 1479 418 ultra
1505 352 1744 420 civilem
1779 358 2170 421 britannicam

64 461 378 532 ditione-m,
404 456 522 515 imo
564 477 738 537 super
765 477 945 538 pauca
974 465 1205 514 tantum
1233 453 1496 516 membra
1529 454 1790 534 ejusdem
1814 454 2048 515 ditionis
2076 456 2172 519 vel

63 557 126 615 in
149 553 349 634 Anglia
370 553 495 634 ipsa
512 551 850 610 dominatur
869 549 984 631 (l).
1009 551 1208 630 Itaque
1222 561 1359 608 sunt
1374 549 1545 610 hodie
1560 549 1820 610 Ecclesiae
1835 550 2170 630 anglicanae,

66 649 222 732 quod
244 647 387 706 olim
412 646 668 706 Ecclesiae
692 645 1124 705 Donatistarum
1148 643 1472 703 extiterunt
1488 690 1504 718 ,
1537 665 1663 726 quae
1686 644 1884 706 divisae
1910 656 2078 704 erant
2097 645 2173 706 ab

66 743 301 803 unitatis
338 753 538 801 centro
557 787 573 816 ,
605 762 670 800 ac
701 738 946 823 proinde
980 736 1052 795 ab
1079 736 1349 795 universa
1379 738 1624 798 Ecclesia
1653 739 1958 818 catholica3
1997 760 2175 822 quare

67 838 260 898 omnia
282 857 588 918 possumus
604 836 888 896 >adversus
907 831 1032 890 illas
1051 833 1392 910 argumenta
1405 832 1740 915 intorquere
1755 879 1772 910 ,
1803 835 2012 916 quibus
2034 834 2175 894 olim

76 936 272 992 Patres
300 929 687 1014 profligabant
716 926 1044 988 Donatistas
1067 925 1178 1004 (2).
1204 924 1373 998 Quod
1403 947 1541 988 vero
1566 927 1817 989 diximus
1837 930 1911 990 de
1935 929 2179 990 Ecclesia

73 1183 127 1216 ac
161 1162 370 1232 populari
398 1181 535 1213 sensu
558 1198 573 1224 ,
606 1169 768 1226 utpote
789 1159 977 1211 interius
994 1155 1083 1205 Ec-

74 1247 220 1296 clesiae
268 1248 556 1311 conjunctas.
585 1241 743 1308 Quam
784 1238 974 1306 quidem
1013 1237 1084 1286 lo-

76 1327 250 1395 quendi
278 1329 507 1375 rationem
544 1324 689 1372 fateor
721 1339 795 1370 me
838 1338 935 1369 non
966 1336 1087 1368 asse-

76 1412 175 1476 qui.
213 1408 395 1456 Etenim
415 1440 434 1468 ,
465 1408 503 1454 si
531 1422 627 1452 non
657 1414 765 1452 sunt
790 1404 971 1468 proprie
1005 1402 1086 1450 Ec·

78 1492 222 1540 clesiae
254 1479 421 1538 Christi
450 1489 684 1535 societates
713 1485 826 1544 illae,
853 1483 1086 1551 quomodo

76 1582 264 1638 possunt
287 1570 478 1619 interius
505 1570 722 1634 conjungi
754 1585 862 1616 cum
888 1567 1087 1615 Ecclesia

77 1650 279 1703 Christi?
316 1651 374 1700 In
405 1650 493 1699 hac
537 1650 786 1716 hypothesi
816 1649 1088 1698 deberemus

78 1725 312 1785 admittere
338 1732 588 1783 Ecclesiam
606 1733 854 1799 quamdam
874 1731 1088 1781 invisibi-

79 1818 188 1868 lem.
204 1817 436 1876 Vidimus,
451 1813 684 1881 quomodo
701 1817 797 1879 ipse
817 1815 1091 1879 separatistis

79 1901 203 1949 idem
217 1899 577 1948 obtendentibus
595 1914 830 1946 occurrere
851 1896 1089 1944 studuerit.

151 1982 214 2046 (l)
251 1980 375 2029 Talis
403 1990 470 2030 est
493 1989 637 2028 status
665 1979 900 2043 religionis
922 1979 972 2025 in
997 1977 1091 2025 An-

84 2062 192 2127 glia‚
211 2072 347 2128 prout
361 2081 440 2127 per
457 2062 693 2127 epistolam
711 2063 863 2126 accepi
882 2061 972 2109 hoc
991 2057 1091 2125 ipso

88 2159 210 2190 anno
240 2140 417 2206 (1840)
454 2159 509 2190 ex
539 2142 630 2190 illis
662 2141 929 2207 regionibus
964 2157 978 2188 τ
1004 2140 1094 2188 Ca-

88 2222 258 2271 tholici
269 2259 281 2279 ‚
297 2224 563 2287 quipaucis
578 2222 756 2270 abhinc
777 2224 924 2269 annis
941 2223 1097 2287 pauci

90 2311 135 2350 et
163 2304 291 2349 risui
327 2302 655 2350 hoereticorum
686 2303 888 2367 expositi
915 2311 1052 2363 erant
1078 2339 1092 2362 ‚

91 2400 223 2431 nunc
239 2392 281 2430 et
307 2399 504 2430 numero
524 2392 567 2431 et
595 2386 873 2431 auctoritate
898 2383 1094 2449 pollent.

93 2460 159 2510 In
185 2461 375 2526 Anqlia
405 2472 448 2510 et
483 2463 569 2512 W
565 2463 686 2511 allia
722 2465 983 2512 universim
1005 2482 1099 2512 nu·

92 2554 338 2592 merantur
353 2544 576 2592 catholici
600 2560 896 2605 2‚ooo‚ooo,
922 2548 976 2593 in
999 2546 1099 2596 Hi-

92 2625 256 2674 bernia
272 2623 484 2693 6‚427,7
499 2642 553 2674 12
570 2664 582 2686 ‚
603 2628 657 2673 in
675 2627 834 2675 Scotia
861 2626 1098 2687 25o,ooo‚

93 2707 354 2756 universim
395 2707 697 2775 8‚377‚712.
743 2709 920 2772 Unde,
954 2700 1103 2774 quu'm

93 2796 188 2838 tota
217 2790 469 2839 niuleitudo
504 2789 697 2856 Maqnoe
740 2792 1022 2840 Britannico
1062 2799 1106 2839 et

95 2869 350 2920 Hiberniae
383 2888 481 2919 non
527 2873 720 2921 excedat
756 2871 1065 2939 27,250‚ooo
1088 2909 1103 2933 ,

91 2961 253 3016 patet,
274 2952 400 3016 quod
431 2968 517 3000 nos
546 2955 687 3002 tertia
709 2954 862 3018 fermo
876 2971 997 3019 pars
1023 2971 1107 3002 su-

101 3046 206 3080 mus
237 3034 379 3081 totius
409 3035 551 3082 istius
596 3034 860 3083 incolarum
888 3035 1110 3099 frequen-

103 3114 201 3163 τίω.
238 3115 615 3165 Prote-stantium
652 3120 810 3166 omnis
843 3119 1034 3183 qeneris
1067 3124 1112 3166 et

102 3199 236 3242 sectoe
283 3197 666 3248 adnumerantur
721 3201 776 3247 in
833 3199 1019 3264 Anqlia
1069 3206 1115 3247 et

112 3273 198 3323 W
193 3274 308 3325 allia
370 3278 679 3348 14‚539‚318
703 3319 717 3341 ‚
758 3283 816 3329 in
864 3281 1114 3329 Hibernia

115 3352 388 3424 1,556,227
412 3394 427 3420 ,
476 3363 531 3410 in
581 3361 742 3411 Scotia
800 3362 1112 3426 2,115‚ooo,

107 3437 369 3496 universim
418 3439 727 3510 ‘18‚17o,545
772 3446 900 3510 (quo
927 3446 981 3491 in
1019 3461 1115 3492 nu-

109 3534 236 3565 —mero
279 3520 581 3570 continentur
621 3528 764 3574 etiam
803 3526 1054 3591 anylicani
1077 3526 1112 3590 ).

113 3597 267 3647 Ceteri
295 3637 309 3660 ,
376 3599 430 3646 id
516 3610 584 3649 est
640 3606 911 3672 differentia
987 3609 1117 3656 inter

114 3679 438 3747 27‚25o‚ooo,
468 3690 611 3734 totam
639 3702 805 3754 nempe
839 3689 1113 3741 multitudi-

1164 1173 1273 1205 nem
1292 1195 1306 1218 ‚
1333 1167 1378 1206 et
1407 1156 1716 1226 26,848,257
1739 1199 1752 1224 ,
1790 1161 2182 1229 complementum

1164 1242 1381 1288 omnium
1398 1240 1737 1291 catholicorum
1761 1252 1805 1293 et
1810 1246 2183 1311 protestantium

1165 1323 1324 1370 omnis
1369 1321 1557 1371 ordinis
1601 1332 1646 1372 et
1700 1328 1913 1375 nominis
1928 1363 1945 1384 ,
2006 1325 2187 1375 scilicet

1165 1403 1284 1468 401,
1311 1401 1408 1471 743
1427 1443 1440 1466 ‚
1469 1403 1543 1452 vel
1537 1405 1701 1472 judoei
1725 1416 1839 1454 sunt
1863 1406 1936 1455 vel
1952 1406 2184 1471 infideles.

1167 1487 1337 1536 Nostri
1353 1489 1411 1536 in
1433 1487 1535 1536 dies
1550 1497 1767 1537 crescunt
1790 1525 1804 1549 ‚
1821 1497 1866 1536 et
1873 1497 2187 1555 protestantes

1169 1571 1484 1628 minuuntur,
1515 1580 1602 1620 etc.
1635 1570 1849 1620 Attamen
1873 1571 2053 1621 Palmer
2077 1587 2188 1619 cum

1169 1653 1261 1700 suis
1278 1652 1412 1701 nobis
1429 1653 1698 1717 persuadere
1718 1657 1903 1719 satagit,
1932 1652 2187 1702 Ecclesiam

1169 1734 1460 1797 anglicanam
1503 1752 1598 1783 esse
1644 1752 1797 1785 veram
1832 1735 2085 1785 Ecclesiam
2119 1750 2188 1784 ca-

1170 1802 1411 1851 tholicam.

1240 1884 1307 1948 (ἃ)
1345 1885 1470 1934 Inter
1503 1889 1775 1936 recentiores
1793 1924 1807 1948 ‚
1843 1889 1924 1953 qui
1952 1890 2003 1935 in
2026 1886 2190 1953 Anglia

1173 1965 1389 2014 adversus
1420 1985 1590 2016 novam
1632 1968 1948 2018 oxoniensem
1976 1970 2191 2020 scholam

1172 2064 1268 2095 rem
1297 2049 1569 2099 catholicam
1595 2053 1772 2116 scriptis
1798 2062 2151 2117 propugnarunt
2173 2090 2188 2114 ‚

1174 2136 1338 2182 merito
1359 2134 1754 2182 commendandus
1779 2144 1845 2183 est
1865 2134 1938 2183 Cl.
1958 2134 2063 2184 Nic.
2091 2134 2194 2183 Wi-

1174 2234 1330 2265 seman
1351 2254 1364 2277 ‚
1399 2233 1548 2281 nuper
1583 2215 1834 2281 Episcopus
1871 2216 2180 2282 Mellipotam.

1175 2300 1429 2346 institutus.
1454 2297 1554 2346 Cfr.
1585 2301 1697 2345 varii
1717 2299 1896 2345 articuli
1920 2334 1933 2356 ‚
1951 2317 2066 2363 quos
2091 2302 2192 2363 ipse

1177 2383 1227 2428 in
1241 2374 1547 2428 Dablinienei
1571 2380 1807 2426 revisione
1826 2378 2081 2445 (Duhlin’s
2099 2381 2191 2429 Re-

1179 2462 1299 2509 view
1328 2461 1344 2524 )
1405 2460 1606 2509 edendos
1670 2459 1850 2508 curavit
1877 2497 1891 2517 ‚
1941 2463 2192 2526 praesertim

1182 2560 1286 2591 vero
1315 2561 1367 2591 n.
1408 2561 1456 2604 x,
1490 2541 1657 2591 Octob.
1698 2540 1859 2603 1838,
1907 2552 1952 2591 et
1986 2561 2037 2592 n.
2074 2558 2190 2603 xm,

1182 2626 1376 2688 August.
1433 2621 1591 2691 1839,
1631 2627 1681 2672 in
1721 2625 1892 2691 quibus
1942 2624 2194 2674 Ecclesiam

1184 2706 1477 2772 anglicanam
1495 2706 1706 2754 funditus
1734 2717 1872 2773 atque
1901 2707 2196 2756 essentialiter

1184 2787 1518 2836 schismaticam
1540 2805 1636 2836 esse
1658 2823 1671 2848 ‚
1707 2789 1984 2854 nullumque
2006 2791 2093 2854 ipsi
2119 2791 2195 2856 jus

1185 2868 1244 2918 ad
1274 2857 1570 2934 apostolicam
1605 2864 1936 2919 successionem
1960 2907 1975 2927 ‚
2017 2873 2068 2919 in
2101 2889 2195 2938 quo

1187 2955 1454 3001 oxonienses
1498 2962 1731 3017 tantopere
1770 2953 2021 3017 gloriantur
2059 2963 2198 3020 atque

1188 3035 1461 3097 confidunt,
1506 3046 1760 3101 competere
1792 3034 2198 3100 (independenter

1190 3119 1328 3165 etiam
1363 3135 1389 3165 a
1431 3118 1664 3166 validitate
1710 3116 2070 3166 ordinationum
2112 3136 2198 3167 an-

1193 3198 1475 3263 glicanarum
1497 3237 1510 3259 ‚
1552 3216 1693 3265 quam
1738 3208 1891 3247 tamen
1930 3200 1989 3247 cl.
2041 3209 2199 3248 auctor

1196 3282 1387 3329 omnino
1419 3281 1673 3346 denegat),
1705 3283 1842 3329 totius
1884 3282 2200 3331 ecclesiasticas

1195 3366 1479 3430 antiquitatis
1530 3366 1790 3412 testimonio
1832 3363 2068 3413 evidenter
2120 3364 2199 3411 de-

1196 3457 1435 3495 monstrat.
1477 3443 1555 3492 Nil
1595 3455 1752 3494 autem
1796 3447 1948 3494 verius
1990 3444 2200 3494 luculen-

1194 3529 1378 3594 tiusque
1420 3535 1636 3592 perpetua
1690 3526 1766 3574 illa
1817 3528 2154 3591 comparatione
2182 3559 2197 3583 ,

1195 3627 1334 3675 quam
1366 3613 1415 3658 in
1443 3605 1648 3657 secundo
1686 3626 1737 3658 ex
1772 3611 1851 3657 cit.
1892 3607 2091 3656 articulis
2129 3609 2201 3655 in-

1198 3690 1344 3740 stituit
1380 3692 1505 3739 inter
1537 3689 1735 3739 schisma
1766 3688 2110 3738 Donatistarum
2156 3698 2202 3738 et
