<?xml version="1.0" encoding="UTF-8"?>
<!DOCTYPE html PUBLIC "-//W3C//DTD XHTML 1.0 Transitional//EN"
    "http://www.w3.org/TR/xhtml1/DTD/xhtml1-transitional.dtd">
<html xmlns="http://www.w3.org/1999/xhtml" xml:lang="en" lang="en">
 <head>
  <title>
</title>
<meta http-equiv="Content-Type" content="text/html;charset=utf-8" />
  <meta name='ocr-system' content='tesseract 3.04.00' />
  <meta name='ocr-capabilities' content='ocr_page ocr_carea ocr_par ocr_line ocrx_word'/>
</head>
<body>
  <div class='ocr_page' id='page_1' title='image "a603693808perruoft_0229.png"; bbox 0 0 2514 4218; ppageno 0'>
   <div class='ocr_carea' id='block_1_1' title="bbox 516 217 2205 292">
    <p class='ocr_par' dir='ltr' id='par_1_1' title="bbox 516 217 2205 292">
     <span class='ocr_line' id='line_1_1' title="bbox 516 217 2205 292; baseline -0.001 -13"><span class='ocrx_word' id='word_1_1' title='bbox 516 241 676 281; x_wconf 62' lang='lat' dir='ltr'><strong>ran-r.</strong></span> <span class='ocrx_word' id='word_1_2' title='bbox 723 242 766 278; x_wconf 86' lang='lat'><strong>1.</strong></span> <span class='ocrx_word' id='word_1_3' title='bbox 814 239 939 279; x_wconf 67' lang='lat' dir='ltr'><strong>cn.</strong></span> <span class='ocrx_word' id='word_1_4' title='bbox 986 241 1066 283; x_wconf 89' lang='lat' dir='ltr'><strong>1v·.</strong></span> <span class='ocrx_word' id='word_1_5' title='bbox 1113 241 1183 278; x_wconf 74' lang='lat' dir='ltr'><strong>nn</strong></span> <span class='ocrx_word' id='word_1_6' title='bbox 1224 239 1493 292; x_wconf 57' lang='lat' dir='ltr'><strong>Ecetzsm</strong></span> <span class='ocrx_word' id='word_1_7' title='bbox 1532 239 1782 278; x_wconf 70' lang='lat' dir='ltr'><strong>nonnus.</strong></span> <span class='ocrx_word' id='word_1_8' title='bbox 2087 217 2205 278; x_wconf 82' lang='lat'><strong>217</strong></span> 
     </span>
    </p>
   </div>
   <div class='ocr_carea' id='block_1_2' title="bbox 95 377 2212 563">
    <p class='ocr_par' dir='ltr' id='par_1_2' title="bbox 95 377 2212 563">
     <span class='ocr_line' id='line_1_2' title="bbox 95 377 2212 463; baseline -0.003 -15"><span class='ocrx_word' id='word_1_9' title='bbox 95 408 313 448; x_wconf 74' lang='lat' dir='ltr'><strong>neeesse</strong></span> <span class='ocrx_word' id='word_1_10' title='bbox 351 396 433 446; x_wconf 78' lang='lat' dir='ltr'><strong>est</strong></span> <span class='ocrx_word' id='word_1_11' title='bbox 453 405 688 444; x_wconf 78' lang='lat' dir='ltr'><strong>omnem</strong></span> <span class='ocrx_word' id='word_1_12' title='bbox 724 389 1031 444; x_wconf 79' lang='lat' dir='ltr'><strong>convenire</strong></span> <span class='ocrx_word' id='word_1_13' title='bbox 1061 385 1426 455; x_wconf 78' lang='lat' dir='ltr'><strong><em>Ecclesiam,</em></strong></span> <span class='ocrx_word' id='word_1_14' title='bbox 1450 377 1525 444; x_wconf 66' lang='lat' dir='ltr'><strong>id</strong></span> <span class='ocrx_word' id='word_1_15' title='bbox 1543 393 1660 454; x_wconf 74' lang='lat' dir='ltr'><strong>est,</strong></span> <span class='ocrx_word' id='word_1_16' title='bbox 1689 403 1887 443; x_wconf 72' lang='lat' dir='ltr'><strong>omnes</strong></span> <span class='ocrx_word' id='word_1_17' title='bbox 1922 385 2037 463; x_wconf 83' lang='lat' dir='ltr'><strong>qui</strong></span> <span class='ocrx_word' id='word_1_18' title='bbox 2065 393 2212 443; x_wconf 76' lang='lat' dir='ltr'><strong>sunt</strong></span> 
     </span>
     <span class='ocr_line' id='line_1_3' title="bbox 95 477 1634 563; baseline -0.004 -21"><span class='ocrx_word' id='word_1_19' title='bbox 95 484 369 562; x_wconf 74' lang='lat' dir='ltr'><strong>‘tendique</strong></span> <span class='ocrx_word' id='word_1_20' title='bbox 388 481 619 560; x_wconf 72' lang='grc' dir='ltr'><em>Ῐίἅεῖθε,</em></span> <span class='ocrx_word' id='word_1_21' title='bbox 652 490 718 539; x_wconf 91' lang='lat' dir='ltr'><strong>ut</strong></span> <span class='ocrx_word' id='word_1_22' title='bbox 752 479 1125 563; x_wconf 84' lang='lat' dir='ltr'><strong>prosequitur</strong></span> <span class='ocrx_word' id='word_1_23' title='bbox 1158 480 1217 538; x_wconf 89' lang='lat' dir='ltr'><strong>S.</strong></span> <span class='ocrx_word' id='word_1_24' title='bbox 1250 481 1498 540; x_wconf 81' lang='lat' dir='ltr'><strong>Irenaeus</strong></span> <span class='ocrx_word' id='word_1_25' title='bbox 1524 477 1634 560; x_wconf 89' lang='lat'><strong>(1).</strong></span> 
     </span>
    </p>
   </div>
   <div class='ocr_carea' id='block_1_3' title="bbox 957 669 1344 730">
    <p class='ocr_par' dir='ltr' id='par_1_3' title="bbox 957 669 1344 730">
     <span class='ocr_line' id='line_1_4' title="bbox 957 669 1344 730; baseline -0.008 0"><span class='ocrx_word' id='word_1_26' title='bbox 957 669 1203 730; x_wconf 87' lang='lat' dir='ltr'>CAPUT</span> <span class='ocrx_word' id='word_1_27' title='bbox 1246 670 1344 728; x_wconf 84' lang='lat' dir='ltr'><strong>lv.</strong></span> 
     </span>
    </p>
   </div>
   <div class='ocr_carea' id='block_1_4' title="bbox 806 831 1480 893">
    <p class='ocr_par' dir='ltr' id='par_1_4' title="bbox 806 831 1480 893">
     <span class='ocr_line' id='line_1_5' title="bbox 806 831 1480 893; baseline -0.001 -1"><span class='ocrx_word' id='word_1_28' title='bbox 806 856 874 893; x_wconf 68' lang='lat' dir='ltr'><strong>mi</strong></span> <span class='ocrx_word' id='word_1_29' title='bbox 915 853 1189 892; x_wconf 70' lang='lat' dir='ltr'><strong>ncctnsm.</strong></span> <span class='ocrx_word' id='word_1_30' title='bbox 1230 831 1480 891; x_wconf 69' lang='lat' dir='ltr'><strong>noriam.</strong></span> 
     </span>
    </p>
   </div>
   <div class='ocr_carea' id='block_1_5' title="bbox 68 981 2224 2873">
    <p class='ocr_par' dir='ltr' id='par_1_5' title="bbox 94 981 2220 1732">
     <span class='ocr_line' id='line_1_6' title="bbox 180 981 2216 1065; baseline -0 -20"><span class='ocrx_word' id='word_1_31' title='bbox 180 986 320 1045; x_wconf 80' lang='lat'><strong>329.</strong></span> <span class='ocrx_word' id='word_1_32' title='bbox 369 984 627 1044; x_wconf 84' lang='lat' dir='ltr'><strong>Ecelesiae</strong></span> <span class='ocrx_word' id='word_1_33' title='bbox 649 984 866 1063; x_wconf 77' lang='lat' dir='ltr'><strong>origine</strong></span> <span class='ocrx_word' id='word_1_34' title='bbox 884 1027 900 1057; x_wconf 79' lang='grc'><em>,</em></span> <span class='ocrx_word' id='word_1_35' title='bbox 936 981 1305 1040; x_wconf 85' lang='lat' dir='ltr'><strong>institutione</strong></span> <span class='ocrx_word' id='word_1_36' title='bbox 1326 991 1386 1040; x_wconf 87' lang='lat' dir='ltr'><strong>et</strong></span> <span class='ocrx_word' id='word_1_37' title='bbox 1410 981 1823 1042; x_wconf 88' lang='lat' dir='ltr'><strong>constitutione</strong></span> <span class='ocrx_word' id='word_1_38' title='bbox 1851 983 2119 1065; x_wconf 86' lang='lat' dir='ltr'>expensis</span> <span class='ocrx_word' id='word_1_39' title='bbox 2150 1004 2216 1044; x_wconf 86' lang='lat' dir='ltr'><strong>ae</strong></span> 
     </span>
     <span class='ocr_line' id='line_1_7' title="bbox 96 1075 2219 1158; baseline -0 -18"><span class='ocrx_word' id='word_1_40' title='bbox 96 1080 427 1156; x_wconf 54' lang='lat' dir='ltr'><strong>vindicam,</strong></span> <span class='ocrx_word' id='word_1_41' title='bbox 452 1102 569 1139; x_wconf 90' lang='lat' dir='ltr'><strong>una</strong></span> <span class='ocrx_word' id='word_1_42' title='bbox 592 1101 722 1138; x_wconf 89' lang='lat' dir='ltr'><strong>cum</strong></span> <span class='ocrx_word' id='word_1_43' title='bbox 744 1077 897 1136; x_wconf 90' lang='lat' dir='ltr'><strong>notis</strong></span> <span class='ocrx_word' id='word_1_44' title='bbox 911 1097 982 1135; x_wconf 90' lang='lat' dir='ltr'><strong>ex</strong></span> <span class='ocrx_word' id='word_1_45' title='bbox 1003 1075 1232 1158; x_wconf 80' lang='lat' dir='ltr'><strong>quibuS‚</strong></span> <span class='ocrx_word' id='word_1_46' title='bbox 1252 1076 1376 1158; x_wconf 89' lang='lat' dir='ltr'><strong>ipsa</strong></span> <span class='ocrx_word' id='word_1_47' title='bbox 1407 1098 1436 1135; x_wconf 91' lang='lat' dir='ltr'><strong>a</strong></span> <span class='ocrx_word' id='word_1_48' title='bbox 1455 1077 1659 1158; x_wconf 87' lang='lat' dir='ltr'><strong>quavis</strong></span> <span class='ocrx_word' id='word_1_49' title='bbox 1683 1076 2010 1138; x_wconf 89' lang='lat' dir='ltr'><strong>adulterina</strong></span> <span class='ocrx_word' id='word_1_50' title='bbox 2034 1080 2219 1139; x_wconf 86' lang='lat' dir='ltr'><strong>socie·</strong></span> 
     </span>
     <span class='ocr_line' id='line_1_8' title="bbox 96 1171 2219 1257; baseline -0 -22"><span class='ocrx_word' id='word_1_51' title='bbox 96 1186 246 1247; x_wconf 85' lang='lat' dir='ltr'><strong>tate,</strong></span> <span class='ocrx_word' id='word_1_52' title='bbox 287 1197 413 1257; x_wconf 88' lang='lat' dir='ltr'><strong>quae</strong></span> <span class='ocrx_word' id='word_1_53' title='bbox 448 1174 556 1234; x_wconf 90' lang='lat' dir='ltr'><strong>sibi</strong></span> <span class='ocrx_word' id='word_1_54' title='bbox 584 1172 908 1233; x_wconf 88' lang='lat' dir='ltr'><strong>christianae</strong></span> <span class='ocrx_word' id='word_1_55' title='bbox 922 1171 1194 1231; x_wconf 85' lang='lat' dir='ltr'><strong>Ecclesiae</strong></span> <span class='ocrx_word' id='word_1_56' title='bbox 1216 1193 1435 1231; x_wconf 90' lang='lat' dir='ltr'><strong>nomen</strong></span> <span class='ocrx_word' id='word_1_57' title='bbox 1459 1183 1689 1251; x_wconf 81' lang='lat' dir='ltr'><strong>arrogat</strong></span> <span class='ocrx_word' id='word_1_58' title='bbox 1712 1218 1728 1248; x_wconf 81' lang='grc'><em>,</em></span> <span class='ocrx_word' id='word_1_59' title='bbox 1753 1183 1881 1232; x_wconf 88' lang='lat' dir='ltr'><strong>tuto</strong></span> <span class='ocrx_word' id='word_1_60' title='bbox 1902 1173 2219 1234; x_wconf 86' lang='lat' dir='ltr'><strong>internosci</strong></span> 
     </span>
     <span class='ocr_line' id='line_1_9' title="bbox 95 1266 2218 1352; baseline -0 -23"><span class='ocrx_word' id='word_1_61' title='bbox 95 1271 310 1351; x_wconf 63' lang='lat' dir='ltr'><strong>possit,</strong></span> <span class='ocrx_word' id='word_1_62' title='bbox 343 1279 636 1352; x_wconf 70' lang='lat' dir='ltr'><strong>superest,</strong></span> <span class='ocrx_word' id='word_1_63' title='bbox 661 1279 728 1326; x_wconf 91' lang='lat' dir='ltr'><strong>ut</strong></span> <span class='ocrx_word' id='word_1_64' title='bbox 757 1267 1155 1349; x_wconf 83' lang='lat' dir='ltr'><strong>inquiramuS,</strong></span> <span class='ocrx_word' id='word_1_65' title='bbox 1191 1266 1402 1349; x_wconf 90' lang='lat' dir='ltr'><strong>quibus</strong></span> <span class='ocrx_word' id='word_1_66' title='bbox 1438 1266 1668 1327; x_wconf 89' lang='lat' dir='ltr'><strong>dotibus</strong></span> <span class='ocrx_word' id='word_1_67' title='bbox 1700 1289 1802 1327; x_wconf 89' lang='lat' dir='ltr'><strong>seu</strong></span> <span class='ocrx_word' id='word_1_68' title='bbox 1823 1269 2218 1351; x_wconf 80' lang='lat' dir='ltr'><strong>praerogati‘vis</strong></span> 
     </span>
     <span class='ocr_line' id='line_1_10' title="bbox 97 1362 2219 1427; baseline -0.001 -3"><span class='ocrx_word' id='word_1_69' title='bbox 97 1366 329 1427; x_wconf 87' lang='lat' dir='ltr'><strong>divinus</strong></span> <span class='ocrx_word' id='word_1_70' title='bbox 361 1363 626 1424; x_wconf 85' lang='lat' dir='ltr'><strong>conditor</strong></span> <span class='ocrx_word' id='word_1_71' title='bbox 663 1362 925 1422; x_wconf 88' lang='lat' dir='ltr'><strong>Christus</strong></span> <span class='ocrx_word' id='word_1_72' title='bbox 966 1362 1237 1422; x_wconf 89' lang='lat' dir='ltr'><strong>eamdem</strong></span> <span class='ocrx_word' id='word_1_73' title='bbox 1270 1362 1634 1421; x_wconf 80' lang='lat' dir='ltr'><strong>instruxerit.</strong></span> <span class='ocrx_word' id='word_1_74' title='bbox 1684 1363 1786 1426; x_wconf 83' lang='lat' dir='ltr'><strong>Hae</strong></span> <span class='ocrx_word' id='word_1_75' title='bbox 1818 1375 2015 1423; x_wconf 84' lang='lat' dir='ltr'><strong>autem</strong></span> <span class='ocrx_word' id='word_1_76' title='bbox 2053 1362 2219 1423; x_wconf 90' lang='lat' dir='ltr'><strong>dotes</strong></span> 
     </span>
     <span class='ocr_line' id='line_1_11' title="bbox 94 1456 2219 1541; baseline -0.001 -22"><span class='ocrx_word' id='word_1_77' title='bbox 94 1462 158 1520; x_wconf 92' lang='lat' dir='ltr'><strong>in</strong></span> <span class='ocrx_word' id='word_1_78' title='bbox 200 1483 270 1521; x_wconf 89' lang='lat' dir='ltr'><strong>eo</strong></span> <span class='ocrx_word' id='word_1_79' title='bbox 305 1484 337 1520; x_wconf 87' lang='lat' dir='ltr'><strong>a</strong></span> <span class='ocrx_word' id='word_1_80' title='bbox 382 1457 833 1541; x_wconf 84' lang='lat' dir='ltr'><strong>proprietatibus</strong></span> <span class='ocrx_word' id='word_1_81' title='bbox 872 1457 1275 1518; x_wconf 84' lang='lat' dir='ltr'><strong>essentialibus</strong></span> <span class='ocrx_word' id='word_1_82' title='bbox 1320 1457 1642 1532; x_wconf 69' lang='lat' dir='ltr'><strong>differunt,</strong></span> <span class='ocrx_word' id='word_1_83' title='bbox 1693 1456 1851 1538; x_wconf 89' lang='lat' dir='ltr'><strong>quod</strong></span> <span class='ocrx_word' id='word_1_84' title='bbox 1895 1460 2017 1517; x_wconf 86' lang='lat' dir='ltr'><strong>istae</strong></span> <span class='ocrx_word' id='word_1_85' title='bbox 2054 1480 2087 1517; x_wconf 86' lang='lat' dir='ltr'><strong>a</strong></span> <span class='ocrx_word' id='word_1_86' title='bbox 2134 1458 2219 1518; x_wconf 87' lang='lat' dir='ltr'><strong>rei</strong></span> 
     </span>
     <span class='ocr_line' id='line_1_12' title="bbox 94 1551 2220 1637; baseline -0.002 -23"><span class='ocrx_word' id='word_1_87' title='bbox 94 1568 302 1616; x_wconf 88' lang='lat' dir='ltr'><strong>natura</strong></span> <span class='ocrx_word' id='word_1_88' title='bbox 321 1600 338 1627; x_wconf 86' lang='lat'><strong>.‚</strong></span> <span class='ocrx_word' id='word_1_89' title='bbox 378 1555 464 1613; x_wconf 89' lang='lat' dir='ltr'><strong>uti</strong></span> <span class='ocrx_word' id='word_1_90' title='bbox 500 1555 904 1636; x_wconf 74' lang='lat' dir='ltr'><strong>exposuimu3‚</strong></span> <span class='ocrx_word' id='word_1_91' title='bbox 933 1552 1231 1637; x_wconf 90' lang='lat' dir='ltr'><strong>profluant</strong></span> <span class='ocrx_word' id='word_1_92' title='bbox 1251 1599 1268 1630; x_wconf 77' lang='lat'>‚</span> <span class='ocrx_word' id='word_1_93' title='bbox 1294 1552 1409 1612; x_wconf 86' lang='lat' dir='ltr'><strong>illae</strong></span> <span class='ocrx_word' id='word_1_94' title='bbox 1443 1551 1878 1635; x_wconf 88' lang='lat' dir='ltr'><strong>quodammodo</strong></span> <span class='ocrx_word' id='word_1_95' title='bbox 1904 1551 2096 1612; x_wconf 89' lang='lat' dir='ltr'><strong>eidem</strong></span> <span class='ocrx_word' id='word_1_96' title='bbox 2128 1574 2220 1611; x_wconf 89' lang='lat' dir='ltr'><strong>su-</strong></span> 
     </span>
     <span class='ocr_line' id='line_1_13' title="bbox 94 1650 849 1732; baseline 0 -21"><span class='ocrx_word' id='word_1_97' title='bbox 94 1650 402 1732; x_wconf 78' lang='lat' dir='ltr'><strong>pervenire</strong></span> <span class='ocrx_word' id='word_1_98' title='bbox 430 1650 849 1730; x_wconf 80' lang='lat' dir='ltr'><strong>concipiantur.</strong></span> 
     </span>
    </p>

    <p class='ocr_par' dir='ltr' id='par_1_6' title="bbox 68 1743 2224 2491">
     <span class='ocr_line' id='line_1_14' title="bbox 177 1743 2222 1827; baseline -0.001 -23"><span class='ocrx_word' id='word_1_99' title='bbox 177 1745 314 1805; x_wconf 85' lang='lat'><strong>330.</strong></span> <span class='ocrx_word' id='word_1_100' title='bbox 360 1746 663 1827; x_wconf 87' lang='lat' dir='ltr'><strong>Praeeipuae</strong></span> <span class='ocrx_word' id='word_1_101' title='bbox 721 1767 860 1806; x_wconf 86' lang='lat' dir='ltr'><strong>vero</strong></span> <span class='ocrx_word' id='word_1_102' title='bbox 907 1743 1171 1804; x_wconf 78' lang='lat' dir='ltr'><strong>Ecclesiae</strong></span> <span class='ocrx_word' id='word_1_103' title='bbox 1223 1744 1388 1805; x_wconf 89' lang='lat' dir='ltr'><strong>dotes</strong></span> <span class='ocrx_word' id='word_1_104' title='bbox 1430 1755 1566 1804; x_wconf 92' lang='lat' dir='ltr'><strong>sunt</strong></span> <span class='ocrx_word' id='word_1_105' title='bbox 1618 1744 2109 1823; x_wconf 74' lang='lat' dir='ltr'><strong>indefectibilitas</strong></span> <span class='ocrx_word' id='word_1_106' title='bbox 2157 1743 2222 1803; x_wconf 91' lang='lat' dir='ltr'><strong>in</strong></span> 
     </span>
     <span class='ocr_line' id='line_1_15' title="bbox 68 1839 2223 1921; baseline -0.001 -20"><span class='ocrx_word' id='word_1_107' title='bbox 68 1881 70 1883; x_wconf 95' lang='lat'>-</span> <span class='ocrx_word' id='word_1_108' title='bbox 94 1840 396 1901; x_wconf 89' lang='lat' dir='ltr'><strong>existendo</strong></span> <span class='ocrx_word' id='word_1_109' title='bbox 417 1886 433 1916; x_wconf 86' lang='lat'><strong>.,</strong></span> <span class='ocrx_word' id='word_1_110' title='bbox 472 1842 889 1921; x_wconf 78' lang='lat' dir='ltr'><strong>infallibilitas</strong></span> <span class='ocrx_word' id='word_1_111' title='bbox 917 1841 980 1899; x_wconf 90' lang='lat' dir='ltr'><strong>in</strong></span> <span class='ocrx_word' id='word_1_112' title='bbox 1003 1841 1265 1900; x_wconf 89' lang='lat' dir='ltr'><strong>docendo</strong></span> <span class='ocrx_word' id='word_1_113' title='bbox 1283 1886 1298 1915; x_wconf 76' lang='grc'><em>,</em></span> <span class='ocrx_word' id='word_1_114' title='bbox 1326 1845 1654 1900; x_wconf 79' lang='lat' dir='ltr'><strong>auctoritas</strong></span> <span class='ocrx_word' id='word_1_115' title='bbox 1680 1840 1743 1898; x_wconf 91' lang='lat' dir='ltr'><strong>in</strong></span> <span class='ocrx_word' id='word_1_116' title='bbox 1765 1839 2038 1920; x_wconf 83' lang='lat' dir='ltr'><strong>regendO.</strong></span> <span class='ocrx_word' id='word_1_117' title='bbox 2066 1841 2223 1918; x_wconf 86' lang='lat' dir='ltr'><strong>Ejus-</strong></span> 
     </span>
     <span class='ocr_line' id='line_1_16' title="bbox 93 1935 2222 2018; baseline -0 -24"><span class='ocrx_word' id='word_1_118' title='bbox 93 1936 255 1995; x_wconf 89' lang='lat' dir='ltr'><strong>modi</strong></span> <span class='ocrx_word' id='word_1_119' title='bbox 312 1958 486 2018; x_wconf 87' lang='lat' dir='ltr'><strong>porro</strong></span> <span class='ocrx_word' id='word_1_120' title='bbox 539 1935 1108 1996; x_wconf 85' lang='lat' dir='ltr'><strong>indefectibilitatem</strong></span> <span class='ocrx_word' id='word_1_121' title='bbox 1149 1936 1212 1994; x_wconf 94' lang='lat' dir='ltr'><strong>in</strong></span> <span class='ocrx_word' id='word_1_122' title='bbox 1252 1937 1556 1996; x_wconf 85' lang='lat' dir='ltr'><strong>existentia</strong></span> <span class='ocrx_word' id='word_1_123' title='bbox 1580 1982 1596 2011; x_wconf 71' lang='lat'>,</span> <span class='ocrx_word' id='word_1_124' title='bbox 1645 1935 2123 1996; x_wconf 85' lang='lat' dir='ltr'><strong>infallibilitatem</strong></span> <span class='ocrx_word' id='word_1_125' title='bbox 2160 1935 2222 1993; x_wconf 91' lang='lat' dir='ltr'><strong>in</strong></span> 
     </span>
     <span class='ocr_line' id='line_1_17' title="bbox 95 2029 2224 2111; baseline -0 -22"><span class='ocrx_word' id='word_1_126' title='bbox 95 2029 392 2106; x_wconf 73' lang='lat' dir='ltr'><strong>doctrina,</strong></span> <span class='ocrx_word' id='word_1_127' title='bbox 428 2031 833 2091; x_wconf 81' lang='lat' dir='ltr'><strong>auctoritatem</strong></span> <span class='ocrx_word' id='word_1_128' title='bbox 862 2032 923 2090; x_wconf 88' lang='lat' dir='ltr'><strong>in</strong></span> <span class='ocrx_word' id='word_1_129' title='bbox 965 2031 1246 2111; x_wconf 83' lang='lat' dir='ltr'><strong>regimine</strong></span> <span class='ocrx_word' id='word_1_130' title='bbox 1286 2031 1579 2091; x_wconf 85' lang='lat' dir='ltr'><strong>Christum</strong></span> <span class='ocrx_word' id='word_1_131' title='bbox 1620 2032 1881 2091; x_wconf 83' lang='lat' dir='ltr'><strong>Ecclesiae</strong></span> <span class='ocrx_word' id='word_1_132' title='bbox 1926 2051 2044 2092; x_wconf 85' lang='lat' dir='ltr'><strong>suae</strong></span> <span class='ocrx_word' id='word_1_133' title='bbox 2081 2051 2224 2090; x_wconf 86' lang='lat' dir='ltr'><strong>eon-</strong></span> 
     </span>
     <span class='ocr_line' id='line_1_18' title="bbox 96 2125 2222 2209; baseline 0 -26"><span class='ocrx_word' id='word_1_134' title='bbox 96 2125 351 2200; x_wconf 71' lang='lat' dir='ltr'><strong>eessisse,</strong></span> <span class='ocrx_word' id='word_1_135' title='bbox 368 2137 469 2185; x_wconf 89' lang='lat' dir='ltr'><strong>aut</strong></span> <span class='ocrx_word' id='word_1_136' title='bbox 498 2138 717 2205; x_wconf 85' lang='lat' dir='ltr'><strong>negant</strong></span> <span class='ocrx_word' id='word_1_137' title='bbox 740 2148 977 2209; x_wconf 88' lang='lat' dir='ltr'><strong>prorsus</strong></span> <span class='ocrx_word' id='word_1_138' title='bbox 999 2148 1203 2187; x_wconf 91' lang='lat' dir='ltr'><strong>omnes</strong></span> <span class='ocrx_word' id='word_1_139' title='bbox 1228 2127 1558 2187; x_wconf 80' lang='lat' dir='ltr'><strong>acatholicae</strong></span> <span class='ocrx_word' id='word_1_140' title='bbox 1584 2138 1754 2187; x_wconf 79' lang='lat' dir='ltr'><strong>sectae</strong></span> <span class='ocrx_word' id='word_1_141' title='bbox 1773 2172 1788 2203; x_wconf 78' lang='grc'><em>,</em></span> <span class='ocrx_word' id='word_1_142' title='bbox 1815 2137 1915 2186; x_wconf 90' lang='lat' dir='ltr'><strong>aut</strong></span> <span class='ocrx_word' id='word_1_143' title='bbox 1933 2126 2015 2185; x_wconf 89' lang='lat' dir='ltr'><strong>ita</strong></span> <span class='ocrx_word' id='word_1_144' title='bbox 2043 2141 2222 2207; x_wconf 81' lang='lat' dir='ltr'><strong>expo&#39;-</strong></span> 
     </span>
     <span class='ocr_line' id='line_1_19' title="bbox 98 2219 2221 2303; baseline 0.001 -27"><span class='ocrx_word' id='word_1_145' title='bbox 98 2231 286 2293; x_wconf 72' lang='lat' dir='ltr'><strong>nunt,</strong></span> <span class='ocrx_word' id='word_1_146' title='bbox 338 2231 404 2278; x_wconf 91' lang='lat' dir='ltr'><strong>ut</strong></span> <span class='ocrx_word' id='word_1_147' title='bbox 439 2231 761 2280; x_wconf 81' lang='lat' dir='ltr'><strong>extenuent</strong></span> <span class='ocrx_word' id='word_1_148' title='bbox 801 2243 894 2282; x_wconf 89' lang='lat' dir='ltr'><strong>eas</strong></span> <span class='ocrx_word' id='word_1_149' title='bbox 932 2233 1106 2303; x_wconf 87' lang='lat' dir='ltr'><strong>atque</strong></span> <span class='ocrx_word' id='word_1_150' title='bbox 1150 2223 1571 2284; x_wconf 87' lang='lat' dir='ltr'><strong>comminuant.</strong></span> <span class='ocrx_word' id='word_1_151' title='bbox 1618 2224 1765 2282; x_wconf 90' lang='lat' dir='ltr'><strong>Cum</strong></span> <span class='ocrx_word' id='word_1_152' title='bbox 1800 2222 1960 2283; x_wconf 88' lang='lat' dir='ltr'><strong>enim</strong></span> <span class='ocrx_word' id='word_1_153' title='bbox 2005 2242 2065 2280; x_wconf 88' lang='lat' dir='ltr'><strong>se</strong></span> <span class='ocrx_word' id='word_1_154' title='bbox 2108 2219 2221 2279; x_wconf 92' lang='lat' dir='ltr'><strong>illis</strong></span> 
     </span>
     <span class='ocr_line' id='line_1_20' title="bbox 99 2311 2224 2396; baseline 0.001 -25"><span class='ocrx_word' id='word_1_155' title='bbox 99 2311 333 2373; x_wconf 89' lang='lat' dir='ltr'><strong>destitui</strong></span> <span class='ocrx_word' id='word_1_156' title='bbox 374 2313 559 2396; x_wconf 89' lang='lat' dir='ltr'><strong>probe</strong></span> <span class='ocrx_word' id='word_1_157' title='bbox 596 2316 830 2391; x_wconf 72' lang='lat' dir='ltr'><strong>norint,</strong></span> <span class='ocrx_word' id='word_1_158' title='bbox 864 2316 1014 2375; x_wconf 89' lang='lat' dir='ltr'><strong>nihil</strong></span> <span class='ocrx_word' id='word_1_159' title='bbox 1056 2338 1178 2376; x_wconf 90' lang='lat' dir='ltr'><strong>non</strong></span> <span class='ocrx_word' id='word_1_160' title='bbox 1209 2317 1566 2392; x_wconf 74' lang='lat' dir='ltr'><strong>moliuntur,</strong></span> <span class='ocrx_word' id='word_1_161' title='bbox 1595 2328 1662 2376; x_wconf 92' lang='lat' dir='ltr'><strong>ut</strong></span> <span class='ocrx_word' id='word_1_162' title='bbox 1684 2338 1839 2379; x_wconf 86' lang='lat' dir='ltr'><strong>verae</strong></span> <span class='ocrx_word' id='word_1_163' title='bbox 1878 2316 2086 2376; x_wconf 88' lang='lat' dir='ltr'><strong>saltem</strong></span> <span class='ocrx_word' id='word_1_164' title='bbox 2116 2317 2224 2375; x_wconf 80' lang='lat' dir='ltr'><strong>Ec·</strong></span> 
     </span>
     <span class='ocr_line' id='line_1_21' title="bbox 98 2406 1771 2491; baseline 0.003 -25"><span class='ocrx_word' id='word_1_165' title='bbox 98 2406 282 2467; x_wconf 85' lang='lat' dir='ltr'><strong>clesiae</strong></span> <span class='ocrx_word' id='word_1_166' title='bbox 312 2408 545 2468; x_wconf 90' lang='lat' dir='ltr'><strong>easdem</strong></span> <span class='ocrx_word' id='word_1_167' title='bbox 584 2410 854 2491; x_wconf 87' lang='lat' dir='ltr'><strong>eripiant.</strong></span> <span class='ocrx_word' id='word_1_168' title='bbox 1766 2414 1771 2419; x_wconf 87' lang='grc'><strong>’</strong></span> 
     </span>
    </p>

    <p class='ocr_par' dir='ltr' id='par_1_7' title="bbox 100 2501 2223 2873">
     <span class='ocr_line' id='line_1_22' title="bbox 182 2501 2222 2588; baseline 0.001 -28"><span class='ocrx_word' id='word_1_169' title='bbox 182 2501 319 2561; x_wconf 84' lang='grc'><strong>331.</strong></span> <span class='ocrx_word' id='word_1_170' title='bbox 366 2505 452 2562; x_wconf 90' lang='lat' dir='ltr'><strong>Ne</strong></span> <span class='ocrx_word' id='word_1_171' title='bbox 490 2514 687 2563; x_wconf 89' lang='lat' dir='ltr'><strong>autem</strong></span> <span class='ocrx_word' id='word_1_172' title='bbox 705 2550 721 2581; x_wconf 70' lang='lat'>‚</span> <span class='ocrx_word' id='word_1_173' title='bbox 758 2527 893 2564; x_wconf 88' lang='lat' dir='ltr'><strong>cum</strong></span> <span class='ocrx_word' id='word_1_174' title='bbox 916 2527 1007 2566; x_wconf 88' lang='lat' dir='ltr'><strong>res</strong></span> <span class='ocrx_word' id='word_1_175' title='bbox 1035 2505 1179 2566; x_wconf 86' lang='lat' dir='ltr'><strong>adeo</strong></span> <span class='ocrx_word' id='word_1_176' title='bbox 1207 2507 1397 2587; x_wconf 85' lang='lat' dir='ltr'><strong>gravis</strong></span> <span class='ocrx_word' id='word_1_177' title='bbox 1425 2506 1614 2587; x_wconf 84' lang='lat' dir='ltr'><strong>agitur</strong></span> <span class='ocrx_word' id='word_1_178' title='bbox 1636 2551 1653 2581; x_wconf 71' lang='lat'>‚</span> <span class='ocrx_word' id='word_1_179' title='bbox 1693 2505 1995 2588; x_wconf 83' lang='lat' dir='ltr'><strong>quidpiam</strong></span> <span class='ocrx_word' id='word_1_180' title='bbox 2030 2505 2097 2564; x_wconf 90' lang='lat' dir='ltr'><strong>in</strong></span> <span class='ocrx_word' id='word_1_181' title='bbox 2117 2527 2222 2564; x_wconf 89' lang='lat' dir='ltr'><strong>an-</strong></span> 
     </span>
     <span class='ocr_line' id='line_1_23' title="bbox 100 2597 2223 2684; baseline 0 -28"><span class='ocrx_word' id='word_1_182' title='bbox 100 2597 258 2678; x_wconf 88' lang='lat' dir='ltr'><strong>cipiti</strong></span> <span class='ocrx_word' id='word_1_183' title='bbox 300 2597 704 2680; x_wconf 71' lang='lat' dir='ltr'><strong>relinquatur,</strong></span> <span class='ocrx_word' id='word_1_184' title='bbox 752 2611 812 2659; x_wconf 91' lang='lat' dir='ltr'><strong>et</strong></span> <span class='ocrx_word' id='word_1_185' title='bbox 851 2611 916 2659; x_wconf 88' lang='lat' dir='ltr'><strong>ut</strong></span> <span class='ocrx_word' id='word_1_186' title='bbox 955 2601 1179 2676; x_wconf 75' lang='lat' dir='ltr'><strong>lucid0‚</strong></span> <span class='ocrx_word' id='word_1_187' title='bbox 1219 2611 1394 2682; x_wconf 76' lang='lat' dir='ltr'><strong>prout</strong></span> <span class='ocrx_word' id='word_1_188' title='bbox 1426 2623 1535 2684; x_wconf 87' lang='lat' dir='ltr'><strong>par</strong></span> <span class='ocrx_word' id='word_1_189' title='bbox 1572 2613 1696 2677; x_wconf 72' lang='lat' dir='ltr'><strong>est,</strong></span> <span class='ocrx_word' id='word_1_190' title='bbox 1738 2600 1943 2660; x_wconf 91' lang='lat' dir='ltr'><strong>ordine</strong></span> <span class='ocrx_word' id='word_1_191' title='bbox 1999 2598 2223 2680; x_wconf 80' lang='lat' dir='ltr'><strong>singula</strong></span> 
     </span>
     <span class='ocr_line' id='line_1_24' title="bbox 101 2691 2222 2779; baseline 0.001 -28"><span class='ocrx_word' id='word_1_192' title='bbox 101 2691 487 2774; x_wconf 88' lang='lat' dir='ltr'><strong>disponantur</strong></span> <span class='ocrx_word' id='word_1_193' title='bbox 514 2740 529 2770; x_wconf 74' lang='lat'><strong>‚</strong></span> <span class='ocrx_word' id='word_1_194' title='bbox 575 2705 764 2754; x_wconf 89' lang='lat' dir='ltr'><strong>totum</strong></span> <span class='ocrx_word' id='word_1_195' title='bbox 804 2695 913 2755; x_wconf 86' lang='lat' dir='ltr'><strong>hoc</strong></span> <span class='ocrx_word' id='word_1_196' title='bbox 959 2707 1133 2777; x_wconf 87' lang='lat' dir='ltr'><strong>caput</strong></span> <span class='ocrx_word' id='word_1_197' title='bbox 1176 2696 1239 2754; x_wconf 93' lang='lat' dir='ltr'><strong>in</strong></span> <span class='ocrx_word' id='word_1_198' title='bbox 1277 2706 1395 2756; x_wconf 89' lang='lat' dir='ltr'><strong>tres</strong></span> <span class='ocrx_word' id='word_1_199' title='bbox 1439 2695 1709 2757; x_wconf 85' lang='lat' dir='ltr'><strong>articulos</strong></span> <span class='ocrx_word' id='word_1_200' title='bbox 1741 2696 2102 2779; x_wconf 78' lang='lat' dir='ltr'><strong>partiemur,</strong></span> <span class='ocrx_word' id='word_1_201' title='bbox 2155 2705 2222 2753; x_wconf 91' lang='lat' dir='ltr'><strong>ut</strong></span> 
     </span>
     <span class='ocr_line' id='line_1_25' title="bbox 106 2786 1449 2873; baseline 0.004 -27"><span class='ocrx_word' id='word_1_202' title='bbox 106 2786 376 2849; x_wconf 87' lang='lat' dir='ltr'><strong>distincte</strong></span> <span class='ocrx_word' id='word_1_203' title='bbox 405 2788 478 2850; x_wconf 89' lang='lat' dir='ltr'><strong>de</strong></span> <span class='ocrx_word' id='word_1_204' title='bbox 516 2811 865 2873; x_wconf 84' lang='lat' dir='ltr'><strong>unaquaque</strong></span> <span class='ocrx_word' id='word_1_205' title='bbox 907 2790 1044 2851; x_wconf 86' lang='lat' dir='ltr'><strong>dote</strong></span> <span class='ocrx_word' id='word_1_206' title='bbox 1078 2791 1449 2852; x_wconf 59' lang='lat' dir='ltr'><strong>disseramus</strong></span> 
     </span>
    </p>
   </div>
   <div class='ocr_carea' id='block_1_6' title="bbox 926 2967 1401 3024">
    <p class='ocr_par' dir='ltr' id='par_1_8' title="bbox 926 2967 1401 3024">
     <span class='ocr_line' id='line_1_26' title="bbox 926 2967 1401 3024; baseline 0.004 -2"><span class='ocrx_word' id='word_1_207' title='bbox 926 2967 1315 3024; x_wconf 88' lang='lat' dir='ltr'><strong>ARTICULUS</strong></span> <span class='ocrx_word' id='word_1_208' title='bbox 1354 2971 1401 3024; x_wconf 91' lang='lat'><strong>1.</strong></span> 
     </span>
    </p>
   </div>
   <div class='ocr_carea' id='block_1_7' title="bbox 692 3128 1634 3208">
    <p class='ocr_par' dir='ltr' id='par_1_9' title="bbox 692 3128 1634 3208">
     <span class='ocr_line' id='line_1_27' title="bbox 692 3128 1634 3208; baseline 0 -22"><span class='ocrx_word' id='word_1_209' title='bbox 692 3128 784 3186; x_wconf 85' lang='lat' dir='ltr'><strong>De</strong></span> <span class='ocrx_word' id='word_1_210' title='bbox 819 3129 1068 3186; x_wconf 78' lang='lat' dir='ltr'><strong>ecelesioe</strong></span> <span class='ocrx_word' id='word_1_211' title='bbox 1105 3129 1634 3208; x_wconf 65' lang='lat' dir='ltr'><strong>indefectibilitate.</strong></span> 
     </span>
    </p>
   </div>
   <div class='ocr_carea' id='block_1_8' title="bbox 118 3295 2223 3579">
    <p class='ocr_par' dir='ltr' id='par_1_10' title="bbox 118 3295 2223 3579">
     <span class='ocr_line' id='line_1_28' title="bbox 197 3295 2221 3378; baseline 0.003 -22"><span class='ocrx_word' id='word_1_212' title='bbox 197 3295 339 3361; x_wconf 80' lang='lat'><strong>332.</strong></span> <span class='ocrx_word' id='word_1_213' title='bbox 383 3302 520 3362; x_wconf 79' lang='lat' dir='ltr'><strong>Haeo</strong></span> <span class='ocrx_word' id='word_1_214' title='bbox 547 3303 722 3362; x_wconf 88' lang='lat' dir='ltr'><strong>afficit</strong></span> <span class='ocrx_word' id='word_1_215' title='bbox 740 3350 757 3377; x_wconf 66' lang='lat'><strong>‚</strong></span> <span class='ocrx_word' id='word_1_216' title='bbox 787 3315 855 3363; x_wconf 91' lang='lat' dir='ltr'><strong>ut</strong></span> <span class='ocrx_word' id='word_1_217' title='bbox 880 3304 1180 3364; x_wconf 91' lang='lat' dir='ltr'><strong>innuimus</strong></span> <span class='ocrx_word' id='word_1_218' title='bbox 1201 3351 1217 3378; x_wconf 66' lang='lat'><strong>.</strong></span> <span class='ocrx_word' id='word_1_219' title='bbox 1245 3306 1612 3367; x_wconf 83' lang='lat' dir='ltr'><strong>existentiam</strong></span> <span class='ocrx_word' id='word_1_220' title='bbox 1652 3303 1906 3365; x_wconf 83' lang='lat' dir='ltr'><strong>Ecclesiae</strong></span> <span class='ocrx_word' id='word_1_221' title='bbox 1930 3327 1962 3365; x_wconf 87' lang='lat' dir='ltr'><strong>a</strong></span> <span class='ocrx_word' id='word_1_222' title='bbox 1993 3305 2221 3366; x_wconf 89' lang='lat' dir='ltr'><strong>Christo</strong></span> 
     </span>
     <span class='ocr_line' id='line_1_29' title="bbox 118 3391 2221 3483; baseline 0.005 -35"><span class='ocrx_word' id='word_1_223' title='bbox 118 3391 434 3470; x_wconf 73' lang='lat' dir='ltr'><strong>institutae‚</strong></span> <span class='ocrx_word' id='word_1_224' title='bbox 469 3397 548 3456; x_wconf 91' lang='lat' dir='ltr'><strong>ita</strong></span> <span class='ocrx_word' id='word_1_225' title='bbox 594 3410 660 3457; x_wconf 86' lang='lat' dir='ltr'><strong>ut</strong></span> <span class='ocrx_word' id='word_1_226' title='bbox 699 3399 853 3458; x_wconf 89' lang='lat' dir='ltr'><strong>illius</strong></span> <span class='ocrx_word' id='word_1_227' title='bbox 898 3400 958 3461; x_wconf 89' lang='lat' dir='ltr'><strong>vi</strong></span> <span class='ocrx_word' id='word_1_228' title='bbox 995 3422 1060 3460; x_wconf 89' lang='lat' dir='ltr'><strong>ea</strong></span> <span class='ocrx_word' id='word_1_229' title='bbox 1099 3404 1431 3482; x_wconf 82' lang='lat' dir='ltr'><strong>perseveret</strong></span> <span class='ocrx_word' id='word_1_230' title='bbox 1488 3422 1669 3483; x_wconf 91' lang='lat' dir='ltr'><strong>usque</strong></span> <span class='ocrx_word' id='word_1_231' title='bbox 1713 3402 1776 3460; x_wconf 93' lang='lat' dir='ltr'><strong>in</strong></span> <span class='ocrx_word' id='word_1_232' title='bbox 1825 3401 2001 3462; x_wconf 88' lang='lat' dir='ltr'><strong>seculi</strong></span> <span class='ocrx_word' id='word_1_233' title='bbox 2042 3402 2221 3460; x_wconf 90' lang='lat' dir='ltr'><strong>finem</strong></span> 
     </span>
     <span class='ocr_line' id='line_1_30' title="bbox 118 3485 2223 3579; baseline 0.006 -37"><span class='ocrx_word' id='word_1_234' title='bbox 118 3487 178 3543; x_wconf 91' lang='lat' dir='ltr'><strong>in</strong></span> <span class='ocrx_word' id='word_1_235' title='bbox 209 3485 307 3545; x_wconf 89' lang='lat' dir='ltr'><strong>illa</strong></span> <span class='ocrx_word' id='word_1_236' title='bbox 324 3487 447 3569; x_wconf 90' lang='lat' dir='ltr'><strong>ipsa</strong></span> <span class='ocrx_word' id='word_1_237' title='bbox 469 3495 882 3557; x_wconf 82' lang='lat' dir='ltr'><strong>constitutione</strong></span> <span class='ocrx_word' id='word_1_238' title='bbox 908 3517 1006 3557; x_wconf 90' lang='lat' dir='ltr'><strong>seu</strong></span> <span class='ocrx_word' id='word_1_239' title='bbox 1032 3507 1240 3557; x_wconf 90' lang='lat' dir='ltr'><strong>natura</strong></span> <span class='ocrx_word' id='word_1_240' title='bbox 1262 3509 1322 3558; x_wconf 87' lang='lat' dir='ltr'><strong>et</strong></span> <span class='ocrx_word' id='word_1_241' title='bbox 1345 3495 1795 3579; x_wconf 84' lang='lat' dir='ltr'><strong>proprietatibus</strong></span> <span class='ocrx_word' id='word_1_242' title='bbox 1811 3499 1927 3559; x_wconf 90' lang='lat' dir='ltr'><strong>suis</strong></span> <span class='ocrx_word' id='word_1_243' title='bbox 1945 3543 1962 3576; x_wconf 89' lang='lat'>‚</span> <span class='ocrx_word' id='word_1_244' title='bbox 1986 3508 2112 3556; x_wconf 89' lang='lat' dir='ltr'><strong>tum</strong></span> <span class='ocrx_word' id='word_1_245' title='bbox 2127 3495 2223 3555; x_wconf 90' lang='lat' dir='ltr'><strong>in-</strong></span> 
     </span>
    </p>
   </div>
   <div class='ocr_carea' id='block_1_9' title="bbox 179 3677 405 3741">
    <p class='ocr_par' dir='ltr' id='par_1_11' title="bbox 179 3677 405 3741">
     <span class='ocr_line' id='line_1_31' title="bbox 179 3677 405 3741; baseline 0.022 -16"><span class='ocrx_word' id='word_1_246' title='bbox 179 3677 246 3741; x_wconf 86' lang='lat'><strong>(1)</strong></span> <span class='ocrx_word' id='word_1_247' title='bbox 286 3678 405 3730; x_wconf 60' lang='lat' dir='ltr'><strong>naid.</strong></span> 
     </span>
    </p>
   </div>
  </div>
 </body>
</html>
