2514 4218
518 262 677 303 nar.
724 264 766 301 1.
814 264 937 301 cu».
979 265 1070 303 111.
1117 264 1190 301 »Β
1226 262 1494 301 nocrnsna
1536 262 1714 300 nous.
2073 241 2189 301 133

78 407 399 470 incredibili
428 403 662 464 audacia
688 403 796 463 sibi
836 425 1050 463 munus
1085 426 1375 484 arrogasse
1406 402 1651 463 docendi
1680 411 1931 463 matrem
1970 425 2172 479 suam,

78 503 318 586 perinde
350 522 413 560 ac
441 501 488 558 si
512 498 586 558 ab
619 501 741 580 ipsa
763 545 778 574 ,
813 500 903 558 cui
925 500 1032 558 soli
1068 499 1315 558 docendi
1341 507 1553 557 munus
1577 497 1839 557 Christus
1867 497 2182 560 demanda,-

77 601 194 669 νὴ,
236 616 508 678 perverse
543 595 795 652 instituti
818 603 1011 653 essent
1035 593 1143 671 (l).

150 690 292 749 232.
335 690 423 748 Ad
461 689 542 747 [μ’]
565 734 579 762 ,
630 691 786 747 Disc.
845 685 1016 745 Haud
1064 705 1259 766 paucae
1305 687 1602 747 societates
1650 686 1975 746 christianae
2019 686 2171 746 hanc

70 806 265 865 praese
281 785 477 843 ferunt
511 783 928 842 successionem
950 778 1350 851 materialem,
1383 792 1573 839 trans.
1611 781 1706 841 vel
1736 804 1895 841 conc.
1911 803 1932 850 ,·
1961 781 2187 842 forma-v

70 878 185 937 lem
208 923 223 951 ,
278 900 404 957 neq.
445 880 580 936 Jam
634 876 896 958 superius
929 871 1388 945 declaravimUS‚
1435 874 1718 953 quidnam
1764 877 1995 935 intersit
2020 877 2181 935 inter.

69 984 382 1054 utrumque
406 971 856 1041 successionem3
888 967 1154 1047 quamvis
1178 977 1488 1047 propterea
1518 968 1816 1028 nonnullae
1838 971 2136 1031 societates
2158 1016 2173 1044 7

70 1089 195 1149 quae
219 1067 640 1129 hierarchicum
660 1063 917 1142 regimen
943 1073 1329 1121 servaverunt
1348 1107 1364 1135 7
1392 1061 1751 1120 materialem
1774 1065 2177 1145 episcoporum

67 1163 486 1221 successionem
514 1159 700 1240 aliqua
734 1155 958 1214 ratione
997 1177 1119 1237 prae
1146 1177 1207 1214 se
1236 1157 1454 1231 ferant,
1494 1177 1629 1215 cum
1663 1169 1863 1216 tamen
1891 1158 2052 1218 nulla
2081 1160 2178 1219 ha-

65 1254 201 1315 beat
235 1256 649 1316 successionem
687 1250 993 1310 formalem
1021 1295 1037 1324 ,
1078 1261 1289 1331 praeter
1319 1271 1627 1308 romanam
1647 1297 1668 1322 ,
1703 1263 1769 1310 ut
1802 1251 2054 1311 inferius·
2079 1275 2174 1312 os-

67 1350 394 1424 tendemus,
432 1358 622 1430 patet,
645 1367 740 1405 eas
765 1367 887 1404 non
908 1346 1134 1427 potiori
1138 1350 1273 1424 jure
1297 1345 1409 1404 dici
1431 1366 1600 1426 posse
1623 1346 1963 1427 apostolicas
1993 1369 2188 1428 quam.

67 1468 182 1527 quo
217 1467 278 1505 se
301 1443 595 1526 potuerint
629 1432 839 1502 vocare
870 1440 1184 1500 Ecclesiam
1212 1440 1508 1518 judaicam
1566 1439 1944 1500 schismaticae
1990 1440 2176 1500 tribus

64 1539 411 1612 israeliticae,
466 1558 534 1596 eo
572 1536 730 1619 quod
772 1536 1096 1596 sacerdotes
1130 1558 1162 1594 a
1202 1535 1516 1595 Jeroboam
1553 1535 1749 1595 vitulis
1801 1536 1988 1595 aureis
2019 1557 2182 1616 prae--

65 1636 201 1694 fecti
221 1633 503 1713 originem
536 1632 824 1692 traxerint
850 1652 923 1692 ex
961 1630 1196 1691 levitico
1234 1651 1444 1709 genere
1467 1630 1577 1709 ς2).

866 1837 1255 1890 ARTICULUS
1295 1838 1362 1888 ΙΙ.

58 2011 379 2070 Recensitae
414 2031 566 2069 veroe
610 2011 890 2070 Ecclesioe
925 2020 1078 2068 notoe
1114 2014 1226 2068 soli
1267 2009 1556 2069 Romanae
1589 2010 1869 2068 Ecclesiae
1916 2021 1970 2070 et
2011 2032 2171 2071 com-

128 2115 348 2182 petunt
376 2115 431 2163 et
450 2116 768 2185 competere
791 2115 1047 2184 possunt
1062 2150 1077 2179 .,
1111 2125 1245 2184 quoe
1260 2105 1525 2183 proinde
1540 2126 1611 2162 esc
1637 2105 1855 2163 eisdem
1880 2108 2008 2165 sola
2030 2093 2168 2166 vera

139 2219 254 2257 esce
284 2199 553 2258 Ecclesia
583 2199 814 2261 Christi
845 2201 1238 2280 dignoscitur.

139 2400 279 2460 233.
328 2403 688 2484 PropositiO,
730 2412 796 2460 ut
830 2413 993 2484 patet
1045 2424 1115 2462 ex
1159 2406 1285 2482 ejus
1327 2405 1735 2463 enunciatione
1762 2448 1777 2476 ,
1821 2404 1963 2463 duas
2004 2427 2166 2465 com-

56 2494 331 2577 plectitur
402 2508 595 2578 partes
627 2541 644 2571 ,
702 2495 943 2556 alteram
1001 2497 1310 2579 positivam
1341 2544 1356 2572 7
1416 2519 1531 2579 qua
1599 2497 1855 2556 Ecclesiae
1905 2520 2163 2561 romanae

57 2588 464 2648 adscribuntur
509 2602 567 2649 et
613 2591 990 2650 vindicantur
1034 2604 1286 2672 quatuor.
1317 2591 1620 2651 recensitae
1662 2603 1815 2651 notae
1850 2638 1866 2667 7
1919 2593 2163 2652 alteram

58 2686 408 2765 negativam,
437 2706 550 2766 qua
573 2684 1081 2744 communionibus
1106 2684 1385 2744 omnibus
1405 2707 1506 2745 seu
1533 2685 1900 2760 societatibus
1932 2687 2169 2768 quibus-

57 2798 302 2860 cumque
317 2777 390 2837 ab
406 2778 650 2839 Ecclesia
668 2801 911 2839 romana
923 2779 1122 2841 divisis
1153 2801 1220 2840 ac
1241 2781 1550 2862 separatiS‚
1579 2802 1822 2863 quaeque
1850 2781 2163 2842 christiano

121 2998 184 3063 (l)
220 2997 402 3064 Optime
425 2999 548 3047 idem
576 2997 626 3048 S.
652 2997 826 3065 Mal-tyr
851 3036 864 3058 ,
894 2999 981 3048 lib.
1013 3017 1050 3062 1,
1139 3001 1292 3046 vicem
1312 3036 1326 3059 ‚
1357 3001 1498 3062 quasi
1537 3000 1624 3064 qui
1650 3000 1750 3046 sint
1782 3014 1840 3047 ex
1873 2999 2026 3047 variis
2066 3000 2164 3066 spi-

57 3096 109 3128 ex
134 3081 491 3129 contradictoriis
526 3080 849 3129 haereticorum
889 3080 1059 3128 doctri·
1140 3080 1315 3128 ritibus
1358 3083 1554 3130 erroris.
1583 3078 1652 3130 Et
1683 3097 1741 3128 ex
1771 3080 1856 3130 hoc
1885 3083 2015 3129 enim
2048 3081 2163 3130 dili-

59 3157 133 3207 nis
150 3197 164 3220 ,
193 3170 335 3228 atque
372 3180 425 3211 ex
450 3162 665 3211 Ecclesiae
698 3163 933 3212 catholicae
960 3199 974 3221 ‚
1009 3165 1059 3209 in
1143 3170 1308 3226 qenter
1320 3178 1593 3227 coqnoscere
1609 3170 1678 3210 ent
1692 3197 1709 3223 ‚
1731 3170 1776 3210 et
1789 3179 1848 3210 em
1862 3165 2129 3213 ostensione
2145 3202 2159 3225 ,

60 3240 217 3288 eadem
241 3244 455 3293 tradenda
473 3282 486 3304 ,
511 3245 723 3294 firmitate
742 3255 787 3294 et
803 3247 1061 3293 constantia
1142 3260 1247 3292 eam
1276 3245 1472 3308 firmam
1488 3283 1501 3304 ‚
1539 3261 1645 3308 quoe
1678 3244 1739 3292 ab
1770 3241 1991 3294 Ecclesia
2025 3263 2156 3313 prae-

61 3319 320 3385 colligebat,
364 3343 440 3375 eos
480 3329 548 3392 agi
577 3327 814 3392 spiritibus
845 3328 1010 3375 erroris
1042 3361 1057 3389 ‚
1141 3326 1336 3375 dicatur
1353 3362 1370 3388 ‚
1402 3328 1652 3375 veritatem
1674 3362 1689 3385 ‚
1722 3334 1774 3373 et.
1794 3327 1854 3374 ab
1895 3329 1961 3374 iic
1986 3364 2000 3388 ,
2039 3327 2166 3392 quod

66 3401 186 3450 hanc
211 3413 360 3454 autem
397 3425 423 3456 a
453 3408 551 3457 Deo
582 3427 679 3458 esse
723 3408 948 3458 edoctam.
984 3407 1062 3456 Sic
1141 3407 1383 3473 firmitur,
1411 3407 1764 3473 falsiloquium.
1810 3408 1946 3474 Quod
1989 3408 2156 3457 deinde

69 3483 194 3529 enim
237 3482 439 3545 disserit,
467 3503 568 3553 cap.
618 3505 680 3555 9,
721 3506 770 3538 n.
815 3487 847 3537 5
883 3506 896 3537 ε
929 3488 1064 3536 Bene
1145 3493 1438 3556 prosequitur
1460 3490 1576 3537 ibid.
1604 3507 1706 3554 cap.
1746 3505 1822 3538 10.

65 3560 235 3610 habere
255 3554 532 3629 patavinim
550 3569 786 3619 ostendere
806 3575 995 3636 primo,
1009 3571 1066 3617 in
1216 3571 1281 3636 (2)
1304 3572 1402 3620 Csr.
1422 3571 1675 3620 Massuetus
1687 3571 1901 3620 adversus
1914 3569 2156 3629 Grabium‚

67 3643 239 3707 quibus
275 3645 372 3711 ipsi
388 3654 551 3712 patres
576 3648 1062 3718 hujussabuloevffiae-
1142 3650 1284 3702 Diae.
1305 3667 1364 3701 111
1384 3649 1613 3701 Irenaica
1637 3690 1651 3714 ,
1671 3663 1762 3702 art.
1789 3650 1822 3715 4
1839 3689 1853 3713 ,
1880 3670 1932 3700 n.
1952 3648 2008 3713 41
2038 3666 2161 3714 3nec

72 3726 343 3790 reticorum)
372 3727 641 3794 discrepant
663 3732 888 3782 odoenus
909 3749 958 3782 se
983 3734 1062 3781 in·
1143 3751 1236 3783 non
1260 3733 1398 3784 Card.
1428 3734 1503 3784 Du
1531 3734 1705 3784 Perron
1725 3772 1738 3795 ,
1770 3734 1858 3782 loc.
1878 3734 1956 3780 cit.
