2514 4218
876 166 1077 206 macr.
1126 166 1196 202 nn
1240 150 1389 203 mers
1432 166 1806 207 annotoeims.

244 154 380 214 ‚280

347 315 491 376 422.
543 315 788 373 Constat
818 313 1016 391 igitur,
1048 306 1210 390 quod
1230 305 1611 390 'probandum
1644 313 2067 393 assumpsimus
2094 356 2110 386 ,
2157 324 2287 372 tum
2323 336 2397 375 ex

264 417 389 498 ipsa
420 409 686 471 Ecclesiae
711 405 1142 468 constitutionis
1170 414 1382 462 natura
1407 448 1423 477 ,
1465 413 1594 462 tum
1626 423 1700 462 ex
1731 406 2143 486 Apostolorum
2172 417 2399 468 eorum·

262 530 376 592 que
409 525 802 566 successorum
836 501 963 580 jugi
998 521 1064 559 ac
1105 499 1434 559 continenti
1469 499 1674 580 praxi,
1720 520 1822 558 seu
1863 514 2151 584 perpetuo
2186 526 2297 563 usu
2338 515 2399 564 et

263 604 575 676 exercitiO,
613 596 924 659 Ecclesiam
958 595 1242 656 divinitus
1275 595 1560 678 accepisse
1595 605 1951 675 potestatem
1982 598 2399 681 independen-

260 713 386 762 tem
419 709 595 779 atque
622 713 962 775 supremam
988 691 1290 753 sanciendi
1311 713 1417 773 per
1441 690 1596 772 leges
1617 691 1968 751 exteriorem
1991 692 2361 776 disciplinam
2382 743 2399 772 ,

270 792 631 876 cogendique
675 787 877 848 fideles
918 787 994 848 ad
1032 810 1235 848 earum
1293 787 1768 863 observantiam,
1821 808 2053 848 necnon
2103 792 2405 853 coercendi

261 885 610 950 salutaribus
646 884 840 968 poenis
866 884 1066 945 devios
1093 896 1151 944 et
1180 895 1574 944 contumaces·

346 983 486 1043 423.
535 984 708 1042 Nunc
731 1003 872 1042 vero
900 980 1190 1040 coronidis
1220 982 1403 1061 gratia
1435 980 1739 1059 adjicimus
1763 1027 1778 1055 ,
1812 1002 1936 1040 non
1961 981 2199 1043 aliunde
2225 983 2403 1065 origi-

264 1102 406 1141 nem
433 1079 682 1139 traxisse
717 1075 1432 1155 contrariamsdoctrinam
1453 1123 1470 1153 ,
1514 1098 1692 1159 quam
1722 1099 1793 1137 ex
1821 1091 2174 1160 praepostero
2203 1092 2407 1162 prote-
2490 1124 2497 1129 -

264 1176 552 1237 stantium
575 1186 828 1256 systema
861 1172 934 1234 de
959 1171 1270 1233 identitate
1291 1173 1487 1232 Status
1514 1185 1574 1233 et
1594 1173 1856 1235 Ecclesiae
1874 1221 1890 1250 ,
1918 1175 2001 1235 ita
2028 1187 2095 1235 ut
2114 1175 2216 1236 ille
2239 1177 2367 1260 ipse
2386 1223 2404 1255 ,

265 1274 368 1357 qui
404 1271 812 1331 moderaretur
851 1291 943 1329 res
981 1268 1215 1345 civileS,
1257 1268 1665 1329 moderaretur
1702 1291 1794 1329 res
1830 1270 2241 1331 ecclesiasticas
2266 1318 2282 1348 ,
2315 1294 2409 1333 es-

266 1380 473 1451 setque
487 1367 663 1427 simul
682 1388 948 1427 summus
969 1365 1238 1426 PontiFex
1258 1375 1318 1424 et
1335 1366 1678 1447 Imperator.
1699 1367 1822 1425 Hoc
1839 1363 2221 1450 principium,
2249 1368 2411 1451 quod

266 1487 466 1527 servos
510 1465 647 1524 fecit
693 1485 759 1524 ac
802 1461 1183 1524 territoriales
1234 1472 1419 1521 coetus
1455 1472 1878 1544 protestantes,
1926 1464 2188 1545 primum
2217 1464 2411 1547 ‚coepit

272 1562 340 1621 in
391 1562 704 1621 Germania
726 1606 743 1636 ,
787 1570 1176 1643 propagatum
1226 1558 1442 1618 deinde
1472 1569 1557 1618 est
1595 1559 1658 1618 in
1693 1559 1963 1638 Angliam
2003 1581 2069 1618 ac
2106 1561 2412 1620 Russicum

268 1657 629 1739 Imperium,
670 1656 774 1715 ubi
809 1679 842 1716 a
888 1656 1174 1738 Principis
1222 1666 1372 1715 nutu
1405 1676 1471 1715 ac
1509 1653 1811 1718 voluntate
1858 1655 2056 1714 omnia
2104 1655 2407 1737 pendent,

271 1775 403 1836 quae
432 1753 507 1813 ad
541 1753 773 1833 negotia
807 1752 1073 1833 religiosa
1106 1763 1376 1834 spectant
1411 1750 1521 1834 (l).
1566 1750 1791 1812 Exinde
1828 1750 2112 1834 regalistae
2143 1751 2413 1812 catholici

270 1947 526 1998 Ecclesiam
564 1950 728 2015 quovis
754 1957 962 2013 tempore
996 1948 1233 2013 agnovisse
1251 1956 1296 1994 et

270 2033 534 2080 exercuisse
559 2040 831 2096 potestatem
849 2029 940 2078 sibi
959 2048 984 2078 a
1006 2028 1191 2077 Christo
1204 2028 1299 2077 col-

270 2110 416 2160 latam
458 2130 726 2177 supremam
755 2148 769 2175 ,
820 2111 1218 2177 independentem
1253 2121 1300 2160 et

273 2196 526 2243 coactivam
541 2196 593 2243 in
607 2194 783 2260 legibus
798 2193 1177 2260 disciplinaribus
1191 2211 1298 2243 san-

273 2277 466 2325 ciendis.

341 2358 413 2424 (l)
452 2357 638 2424 Optime
669 2362 719 2408 in
747 2360 871 2409 hanc
908 2378 1006 2410 rem
1035 2360 1187 2410 aiebat
1203 2378 1299 2410 non

270 2440 335 2489 ita
382 2442 564 2506 pridem
609 2441 670 2492 D.
712 2441 998 2492 Saint-Marc
1048 2442 1263 2493 Girardin
1282 2482 1296 2504 ‚

274 2526 530 2585 unionem,
566 2542 646 2573 seu
683 2528 834 2591 potius
874 2527 1174 2575 identitatem
1213 2527 1302 2576 Ec-

255 2604 421 2654 ‘clesiae
441 2622 494 2654 ac
515 2615 657 2655 status
686 2608 832 2655 civilis
859 2611 1140 2658 constituere
1167 2611 1298 2674 prin-

271 2689 446 2754 cipium
479 2699 753 2754 protestans.
793 2689 1029 2755 Separatio
1061 2693 1298 2756 potestatis

272 2771 535 2836 temporalis
560 2788 588 2819 a
617 2777 840 2838 potestate
866 2774 1094 2838 spirituali
1115 2774 1298 2822 videtur

272 2854 631 2917 protestantibus
677 2855 991 2921 paradoxum,
1027 2873 1080 2904 ac
1118 2857 1295 2905 malum

272 2936 477 2999 periculo
509 2938 722 3003 plenum.
754 2938 918 2987 Unitas
952 2942 1102 2987 status
1134 2949 1202 2987 est
1226 2942 1299 3005 ip-

243 3066 246 3076 ,
276 3033 435 3066 sorum
467 3022 717 3084 pulchrum
736 3021 946 3071 idealein
971 3021 1176 3087 politica.
1201 3022 1297 3072 Hac

273 3102 450 3150 ratione
478 3105 685 3154 instituta
705 3116 773 3155 est
794 3104 1078 3165 refdrmatio,
1103 3122 1205 3172 quae
1221 3106 1297 3155 di-

275 3184 381 3233 visit
410 3202 457 3233 se
486 3203 540 3235 ac
569 3188 794 3238 subtraxit
826 3206 852 3238 a
879 3198 1102 3255 potestate
1135 3189 1299 3238 Eccle-

275 3268 351 3315 siae
376 3284 596 3318 romanae.
627 3270 802 3319 Verum
833 3272 923 3322 hoc
954 3271 1014 3319 ab
1047 3270 1159 3337 ipsis
1181 3270 1294 3320 effe-

276 3359 404 3399 ctum
437 3360 538 3410 est,
578 3362 629 3400 ut
655 3360 716 3401 se
759 3355 1043 3421 subjicerent
1087 3357 1294 3420 potestati

273 3433 538 3498 temporali.
572 3432 741 3484 Contra
763 3454 871 3486 vero
905 3439 1188 3504 principium
1217 3454 1295 3486 ca-

274 3515 522 3566 tholicismi
548 3528 616 3567 est
630 3522 822 3569 omnino
844 3522 1078 3571 diversum
1094 3537 1147 3570 ac
1160 3520 1295 3586 plane

277 3603 592 3665 contrarium3
628 3619 780 3669 neque
826 3604 1028 3653 admittit
1065 3602 1294 3670 ejusmodi

277 3690 420 3731 status
439 3685 693 3749 unitatem,
720 3702 863 3752 quam
891 3687 1007 3737 adeo
1038 3684 1296 3752 suspiciunt

1383 1963 1436 1994 ac
1489 1947 1736 2012 deperiunt
1784 1946 2002 1996 nonnulli
2061 1947 2180 2012 juris
2231 1945 2413 2010 publici

1383 2030 1628 2094 scriptores
1644 2037 1968 2095 protestantes.
1988 2027 2129 2076 Juxta
2145 2026 2415 2077 Catholicos

1384 2110 1486 2159 duae
1511 2120 1622 2159 sunt
1663 2120 1927 2175 potestates,
1955 2110 2059 2158 duae
2084 2126 2312 2175 supremae
2330 2128 2414 2159 au-

1384 2196 1637 2250 ctoritates,
1663 2203 1861 2258 potestas
1883 2192 2060 2241 *scilicet
2089 2192 2341 2259 spiritualis
2359 2210 2415 2242 ac

1383 2286 1582 2340 potestas
1613 2276 1876 2341 temporalis
1896 2313 1909 2335 ‚
1944 2293 2111 2341 corpus
2142 2286 2188 2325 et
2221 2278 2410 2337 anima,

1383 2359 1499 2405 actio
1530 2366 1573 2405 et
1594 2360 1834 2424 cogitatio.
1871 2356 2234 2423 Independentia
2252 2356 2417 2406 Eccle-

1386 2441 1466 2488 siae
1496 2440 1733 2490 catholicae
1757 2441 2134 2507 personificatur
2163 2443 2214 2488 in
2255 2439 2416 2487 Ponti-

1384 2525 1472 2573 fice
1491 2562 1503 2584 ,
1525 2524 1740 2590 Principe
1759 2525 2091 2589 independenti
2106 2540 2160 2572 ac
2179 2540 2414 2589 supremo,

1384 2610 1466 2674 qui
1492 2625 1546 2655 ex
1580 2606 1698 2656 Sede
1729 2624 1919 2655 romana
1939 2643 1951 2665 ‚
1988 2604 2072 2653 ubi
2100 2607 2300 2667 residet,
2326 2609 2415 2654 im-

1383 2699 1511 2755 perat
1547 2689 1765 2738 omnibus
1813 2690 2109 2737 conscientiis
2157 2688 2412 2738 catholicis.

1384 2773 1619 2822 Gubernia
1649 2774 1949 2838 protestantia
1974 2778 2220 2838 nequeunt
2253 2790 2301 2821 se
2334 2789 2414 2820 ac-

1383 2856 1677 2906 commodare
1704 2856 1817 2904 ideae
1834 2890 1852 2917 ,
1887 2857 2014 2921 quod
2037 2873 2133 2904 non
2164 2857 2342 2921 possint
2359 2870 2414 2904 ex

1382 2941 1567 3006 pro-prio
1608 2938 1832 2988 arbitratu
1867 2938 2160 3003 disciplinam
2199 2935 2414 2985 Ecclesiae

1384 3034 1563 3070 mutare
1581 3058 1595 3082 ‚
1625 3039 1679 3070 ac
1695 3021 1948 3085 reperiatur
1977 3023 2027 3067 in
2054 3021 2267 3084 ipsorum
2289 3027 2413 3067 statu

1382 3106 1455 3155 lex
1475 3144 1488 3167 ,
1514 3121 1619 3172 quae
1650 3104 1708 3154 ab
1740 3106 1850 3168 ipsis
1878 3120 1976 3150 non
1998 3102 2199 3167 pendeat
2219 3138 2234 3163 ,
2270 3111 2417 3167 potes-

1384 3198 1452 3237 tas
1482 3207 1507 3237 a
1528 3206 1607 3237 sua
1631 3187 1861 3236 distincta.
1893 3184 2185 3249 Principium
2222 3184 2416 3232 catholi-

1383 3290 1492 3321 cum
1513 3289 1595 3337 pro
1614 3271 1747 3319 nobis
1765 3280 1832 3319 est
1857 3286 2016 3317 verum
2045 3268 2413 3317 fundamentum

1381 3356 1529 3404 civilis
1556 3354 1747 3403 culturae
1771 3359 1784 3418 (
1800 3352 2126 3414 civilz'sasion)
2142 3388 2155 3413 ,
2186 3353 2412 3419 quoniam

1379 3438 1536 3503 ipsum
1573 3446 1640 3485 est
1667 3436 1874 3485 defensio
1903 3453 1954 3484 ac
1986 3435 2125 3485 tutela
2166 3434 2404 3498 dignitatis

1378 3521 1620 3569 humanae.
1652 3519 1717 3567 Ita
1751 3520 1801 3567 in
1833 3517 2046 3568 Journal
2076 3518 2158 3567 des
2179 3515 2362 3566 Delum
2382 3551 2398 3576 ,

1380 3618 1443 3651 22
1467 3602 1581 3652 Juil.
1621 3599 1767 3651 1838.
2013 3594 2015 3601 ’
