2514 4218
2082 177 2204 237 299

407 202 566 242 PAR'r.
616 203 657 238 1.
702 200 852 238 SECT.
903 201 967 237 11.
1012 201 1134 237 CAP.
1184 201 1226 236 1.
1276 201 1343 236 ΒΕ
1388 196 1546 236 PETRI
1589 197 1853 250 RRIMATU.

82 350 259 408 totius
283 345 545 407 Ecclesiae
571 364 704 402 cum
736 343 1040 425 potestatis
1076 342 1445 425 plenitudine
1486 339 1897 423 quodcumque
1935 340 2204 401 solvendi

83 467 148 504 ac
175 441 393 523 ligandi
413 485 428 515 7
457 461 556 500 seu
578 438 968 498 constituendi
994 438 1150 518 leges
1169 484 1185 512 7
1212 437 1473 497 subditos
1502 435 1797 515 obligandi
1821 436 1896 495 ad
1919 437 2072 518 ipsas
2095 436 2206 497 ob·-

82 537 434 610 servandas7
500 535 786 615 puniendi
837 546 1323 613 transgressores7
1367 531 1767 614 efficiendique
1812 531 2097 613 quidquid
2129 532 2207 592 ad

83 632 345 692 Ecclesiae
383 632 560 713 ipsius
603 629 828 690 bonum
873 639 932 688 et
977 627 1287 687 utilitatem
1336 649 1443 708 pro
1481 627 1781 701 locorum7
1826 638 2203 708 temporum,

82 749 467 811 personarum
489 748 553 785 ac
580 748 777 785 rerum
802 722 1088 802 adjunctis
1113 724 1236 804 ipse
1266 723 1529 782 conferre
1545 723 1899 800 judicaverit
1927 723 2037 803 (l).

165 823 306 881 449.
355 825 474 881 Nec
509 822 702 880 minus
739 819 1066 879 luculenter
1105 828 1307 899 patere
1348 819 1650 899 promissae
1684 818 1988 899 potestatis
2025 816 2208 877 colla‘

81 918 304 976 tionem
343 916 500 998 apud
523 919 813 976 Joannem
833 958 848 988 7
889 912 1015 972 loco
1048 913 1145 970 cit.
1173 957 1189 987 7
1219 911 1398 971 verba
1433 913 1557 995 ipsa
1593 913 1931 993 significant
1951 959 1966 988 7
1995 912 2209 995 quibus

86 1012 347 1072 Christus
386 1034 506 1071 non
539 1032 719 1070 unam
761 1019 862 1067 aut
895 1006 1140 1066 alteram
1182 1008 1366 1087 gregis
1405 1009 1492 1067 sui
1532 1020 1797 1090 partem7
1837 1009 1941 1069 sed
1975 1030 2206 1089 gregem

83 1130 257 1166 suum
279 1107 456 1189 plane
493 1108 828 1168 universum
860 1102 1048 1163 eidem
1084 1103 1443 1185 pascendum
1473 1105 1762 1163 commisit
1783 1149 1798 1179 7
1836 1126 1935 1164 seu
1966 1099 2207 1164 univer-

83 1225 208 1261 sam
247 1203 552 1264 Ecclesiam
575 1248 592 1276 7
635 1222 764 1283 quae
798 1221 867 1259 ex
908 1221 1190 1279 agnorum
1223 1210 1282 1258 et
1323 1199 1522 1259 ovium
1553 1199 1890 1259 collectione
1914 1199 2201 1260 coalescit.

82 1299 172 1357 Ne
206 1298 334 1379 quis
372 1319 510 1358 vero
558 1294 974 1369 arbitraretur,
1021 1294 1276 1353 officium
1306 1292 1597 1353 duntaxat
1629 1295 2009 1355 ministeriale
2051 1317 2206 1377 prae—

81 1390 261 1451 bendi
299 1392 492 1452 cibum
532 1391 694 1470 agnis
730 1401 788 1449 et
815 1389 1023 1451 ovibus
1058 1389 1353 1448 Christum
1395 1391 1566 1448 Petro
1600 1390 1862 1449 conferre
1900 1390 2156 1452 voluisse
2185 1435 2202 1465 7

83 1499 303 1567 praeter
330 1508 528 1549 vocem
558 1489 742 1561 βάσκε,
787 1507 917 1567 quae
951 1485 1187 1568 proprie
1216 1485 1499 1564 significat
1516 1506 1698 1564 pasce
1722 1507 1823 1543 seu
1849 1487 2006 1555 ciba,
2031 1485 2204 1544 aliam

81 1603 282 1642 vocem
297 1581 543 1656 addidit,
568 1604 624 1641 v.
638 1583 735 1656 167
755 1581 952 1641 dicens
972 1603 984 1640 :
1002 1583 1230 1659 Ποίμαινε
1251 1587 1315 1640 τὰ
1328 1583 1556 1662 πρόβατά
1566 1607 1674 1658 μου,
1690 1581 1848 1664 quod
1866 1592 1955 1641 est
1963 1601 2211 1661 pascere

82 1699 221 1736 cum
255 1682 509 1757 impe-rio
536 1699 778 1759 pascere
797 1678 1182 1757 praesidendo
1204 1722 1220 1751 7
1255 1688 1432 1758 prout
1465 1678 1642 1735 etiam
1679 1697 1748 1735 ex
1786 1699 1893 1734 usu
1928 1673 2210 1758 loquendi

83 1774 512 1864 Scripturarum
548 1794 612 1831 ac
651 1772 791 1831 locis
819 1772 1109 1853 parallelis
1136 1782 1336 1853 aperte
1371 1772 1672 1831 conficitur
1707 1771 1817 1853 (2).

148 1965 213 2028 (1)
251 1964 432 2014 Juverit
458 1972 515 2013 ad
547 1965 921 2015 confirmandum
966 1963 1092 2030 quod

80 2047 282 2096 diximus
311 2049 369 2096 dc
402 2067 614 2113 suprema
646 2059 865 2113 potestate
908 2048 1039 2098 Petro
1068 2066 1094 2096 a

79 2129 262 2178 Christo
311 2131 537 2194 promissa
555 2168 569 2190 7
610 2132 696 2179 sub
722 2135 905 2195 gemina
931 2131 1094 2180 Petroe

81 2221 127 2258 et
174 2209 389 2259 clavium
425 2213 721 2277 metaphora,
760 2215 1093 2278 expositionem

80 2294 132 2340 in
176 2293 382 2341 medium
422 2293 584 2342 afferre
639 2292 843 2342 hominis
887 2296 1093 2359 profecto

80 2376 273 2423 minime
294 2378 489 2440 suspecti
509 2413 522 2435 7
547 2377 957 2441 judaeo-increduli
989 2376 1094 2424 Sal·

79 2458 223 2505 vador
243 2494 257 2517 7
285 2460 364 2523 qui
389 2461 438 2505 in
463 2476 541 2522 op.
572 2461 652 2507 cit.
681 2457 1017 2508 Jews-Christ
1050 2467 1097 2507 et

78 2556 134 2587 sa
177 2538 387 2586 doctrine
413 2575 425 2598 7
459 2550 570 2587 tom.
606 2557 622 2587 1
644 2577 657 2596 7
706 2541 783 2588 lib.
815 2558 882 2601 11,
922 2542 1001 2591 ch.
1033 2558 1050 2588 1
1081 2578 1095 2599 7

76 2638 182 2686 pag,
213 2619 344 2682 325,
379 2618 479 2669 haec
504 2623 553 2668 in
571 2639 669 2668 rem
687 2632 891 2670 nostram
911 2623 1053 2671 habet
1079 2639 1094 2671 ε

78 2702 299 2750 D’abord
316 2739 331 2765 7
357 2719 424 2751 au
443 2705 566 2769 sajet
585 2705 650 2751 da
681 2721 794 2752 nom
812 2714 857 2752 et
886 2705 966 2753 des
982 2704 1096 2771 cles-'s

78 2784 135 2832 de
169 2781 369 2845 Pierre,
416 2786 447 2833 ὰ
482 2788 569 2850 qui
602 2785 667 2834 les
697 2792 815 2835 trois
856 2787 986 2836 listes
1015 2788 1096 2837 des

76 2864 268 2932 epatres
294 2872 566 2933 rapportees
590 2886 686 2934 par
725 2867 789 2916 les
813 2867 1092 2934 Evanqiles,

81 2947 330 2997 accordent
358 2951 572 3016 toujours
601 2950 642 2998 le
668 2952 884 3017 premier
905 2969 1091 3017 ranq...

83 3027 426 3080 L'auribution
472 3034 562 3097 qui
609 3031 684 3081 lui
716 3034 796 3099 fat
839 3034 963 3098 saite
998 3052 1098 3100 par

85 3106 227 3159 Jesus
263 3113 330 3161 du
365 3123 461 3162 mot
500 3117 727 3181 syriaque
768 3116 946 3181 kepkas
970 3153 984 3172 7
1026 3118 1096 3165 si-

84 3189 288 3255 ynifiant
296 3197 456 3260 pierre
474 3232 490 3257 ,
519 3198 774 3264 repondait
796 3200 827 3246 ὰ
860 3216 955 3246 nne
975 3199 1096 3247 dou-

85 3271 155 3320 ble
200 3277 464 3342 metaphore
491 3300 509 3328 .·
544 3281 575 3329 ἃ
613 3281 660 3329 la
684 3283 880 3347 fermete
917 3281 974 3330 de
1010 3300 1096 3331 son

88 3354 195 3401 (ime
216 3392 230 3414 7
254 3373 344 3420 que
379 3359 421 3407 Ie
452 3360 649 3428 Ianqaqe
679 3366 901 3430 poetique
931 3365 987 3412 de
1010 3381 1096 3413 ‘nos

71 3436 218 3499 jours
246 3441 409 3486 aurait
432 3449 674 3508 comparee
690 3483 703 3504 7
734 3446 858 3495 dans
881 3447 921 3496 le
946 3448 1098 3495 meme

86 3521 235 3583 esprit
257 3556 269 3578 7
310 3520 341 3568 ὰ
365 3538 432 3568 un
467 3523 655 3584 roc-her,
698 3537 743 3576 et
782 3530 813 3576 ὰ
850 3538 963 3578 cette
1004 3531 1099 3587 cir-

84 3608 339 3649 constance
351 3638 364 3662 7
384 3603 522 3667 qu’en
537 3621 586 3652 se
602 3611 882 3671 presentant
897 3627 962 3659 au
978 3591 1097 3658 onas*-

86 3688 154 3728 tre
185 3682 241 3728 de
268 3683 515 3731 Nazareth
540 3702 716 3735 comme
755 3706 842 3738 son
884 3694 1098 3756 premier

1180 1963 1432 2029 defensam
1450 2001 1464 2024 7
1491 1965 1612 2030 puis
1642 1981 1704 2012 en
1734 1965 2003 2029 confessam
2039 1964 2080 2012 le
2097 1980 2214 2030 pre-

1178 2047 1301 2095 mier
1344 2064 1398 2094 sa
1441 2046 1625 2112 qualite
1668 2047 1725 2095 de
1764 2046 1964 2105 Christ,
2013 2046 2054 2095 il
2078 2049 2213 2096 avait

1178 2131 1347 2178 merite
1373 2129 1430 2176 de
1464 2123 1639 2195 passer
1671 2146 1804 2195 pour
1834 2128 1881 2177 la
1913 2130 2077 2195 pierre
2103 2127 2210 2194 fim—

1179 2211 1447 2259 ‹lamentale
1472 2211 1528 2258 de
1558 2210 1757 2275 l’edifice
1796 2212 1853 2259 de
1879 2210 2024 2259 Jesus
2046 2220 2091 2258 et
2119 2211 2213 2258 d'e-

1181 2300 1251 2340 tre
1287 2293 1461 2356 charqe
1480 2292 1561 2340 des
1591 2291 1704 2356 clefs
1721 2291 2054 2358 symbolique-s.
2071 2292 2210 2342 Dans

1182 2374 1223 2422 le
1254 2374 1430 2423 nouvel
1462 2374 1599 2422 ordre
1631 2374 1810 2422 d'idees
1834 2413 1847 2435 7
1883 2375 1930 2423 Ia
1957 2378 2211 2440 siqnifiea-

1182 2462 1484 2526 tionajoutee
1504 2461 1535 2508 ὰ
1548 2477 1622 2509 ces
1648 2460 1763 2523 cless
1773 2460 2056 2524 comportaic
2070 2474 2170 2505 non
2179 2487 2201 2495 -

1181 2541 1440 2590 seulement
1467 2541 1508 2590 le
1554 2541 1682 2590 droit
1724 2541 2044 2607 d’approuver
2073 2549 2118 2588 et
2158 2539 2217 2587 de

1182 2624 1530 2690 desapprouver
1560 2641 1610 2672 ce
1645 2622 1769 2689 qu’il
1809 2622 1973 2688 fallait
1991 2623 2124 2688 faire
2151 2639 2214 2670 ou

1181 2722 1243 2754 ne
1259 2723 1355 2772 pas
1383 2707 1544 2771 faire,·
1579 2707 1707 2754 mais
1746 2705 1789 2754 le
1834 2705 1960 2754 droit
1996 2705 2211 2753 d'ouvrir

1180 2806 1244 2837 ou
1277 2788 1336 2837 de
1363 2789 1542 2854 fizrmer
1567 2789 1634 2836 du
1665 2790 1815 2837 meme
1837 2804 1956 2853 caup
1985 2803 2085 2835 aua·
2090 2802 2211 2853 pro·

1181 2871 1347 2938 selytes
1393 2882 1437 2920 et
1475 2890 1575 2921 auset
1615 2870 1839 2938 disciples
1862 2909 1875 2931 7
1915 2870 2043 2919 selon
2071 2869 2212 2918 l'exi-

1181 2972 1328 3018 qence
1360 2955 1440 3002 des
1466 2971 1576 3014 cas,
1612 2953 1678 3002 les
1702 2962 1863 3019 portes
1902 2951 2122 3001 actuelles
2156 2952 2213 3000 de

1182 3035 1499 3085 l’association
1526 3046 1570 3085 et
1596 3035 1637 3084 Ie
1658 3053 1864 3102 passage
1882 3051 1983 3083 aux
2003 3035 2214 3101 seloe'cites

1183 3117 1240 3166 de
1267 3118 1314 3167 la
1334 3120 1654 3167 resurrection
1685 3117 1968 3184 proclaaine.
1997 3119 2128 3167 Loin
2158 3119 2216 3166 de

1181 3200 1402 3250 chercher
1429 3201 1535 3249 leur
1572 3201 1763 3266 oriqine
1798 3201 1920 3249 dans
1946 3200 2011 3250 les
2056 3209 2216 3252 coutu—

1181 3300 1280 3332 mes
1298 3283 1380 3331 des
1396 3284 1640 3332 Romaim
1659 3320 1671 3343 7
1705 3299 1767 3332 ow
1790 3281 1905 3331 claez
1922 3291 2048 3332 toute
2075 3291 2210 3330 autre

1182 3370 1351 3414 nat'ion
1370 3402 1388 3427 7
1426 3383 1485 3413 on
1520 3364 1623 3413 doit
1652 3364 1699 3412 la
1722 3365 2024 3413 demandera
2058 3364 2104 3413 la
2116 3379 2211 3429 pa·

1181 3449 1273 3496 trie
1286 3448 1366 3497 des
1374 3447 1658 3513 sondateurs
1669 3447 1724 3495 de
1738 3446 1965 3495 l'institut
1979 3443 2189 3495 ehretv‘en
2200 3481 2210 3490 .

1174 3529 1361 3582 ,Deinde
1387 3531 1524 3578 refert
1550 3539 1725 3578 textum
1760 3533 1840 3580 cit.
1863 3530 2006 3576 lsaiae.

1255 3612 1327 3677 (2)
1367 3610 1486 3660 Sane
1516 3611 1632 3661 Psal.
1684 3630 1751 3674 11,
1795 3628 1859 3678 97
1906 3609 1989 3658 ubi
2027 3607 2214 3672 vulgata>

1182 3692 1322 3745 habet
1351 3713 1367 3742 .·
1395 3694 1544 3760 Reqes
1572 3711 1676 3758 eos,
1712 3709 1855 3759 graeca
1889 3692 2036 3741 versio
2070 3690 2213 3740 habet
