2514 4218
510 185 671 222 PART.
715 183 758 219 1.
803 181 927 218 CAP.
972 181 1054 218 lv.
1106 181 1172 215 DE
1218 176 1488 215 ECGLESIAE
1531 177 1779 215 DOTIBUS·
2089 154 2210 213 255

96 334 238 391 tiam
263 331 546 389 humanas
571 344 774 405 eogere
797 322 1130 382 voluntates
1155 366 1170 395 ,
1196 319 1520 379 infidelium
1554 328 1613 377 et
1635 328 2004 399 peccatorum
2033 337 2211 399 opera

98 427 346 486 totidem
378 443 504 482 esse
531 431 802 503 peccata;
839 430 897 478 et
932 418 1014 476 sic
1045 416 1118 475 de
1151 415 1353 474 ceteris
1386 414 1629 473 dicatur.
1661 413 1860 492 ltaque
1895 434 2097 471 eorum
2124 421 2212 471 est

99 544 263 581 mens
287 517 623 579 obnubilata
645 562 660 591 a
694 537 814 574 non
846 525 1042 573 autem
1064 509 1382 569 obscuratae
1406 509 1628 568 suntin
1653 506 1897 567 Ecclesia
1924 506 2204 566 catholica

102 617 394 678 veritates.

911 782 1316 838 PROPOSITIO
1356 783 1424 834 11.

282 975 552 1034 Ecclesia
584 981 669 1031 est
687 972 931 1050 pariter
968 967 1324 1044 infallibilis
1356 969 1425 1024 in
1457 968 1642 1044 factis
1675 967 2027 1047 doymatieis

955 1062 1359 1120 decernendis.

178 1270 317 1331 384.
366 1272 445 1330 Ut
477 1269 578 1328 lux
611 1265 882 1346 affulgeat
903 1264 1175 1346 implexae
1202 1263 1337 1321 huic
1367 1265 1715 1344 quaestioni,
1743 1266 2218 1328 constituendum

95 1369 158 1426 in
195 1367 400 1450 primis
433 1375 554 1437 est,
584 1361 727 1444 quid
753 1361 953 1422 veniat
997 1361 1240 1419 nomine
1273 1362 1435 1436 facti
1462 1361 1823 1439 doymatici3
1866 1361 2080 1423 deinde
2120 1385 2219 1424 ac-

94 1474 291 1523 curate
335 1455 850 1520 determinandum
902 1454 1371 1530 infallibilitatis‚
1431 1477 1607 1537 quam
1652 1455 2015 1515 adstruimus
2044 1502 2060 1532 ‚
2120 1457 2220 1517 ob-

83 1563 334 1635 jectum.

174 1650 311 1710 385.
357 1650 536 1709 Facti
563 1647 740 1730 igitur
776 1647 1106 1727 doymatz'ci
1135 1646 1407 1719 nomine,
1447 1657 1624 1727 prout
1658 1645 1753 1705 hic
1796 1647 2082 1723 sumitur,
2114 1648 2224 1731 sig-

92 1747 358 1804 nificatur
396 1743 612 1802 factum
649 1763 785 1802 cum
822 1745 955 1820 jure
1000 1762 1365 1817 connexum,
1405 1741 1564 1822 quod
1612 1763 1828 1823 nempe
1864 1742 2222 1803 determinat

91 1862 326 1900 sensum
365 1838 602 1917 alicujus
638 1837 873 1919 scripti,
911 1837 971 1895 in
1017 1836 1223 1896 ordine
1254 1836 1330 1894 ad
1370 1840 1493 1914 ejus
1530 1836 1940 1896 orthodoxiam
1982 1838 2072 1899 vel
2110 1839 2220 1898 he-

92 1934 451 1996 terodoxiam
474 1979 491 2008 ,
531 1933 606 1992 ab
645 1944 879 1992 auctore
921 1932 1263 2004 intentum3
1305 1952 1373 1991 ac
1406 1942 1600 1990 totum
1637 1932 1885 2014 proinde
1921 1934 2098 1991 situm
2135 1945 2225 1992 est

97 2031 157 2089 in
186 2030 378 2110 aliqua
410 2029 672 2088 doctrina
693 2074 708 2103 ,
738 2038 919 2110 prout
942 2027 1065 2087 haec
1090 2026 1166 2086 ab
1197 2038 1432 2086 auctore
1468 2037 1665 2102 textu,
1699 2028 2096 2108 propositione
2123 2039 2225 2087 aut

99 2125 387 2183 sententia
411 2145 513 2183 sua
536 2124 786 2183 traditur
806 2145 871 2182 ac
898 2122 1159 2182 docetur.
1185 2124 1312 2197 Quo
1343 2124 1441 2198 fit,
1470 2134 1558 2197 ut,
1594 2125 1642 2181 si
1672 2124 1868 2205 paucis
1890 2123 2036 2182 illud
2064 2112 2226 2184 com·

100 2218 275 2302 plecti
296 2217 506 2293 libeat,
538 2218 698 2277 haud
718 2218 1087 2278 incommode
1114 2218 1225 2277 dici
1250 2230 1430 2300 queat
1463 2241 1476 2277 ε
1515 2221 1797 2291 Factum,
1827 2242 1866 2277 a
1893 2242 2008 2298 quo
2032 2221 2226 2279 deter-

102 2319 378 2372 minatur
380 2318 497 2391 jus
515 2358 530 2387 .,
556 2313 650 2374 vel
670 2315 844 2372 etiam
870 2335 884 2371 ε
912 2314 1031 2372 Jus
1053 2316 1300 2392 infacto
1324 2315 1688 2390 fundatum.
1709 2314 1984 2372 Doctrina
2008 2316 2229 2397 quippe

103 2409 348 2467 auctoris
375 2412 649 2489 cujusque
677 2429 810 2467 cum
844 2407 1112 2466 bifariam
1139 2409 1386 2489 spectari
1414 2408 1597 2490 possit
1617 2451 1632 2482 ‚
1659 2429 1874 2488 nempe
1904 2418 2031 2466 tum
2050 2409 2112 2466 in
2129 2430 2222 2484 se,

102 2515 230 2571 tum
265 2503 328 2560 in
364 2514 485 2561 tota
524 2504 797 2585 orationis
833 2503 979 2563 serie
1019 2516 1194 2583 atque
1231 2504 1477 2562 auctoris
1519 2523 1729 2585 scop0‚
1771 2504 1869 2584 qui
1908 2525 1978 2563 ex
2021 2503 2226 2565 eadem

105 2597 378 2657 orationis
399 2598 544 2657 serie
574 2599 802 2678 exurgit
824 2643 840 2673 .,
879 2598 1097 2658 factum
1127 2598 1520 2678 dogmaticum
1556 2597 1795 2679 respicit
1815 2597 2140 2658 doctrinam
2165 2601 2227 2658 in

107 2715 210 2751 suo
236 2693 541 2774 complexu
562 2738 578 2767 ,
610 2715 680 2753 ex
714 2716 829 2775 quo
852 2693 1279 2754 determinatur
1314 2715 1517 2753 sensus
1545 2704 1603 2752 et
1634 2714 1803 2752 mens
1822 2738 1838 2769 ‚
1873 2714 2004 2774 quae
2031 2695 2093 2752 in
2122 2716 2229 2753 au-

109 2790 279 2848 ctoris
310 2788 463 2848 libro
488 2810 589 2848 seu
614 2790 929 2872 scriptione
954 2789 1243 2849 elucescit.
1277 2788 1587 2867 ObJectum
1609 2789 1855 2870 proinde
1877 2788 2228 2850 definitionis

109 2904 174 2942 ac
211 2895 520 2965 propterea
556 2883 985 2943 infallibilitatis
1023 2884 1285 2943 Ecclesiae
1310 2929 1327 2958 7
1367 2884 1573 2944 saltem
1611 2885 1933 2958 directum,
1975 2889 2226 2963 estjm,

113 2978 326 3038 scilicet
359 2978 704 3038 orthodoxia
736 2990 838 3038 aut
870 2978 1248 3039 heterodoxia
1287 2979 1524 3058 alicujus
1560 2979 1838 3038 doctrinae
1866 3024 1881 3052 ‚
1925 3000 2051 3061 quae
2081 3001 2230 3038 con-

117 3072 333 3132 tinetur
357 3075 419 3134 in
451 3086 617 3134 textu
650 3086 750 3134 aut
785 3075 1182 3158 propositione
1219 3074 1519 3155 cujusdam
1554 3074 1723 3151 libri,
1764 3087 1937 3156 prout
1960 3096 2030 3134 ex
2053 3076 2230 3134 totius

123 3168 398 3228 orationis
429 3171 576 3230 serie
594 3215 610 3244 ,
638 3193 739 3231 seu
775 3183 841 3230 ut
863 3170 1036 3252 vulgo
1062 3170 1273 3230 dicitur
1291 3216 1307 3247 ‚
1346 3193 1416 3232 ex
1448 3181 1724 3231 contextu
1761 3181 1818 3229 et
1843 3190 2015 3253 scopo
2043 3171 2228 3254 ipsius

121 3263 365 3322 auctoris
397 3257 636 3325 eruitur.
1990 3327 1994 3331 ,

208 3354 347 3414 386.
395 3360 475 3418 Ex
492 3361 600 3421 hac
626 3362 762 3421 facti
783 3361 1092 3443 dogmatici
1114 3362 1354 3423 notione
1386 3363 1694 3442 colligitur,
1727 3363 1788 3421 1ο
1814 3361 1960 3422 illud
1991 3363 2231 3421 minime

127 3451 398 3507 constitui
434 3473 502 3511 ex
541 3467 706 3515 textu
753 3469 855 3516 aut
890 3457 1287 3539 propositione
1327 3463 1398 3517 in
1445 3480 1503 3516 se
1547 3477 1611 3515 ac
1647 3455 1898 3518 solitarie
1920 3503 1936 3533 .‚
1971 3478 2071 3516 seu
2107 3455 2230 3513 sine

128 3542 408 3603 relatione
447 3545 522 3604 ad
554 3569 786 3609 sensum
819 3551 948 3613 sive
981 3563 1243 3613 mentem
1281 3552 1529 3611 auctoris
1566 3563 1858 3634 spectata3
1901 3552 2026 3611 fieri
2074 3551 2231 3609 enim

129 3649 321 3717 potest
343 3682 358 3713 ‚
385 3651 451 3697 ut
479 3643 792 3722 propositio
821 3646 1013 3727 aliqua
1039 3647 1101 3706 in
1125 3667 1184 3707 se
1206 3658 1462 3729 spectata
1494 3647 1566 3706 sit
1589 3646 1909 3707 orthodoxa
1939 3691 1955 3722 ,
1994 3644 2067 3704 sit
2091 3664 2230 3706 vero
