2514 4218
251 310 405 347 PAR'r.
453 307 493 344 1.
540 305 662 343 CAP.
711 304 752 338 1.
803 303 868 337 ΒΕ
913 301 1135 338 CHRISTI
1179 301 1330 337 nect.
1381 299 1656 338 INSTITUT.
1707 301 1772 336 m*
1817 301 1971 337 offla.
2092 281 2163 338 19

70 464 204 514 rent
252 449 363 530 (l).
405 446 722 525 Nunquam
771 453 966 501 autem
1020 463 1115 500 eos
1166 442 1227 499 in
1284 442 1478 499 animo
1505 438 1772 500 habuisse
1820 441 2052 522 plenam
2112 454 2170 502 et

68 551 352 625 integram
415 561 515 599 seu
575 535 898 597 absolutam
945 536 1009 593 in
1060 536 1176 593 suis
1235 536 1462 617 scriptis
1517 534 1842 594 christianae
1890 534 2170 598 doctrinae

68 659 335 701 normam
370 633 626 717 praebere
648 679 663 707 a
698 642 861 714 patet
895 649 968 690 ex
1005 629 1097 688 his
1134 630 1275 710 ipsis
1323 629 1789 703 commentariis,
1830 649 1956 711 quae
1993 651 2171 711 pecu·

68 736 236 794 liares
260 731 620 790 narrationes
641 739 740 785 aut
763 725 1050 785 doctrinas
1076 725 1380 783 continent
1403 743 1419 798 3
1448 724 1637 806 quoad
1657 737 1842 785 cetera
1861 724 2177 808 discipulos

70 851 200 889 suos
232 824 609 886 remittebant
639 822 713 882 ad
747 818 1007 880 Ecclesiae
1039 817 1435 896 magisterium
1461 819 1572 899 (2).

153 923 250 983 34.
294 923 432 995 Quae
459 919 552 977 hic
585 914 867 999 complexi
891 934 1120 987 sumuS,
1160 934 1322 993 aeque
1353 913 1698 974 referuntur
1736 915 1812 975 ad
1855 916 2177 997 Scripturas

73 1031 249 1098 atque
284 1015 358 1073 ad
403 1014 725 1072 doctrinam
764 1008 1117 1068 universam.
1157 1009 1322 1066 Prius
1359 1008 1519 1066 enim
1581 1020 1669 1067 est
1707 1011 1951 1071 existere
2002 1033 2179 1093 quam

76 1111 294 1192 aliquid
325 1130 490 1189 agere
511 1118 610 1166 aut
634 1100 882 1164 scribere
908 1114 970 1162 et
991 1101 1217 1162 docere.
1247 1103 1393 1160 Cum
1423 1123 1560 1162 vero
1588 1114 1716 1161 tum
1739 1125 1810 1162 ex
1833 1106 1959 1186 ipsa
1988 1107 2071 1165 rei
2098 1105 2171 1166 de

78 1228 192 1289 qua
226 1206 412 1285 agitur
447 1213 683 1274 natura,
728 1211 856 1256 tum
890 1220 960 1257 ex
995 1197 1468 1256 luculentissimis
1500 1197 1861 1257 documentis
1895 1200 1957 1258 id
1982 1212 2181 1260 osten-

82 1301 373 1372 derimus,
410 1303 655 1367 constat.
675 1291 833 1373 quod
861 1293 1296 1374 proposuimuS‚
1320 1292 1539 1352 scilicet
1561 1293 1868 1353 Ecclesiam
1894 1314 1926 1351 a
1952 1293 2182 1353 Christo

81 1396 403 1454 institutam
432 1389 783 1447 anteriorem
818 1408 941 1447 esse
976 1388 1176 1468 quavis
1211 1387 1527 1470 Scriptura.
1721 1398 1724 1402 '

894 1538 1373 1580 DIFFICULTATES.

166 1669 263 1727 35.
310 1667 443 1745 Obj.
482 1669 545 1725 1ο
569 1668 786 1747 Utique
813 1666 959 1724 ratio
991 1677 1052 1724 et
1078 1664 1427 1725 documenta
1451 1679 1806 1726 concurrunt
1830 1669 1904 1725 ad
1927 1670 2191 1747 anterio-7

87 1769 322 1823 ritatem
361 1761 623 1821 Ecclesiae
662 1759 1077 1819 adstruendam
1125 1781 1248 1842 prae
1295 1762 1622 1842 Scriptura·;
1669 1782 1879 1822 verum·
1924 1761 2034 1821 hoc
2065 1762 2191 1843 ipso

92 1869 264 1917 nutat
323 1858 532 1919 veritas
581 1856 850 1914 historica
890 1857 1067 1937 ipsius
1118 1855 1376 1915 Ecclesiae
1395 1902 1410 1930 ἦ
1460 1858 1581 1915 imo
1625 1869 1683 1916 et
1731 1857 1946 1916 Christi
1990 1857 2191 1938 ipsius,

91 1955 158 2013 20
195 1954 424 2012 Etenim
450 1953 513 2010 in
534 1951 644 2011 hac
673 1951 979 2034 hypothesi
1008 1950 1155 2009 nihil
1190 1962 1383 2026 vetat,¹
1418 1953 1729 2033 quominus
1758 1973 1889 2011 cum
1915 1952 2198 2011 Straussio

96 2047 334 2129 aliisque
369 2047 637 2127 mythicis
668 2067 734 2105 ac
765 2044 1136 2104 rationalistis
1187 2068 1308 2105 non
1350 2047 1546 2126 paucis
1588 2046 1965 2105 admittamus
1984 2091 2001 2122 ‚
2029 2045 2202 2105 Chri-

95 2152 249 2201 stum
266 2143 482 2224 ipsum,
509 2153 683 2222 prout
698 2143 757 2199 in
781 2142 951 2200 sacris
962 2141 1190 2201 Litteris
1202 2141 1531 2216 exhibetur,
1559 2164 1682 2201 non
1705 2141 1864 2202 aliud
1880 2162 2002 2201 esse
2025 2162 2201 2223 quam

96 2249 444 2319 conceptum
489 2238 740 2298 idealem
781 2248 880 2296 aut
925 2236 1306 2318 symbolicum
1357 2237 1735 2296 humanitatis
1786 2237 1861 2296 ad
1901 2259 2198 2296 summum

100 2330 467 2412 perfectionis
497 2332 742 2411 gradum
759 2343 993 2391 evectae.
1024 2331 1092 2390 30
1113 2333 1295 2410 Hujus
1329 2332 1565 2412 quidem
1597 2333 1721 2413 typi
1746 2333 2046 2414 conceptio
2074 2343 2200 2391 orta

105 2444 175 2482 ex
211 2424 505 2484 connubio
536 2425 844 2498 doctrinae,
894 2447 995 2483 seu
1023 2426 1214 2506 potius
1249 2426 1514 2483 idearum
1540 2426 1902 2502 judaicarum
1949 2437 2010 2484 et
2043 2425 2204 2484 idea*

102 2540 234 2579 rum
263 2519 658 2596 orientalium,
690 2540 960 2600 expressa
990 2530 1076 2577 est
1098 2521 1160 2576 in
1179 2520 1693 2598 persom'fi'catione
1722 2519 1938 2577 Christi
1961 2521 2108 2578 Jesu
2131 2518 2203 2578 ab

103 2613 437 2672 hominibus
463 2615 695 2694 utrique
723 2613 1001 2672 doctrinae
1027 2613 1286 2671 initiatis.
1317 2613 1383 2671 40
1409 2615 1555 2672 Cum
1588 2635 1725 2676 vero
1761 2613 2048 2691 ejusmodi
2063 2635 2209 2694 per-

103 2709 426 2786 sonificatio
465 2710 539 2768 de
567 2731 666 2768 ore
694 2714 757 2767 in
785 2730 846 2767 os
881 2709 1213 2767 transmissa
1254 2708 1426 2768 fuerit
1464 2720 1639 2790 atque
1659 2754 1674 2782 ,
1709 2717 1775 2766 ut
1806 2709 1911 2784 fit,
1955 2708 2208 2791 amplifi-

179 2904 245 2966 (l)
278 2903 403 2951 Dum
432 2917 543 2951 vero
567 2903 810 2948 asserimus
829 2939 842 2961 ,
874 2904 1112 2965 scriptores
1196 2904 1558 2966 opportunitate,
1587 2911 1644 2948 ut'
1662 2900 1884 2948 obtineret
1898 2902 2213 2966 finem‚que1n

110 2983 437 3050 hagiographos
494 2981 649 3029 oblata
709 2982 803 3029 sibi
873 2983 1113 3030 occasione
1197 2985 1400 3033 intendit
1423 2984 1587 3032 inillis
1604 2985 1782 3048 scriptis
1800 3019 1815 3045 ,
1847 2993 1900 3031 ut
1926 2983 2208 3032 enucleatius

112 3066 336 3130 scripsisse
359 3102 373 3125 ‚
395 3080 489 3112 non
512 3064 615 3113 ideo
639 3064 899 3112 inficiamur
915 3102 929 3125 ,
960 3065 1114 3112 divina
1199 3083 1502 3130 exponemus.

112 3145 401 3196 Providentia
445 3147 506 3193 ita
545 3145 816 3210 disponente
853 3145 900 3192 id
943 3145 1117 3193 factum
1271 3148 1338 3211 (2)
1375 3148 1472 3196 Cfr.
1503 3149 1636 3212 epist.
1653 3162 1689 3193 11
1708 3145 1825 3195 Petri
1843 3183 1859 3205 ,
1889 3150 2021 3211 epist.
2045 3148 2175 3198 Judae
2195 3187 2208 3210 ‚
2274 3157 2279 3165 '

118 3244 211 3277 esse
233 3267 248 3288 ‚
288 3247 340 3278 ac
370 3240 606 3294 proptegrea
634 3228 784 3276 Deum
814 3246 891 3276 eos
925 3229 983 3276 ad
1018 3231 1119 3276 scri·
1200 3230 1311 3278 item
1333 3232 1468 3293 epist.
1501 3228 1630 3277 Pauli
1656 3229 1712 3276 ad
1737 3227 1893 3290 Rom„
1920 3229 1978 3277 ad
2003 3229 2214 3279 Corinth.

118 3309 320 3358 bendum
358 3312 578 3359 excitasse
600 3348 613 3371 ‚
663 3319 863 3358 mentem
909 3327 1120 3358 manum·
1203 3316 1251 3360 in
1265 3314 1436 3379 quibus
1448 3315 1753 3378 hocipsorum
1768 3314 2051 3377 propositum
2065 3325 2218 3379 aperte

123 3405 213 3454 que
239 3389 422 3440 duxisse
443 3393 493 3439 in
508 3394 566 3439 iis
592 3391 837 3457 seligendis
856 3429 868 3450 ‚
890 3407 994 3456 quae
1027 3394 1122 3456 ipse
1204 3395 1373 3443 elucet.
1396 3394 1494 3443 Cfr.
1510 3404 1730 3459 praeterea
1752 3410 1769 3442 1
1800 3393 1859 3442 ad
1883 3393 1988 3442 Cor.
2020 3411 2070 3442 xx
2093 3432 2106 3455 ‚
2129 3393 2222 3453 163

123 3471 332 3531 voluerit,
346 3470 395 3520 id
406 3473 530 3539 quod
542 3471 598 3522 G.
619 3473 800 3522 Palmer
823 3474 947 3522 Prof.
969 3472 1120 3523 Oxou.
1215 3493 1232 3523 1
1266 3475 1325 3524 ad
1343 3475 1468 3525 Tim.
1490 3492 1544 3523 ιιι
1565 3512 1579 3535 ,
1615 3473 1672 3524 ι5
1692 3491 1707 3535 ;
1739 3474 1885 3524 Hebr.
1916 3492 2022 3538 xm,
2062 3492 2119 3542 17
2135 3511 2149 3535 ,
2169 3484 2223 3523 ut

125 3551 182 3600 de
197 3568 289 3617 quo
303 3563 453 3616 postea
471 3570 656 3619 agemus
682 3592 696 3615 ,
724 3554 968 3603 catholicos
982 3557 1123 3619 scrip·
1205 3569 1379 3624 pateat,
1397 3558 1550 3605 solitos
1569 3554 1815 3622 Apostolos
1836 3558 1972 3606 fuisse
1986 3557 2142 3606 fideles
2151 3574 2222 3606 re-

125 3645 244 3682 tores
293 3647 480 3698 carpens
502 3671 516 3695 ‚
554 3636 663 3685 inde
698 3639 936 3702 consequi·
957 3645 1120 3701 putat3
1211 3641 1388 3687 mittere
1411 3638 1468 3687 ad
1491 3636 1710 3687 Ecclesiae
1731 3640 2043 3703 magisterium
2060 3675 2075 3699 ,
2102 3640 2220 3687 iniis

128 3715 207 3764 sed
234 3716 447 3776 dicimus,
467 3715 644 3778 Deum,
675 3721 755 3784 qui
784 3721 938 3767 omnia
953 3719 1127 3767 fortiter
1213 3737 1312 3787 quae
1344 3722 1430 3785 ipsi
1457 3737 1553 3769 non
1584 3722 1870 3787 scripserunt.

130 3801 418 3864 suaviterque
467 3798 665 3863 disponit
690 3836 705 3856 ‚
741 3798 830 3849 hac
864 3818 999 3849 usum
1039 3817 1131 3849 esse

1893 3866 1954 3924 2.
