2514 4218
378 262 538 299 mar.
588 261 627 295 1.
673 259 795 295 cu».
843 257 905 295 ιι.
954 259 1021 293 nn
1064 255 1282 294 cmusu
1326 252 1478 291 neor.
1527 253 1774 291 oonsrlr.
2067 231 2139 288 61

131 406 262 466 106.
285 417 287 419 ’
307 400 419 461 Sed
441 420 630 481 neque
653 398 856 458 iisdem
896 397 1282 477 suffragantur
1305 394 1586 469 Concilia,
1618 416 1865 476 quorum
1897 394 2137 456 decretis

46 523 151 583 pro
186 497 426 557 diversis
466 493 825 575 temporibus
877 493 1032 552 varia
1070 492 1307 550 omnino
1356 490 1655 572 disciplina
1708 492 1923 549 sancita
1956 502 2043 550 est
2075 492 2138 550 in

47 593 442 654 ministrorum
472 588 770 648 electione.
808 586 1145 659 Interdum,
1179 595 1463 644 statutum
1498 585 1606 643 fuit
1639 596 1706 643 ut
1739 584 2049 666 Episcopus
2082 595 2141 645 et

47 685 372 767 Presbyteri
408 684 756 763 eligerentur
785 681 920 741 cleri
950 689 1009 737 et
1031 677 1216 759 plebis
1240 680 1541 760 suffragio,
1576 680 1661 738 uti
1693 690 1917 738 constat
1947 700 2018 738 ex
2046 679 2140 738 cit.

46 782 317 863 synodica
340 780 577 862 epistola
602 778 837 838 Concilii
862 774 1112 847 Nicaeni3
1147 775 1481 846 interdum,
1504 788 1570 835 ut
1591 798 1624 835 a
1659 775 1790 835 solis
1816 776 2106 858 Episcopis
2124 820 2142 852 ‚

49 877 209 935 nulla
238 877 387 934 facta
426 873 626 956 populi
659 871 957 931 mentione
982 912 999 940 ,
1043 868 1352 950 Episcopus
1390 882 1860 952 nuncuparetur,
1893 881 1960 928 ut
1985 880 2148 952 patet

51 994 121 1032 ex
156 970 362 1031 eodem
395 970 645 1029 Concilio
683 968 914 1027 Nicaeno
940 1009 956 1040 ,
995 985 1122 1026 can.
1155 965 1229 1022 IV
1266 965 1360 1043 (l)
1382 987 1398 1040 3
1423 964 1736 1046 aliquando
1773 965 1974 1047 populi
2016 968 2148 1025 suf—

45 1067 291 1145 fragium
311 1077 510 1146 aperte
529 1062 816 1123 exclusum
836 1069 952 1133 est,
980 1059 1065 1117 uti
1086 1080 1118 1117 a
1142 1059 1318 1117 Conc.
1349 1057 1708 1134 Laodicaeno,
1732 1081 1857 1119 can.
1876 1062 2008 1119 XIII
2033 1062 2145 1141 (2),

52 1172 110 1220 et
135 1161 464 1219 Bracarensi
491 1161 542 1218 II
562 1202 576 1230 ,
617 1177 742 1237 cap.
782 1155 806 1213 Ι
834 1153 1041 1236 (3).1d
1069 1154 1262 1236 ipsum
1301 1154 1516 1213 evincit
1549 1175 1682 1213 usus
1715 1153 2017 1236 peculiaris
2043 1157 2149 1214 Ec-

51 1255 233 1314 clesiae
256 1251 654 1314 Alexandrinae
675 1295 691 1324 ,
721 1250 807 1307 uti
835 1248 1116 1308 habemus
1135 1270 1209 1309 ex
1236 1249 1293 1309 S.
1322 1249 1709 1329 Hieronymo,
1742 1247 1843 1307 ubi
1877 1270 1916 1307 a
1942 1251 2151 1311 Marco

50 1350 432 1429 Evangelista
459 1366 642 1424 usque
673 1345 758 1403 ad
779 1345 1108 1403 Heraclam
1142 1354 1198 1402 et
1231 1345 1596 1423 Dionysium
1622 1345 1946 1423 Episcopos
1980 1345 2153 1403 Pres-

52 1447 246 1524 byteri
275 1462 500 1521 semper
533 1462 728 1499 unum
754 1462 825 1499 ea‘
850 1462 908 1498 se
932 1442 1204 1516 electum,
1240 1442 1310 1497 in
1346 1440 1653 1497 eoecelsiori
1673 1439 1879 1518 yradu
1917 1439 2152 1497 colloca-

52 1550 214 1608 tum,
247 1537 615 1616 Episcopum
632 1536 1034 1594 nominabant
1051 1534 1165 1614 (4).
1194 1532 1406 1592 Eadem
1424 1534 1669 1593 varietas
1696 1532 1878 1612 viguit
1921 1533 1984 1590 in
2030 1532 2151 1592 ele-

55 1634 240 1692 ctione
263 1642 588 1690 ceterorum
608 1632 1035 1702 ministrorum,
1065 1650 1192 1711 quae
1211 1640 1277 1687 ut
1292 1628 1612 1710 plurimum
1637 1650 1670 1688 a
1702 1627 1822 1687 sola
1846 1626 2150 1689 voluntate

52 1726 368 1787 ordinantis
403 1725 715 1808 pendebat.
762 1729 903 1799 Quae
936 1724 1172 1808 quidem
1205 1725 1401 1784 omnia
1422 1770 1438 1798 ,
1477 1724 1798 1784 innumeris
1834 1743 2149 1805 propemo-

52 1823 191 1881 dum
227 1821 591 1881 documentis
628 1820 1019 1880 ecclesiasticae
1052 1820 1302 1879 historiae
1343 1821 1572 1878 firmata
1606 1818 1679 1878 ab
1722 1817 1961 1878 eruditis
1994 1817 2151 1877 Tho-

50 1917 298 1976 massino
335 1915 459 1996 (5),
495 1915 769 1976 Hallierio
806 1916 929 1995 (6),
963 1917 1097 1975 Nat.
1136 1913 1464 1974 Alexandro
1494 1914 1582 1995 (7)
1618 1912 1856 1994 aliisque
1898 1912 2148 1994 passim,

51 2010 373 2070 luculenter
404 2010 724 2070 ostendunt
742 2054 760 2084 ,
782 2009 983 2092 populi
1011 2010 1354 2070 electionem
1380 2031 1501 2067 non
1527 2030 1559 2067 a
1579 2012 1713 2087 jure
1738 2007 1966 2078 divino,
1992 2005 2095 2066 sed
2119 2027 2153 2064 a

53 2107 212 2167 varia
241 2105 498 2165 Ecclesiae
526 2106 830 2188 disciplina
868 2117 927 2166 et
957 2105 1321 2165 concessione
1352 2105 1521 2164 unice
1555 2124 1678 2163 esse
1711 2101 2113 2184 repetendam.

142 2201 276 2259 107.
321 2203 439 2260 Nec
475 2201 903 2284 adstipulantur
939 2204 1174 2275 PatreS,
1220 2201 1320 2282 qui
1354 2200 1544 2281 potius
1583 2217 1979 2280 saepenumero
2019 2217 2154 2256 con—

63 2306 385 2375 queruntur
419 2295 494 2354 de
522 2318 629 2355 usu
663 2296 763 2355 illo
783 2341 801 2371 ,
825 2298 926 2378 qui
961 2297 1024 2354 in
1065 2295 1323 2355 Ecclesiis
1352 2293 1640 2376 aliquibus
1681 2291 1984 2353 obtinebat
2020 2291 2109 2372 (8)
2138 2335 2155 2366 ,

1215 2511 1285 2576 (6)
1321 2509 1403 2558 De
1435 2511 1588 2558 sacris
1625 2508 1934 2558 electionibus
1956 2517 2001 2557 et
2022 2507 2156 2557 ordi-

1149 2593 1448 2654 nationibus,
1471 2602 1587 2657 part.
1606 2606 1624 2639 1
1639 2629 1653 2653 ,
1668 2608 1770 2657 cap.
1790 2591 1820 2639 3
1841 2627 1856 2652 ‚
1877 2589 1903 2657 §
1926 2607 1943 2638 1
1966 2601 2009 2640 et
2026 2608 2156 2657 seqq.

60 2515 169 2579 ipsis
198 2515 458 2563 concredita
483 2523 599 2562 esset
627 2513 858 2561 bonorum
890 2522 1069 2577 tempo·

63 2595 232 2643 ralium
261 2596 608 2643 administratio.
630 2593 779 2659 Quare
798 2630 811 2653 ,
844 2603 893 2641 ut
909 2593 1067 2642 obser-

67 2686 143 2724 vat
166 2675 216 2725 S.
246 2676 383 2724 Joan.
412 2675 781 2741 Chrysostomus,
815 2674 967 2723 Hom.
991 2689 1070 2722 xlv

66 2759 123 2805 in
150 2759 278 2807 Acta
297 2795 310 2817 ‚
339 2768 417 2806 aut
446 2775 606 2806 omnes
633 2766 709 2804 aut
741 2756 946 2822 plerique
980 2756 1071 2803 sal-

66 2850 158 2889 tem
189 2840 318 2888 electi
336 2851 443 2888 sunt
466 2857 524 2888 ex
555 2839 817 2888 Hellenistis
835 2876 848 2897 ‚
881 2850 930 2887 ut
949 2848 1071 2904 patet

67 2939 122 2970 ex
146 2938 303 2970 eorum
332 2921 548 2981 nomine,
580 2923 687 2987 quia
712 2938 924 2969 murmur
947 2922 1072 2969 exci-

68 3012 210 3051 tatum
247 3013 344 3051 erat
383 3021 437 3051 ex
483 3013 611 3067 parte
651 3018 921 3066 groecorumv.
967 3002 1066 3051 Cfr.

70 3082 252 3133 Cornel.
280 3103 305 3133 a
333 3083 507 3148 Lapide
533 3086 583 3131 in
607 3084 735 3133 hunc
759 3085 933 3132 locum.

138 3165 203 3229 (1)
237 3166 373 3230 Apud
426 3166 655 3215 Harduin.
709 3165 837 3214 Acta
887 3163 1070 3213 Concil.

73 3251 184 3292 tom.
217 3263 266 3305 1,
298 3247 386 3295 col.
430 3231 550 3295 328'.

137 3324 203 3387 (2)
236 3326 359 3377 Ibid.
390 3329 477 3379 col.
515 3325 631 3395 783.

135 3402 210 3471 (3)
244 3407 362 3460 lbid.
393 3421 507 3460 tom.
543 3411 736 3471 i11,col.
771 3409 886 3477 391.

142 3486 212 3551 (4)
238 3486 408 3553 Epist.
456 3509 583 3542 cxtvr
627 3493 692 3541 ad
730 3490 1070 3557 Evanqehm,

73 3567 183 3617 edit.
210 3568 399 3620 Vallars.
424 3575 698 3633 tom.1‚'col.
727 3572 870 3642 1076.

140 3650 208 3714 (5)
233 3648 384 3698 Vetus
400 3660 445 3699 et
461 3669 582 3704 nova
595 3654 874 3722 disciplina,
895 3667 1012 3721 part.
1028 3664 1076 3717 in,

70 3731 151 3779 lib.
176 3748 189 3777 ι
211 3769 221 3791 ,
252 3749 351 3796 cap.
379 3749 393 3778 ι
434 3744 478 3781 et
499 3752 626 3801 seqq.
648 3740 891 3800 praesertim
910 3754 1009 3802 cap.
1027 3735 1074 3799 4.

1219 2675 1281 2740 (7)
1319 2674 1456 2722 Hice.
1483 2674 1594 2723 eccl.
1628 2675 1738 2723 diss.
1776 2691 1893 2735 vm,
1919 2675 1970 2721 in
1998 2691 2090 2723 sec.
2123 2691 2159 2733 ι,

1156 2759 1229 2806 De
1235 2759 1356 2823 jure
1375 2756 1655 2804 christianas
1672 2754 1828 2821 plebis
1846 2757 1902 2803 in
1918 2771 2161 2803 sacrorum

1150 2841 1483 2887 ministrorum
1513 2837 1733 2886 electione
1750 2874 1764 2897 ‚
1812 2847 1858 2886 et
1882 2837 1991 2885 diss.
2012 2851 2078 2896 ιν,
2111 2838 2161 2884 in

1151 2939 1245 2971 sec.
1279 2938 1327 2969 xx
1354 2930 1400 2969 et
1446 2937 1513 2968 xu
1540 2956 1555 2982 ,
1601 2918 1672 2968 De
1711 2919 2010 2967 investituris
2034 2916 2161 2985 Epi-

1150 3018 1415 3067 scoporum.

1222 3083 1287 3147 (8)
1327 3082 1446 3131 Sane
1487 3081 1534 3129 S.
1574 3081 1882 3146 Hieronymus
1911 3114 1929 3142 ,
1977 3081 2063 3130 lib.
2109 3099 2158 3142 1,

1154 3165 1336 3215 Contra
1370 3163 1628 3213 Jovinian.
1662 3162 1818 3211 scribit
1855 3179 1870 3211 ε
1917 3161 2160 3211 Nonnun-

1153 3265 1297 3313 quam
1315 3255 1443 3296 errat
1456 3246 1608 3312 plebis
1634 3244 1854 3311 vulqique
1869 3245 2123 3312 Judicium
2139 3262 2162 3306 ,·

1150 3338 1195 3377 et
1208 3332 1266 3378 in
1280 3327 1613 3378 Sacerdotibus
1629 3326 1994 3393 comprobandis
2006 3343 2161 3375 unus-

1150 3412 1349 3475 quisque
1376 3412 1480 3457 suis
1514 3408 1727 3456 moribus
1765 3409 1898 3473 favet
1917 3443 1934 3470 ,
1973 3417 2025 3457 ut
2065 3424 2164 3456 non

1153 3502 1252 3540 tam
1283 3491 1459 3539 bonum
1491 3505 1637 3554 quam
1668 3491 1746 3538 sui
1779 3489 1991 3538 similem
2036 3505 2163 3553 quoe-

1159 3582 1235 3622 rat
1256 3573 1592 3639 praepositum,
1622 3571 1748 3621 Edit.
1779 3571 1906 3621 Vatl.
1927 3582 2040 3620 tom.
2084 3587 2119 3616 n
2147 3607 2160 3628 ,

1160 3656 1246 3704 col.
1282 3670 1397 3718 292.
1416 3652 1515 3703 cfr.
1546 3663 1760 3718 praeterea
1793 3665 1999 3704 auctores
2019 3653 2158 3702 citati-
