2514 4218
306 149 426 209 404
928 170 1128 208 macr.
1175 171 1242 207 nn
1287 170 1441 208 roms
1484 170 1863 212 mantuelem.

307 325 470 376 matu
502 312 665 372 nullo
702 311 879 372 modo
902 325 1106 392 agatur
1132 313 1195 370 in
1225 311 1414 371 allatis
1445 313 1799 386 canonibus,
1841 316 1914 377 de
1940 339 2056 399 quo
2099 317 2260 377 nulla
2291 332 2447 380 mota

307 423 397 473 est
443 412 875 484 controversia,
930 421 990 468 et
1045 410 1109 467 in
1158 409 1422 468 confesso
1471 410 1632 492 apud
1673 434 1876 473 omnes
1923 426 2049 474 erat
2107 413 2276 474 illum
2324 437 2447 477 esse

305 602 472 661 nistae
497 623 561 661 ac
598 601 980 677 Febroniani,
1013 599 1087 659 ab
1118 601 1492 660 oecumenicis
1530 602 1778 682 Synodis
1820 603 1989 663 illum
2027 618 2337 688 repetunt3
2384 628 2448 668 ac

307 720 618 782 perperam
663 707 796 778 post
832 697 986 778 ipsos
1016 696 1249 758 Palmer
1285 696 1495 756 saltem
1532 695 1671 759 inde
1710 698 2124 781 amplificatam
2175 713 2275 760 aut
2314 723 2448 761 con-

306 796 599 854 firmatam
644 793 1005 875 pontificiam
1036 795 1448 854 auctoritatem
1485 791 1724 853 deducit
1754 840 1770 870 ,
1818 816 1954 854 cum
1989 817 2063 856 ne
2100 797 2290 879 specie
2315 799 2448 880 qui-

307 890 444 951 dem
490 901 661 948 tenus
708 889 882 948 istam
935 890 1251 970 attingant.

389 985 532 1046 588.
583 984 671 1044 Ad
708 984 824 1062 3³¹,
850 987 1013 1046 Dz'st.
1055 985 1121 1045 Id
1147 998 1264 1061 est,
1291 988 1468 1048 Conc.
1508 985 1844 1047 Sardicense
1879 988 2122 1048 asseruit
2152 1009 2216 1047 ac
2252 987 2452 1050 vindi-

306 1082 460 1144 cavit
501 1102 652 1141 rom.
692 1081 960 1140 Pontifici
997 1080 1300 1164 privilegia
1325 1128 1340 1158 ,
1388 1104 1515 1166 quae
1551 1084 1663 1165 ipsi
1713 1082 1993 1145 divinitus
2036 1083 2450 1166 competebant

302 1179 365 1241 vi
387 1179 677 1261 primatus
714 1178 838 1252 sui,
895 1198 1140 1260 quaeque
1186 1177 1238 1237 ei
1294 1178 1734 1260 denegabantur
1777 1178 1851 1238 ab
1891 1180 2089 1239 ariana
2139 1201 2242 1239 seu
2283 1201 2451 1240 euse-

304 1274 478 1334 biana
528 1273 817 1346 factione,
872 1295 1035 1333 conc.
1058 1295 1079 1343 ,·
1125 1296 1260 1334 vere
1289 1275 1537 1334 contulit
1579 1275 1892 1358 peculiaria
1937 1274 2276 1358 privilegia,
2319 1297 2449 1358 quae

296 1371 411 1453 ipsi
437 1374 570 1449 jure
621 1369 826 1429 divino
864 1391 987 1428 non
1028 1381 1473 1451 competerent,
1514 1393 1647 1452 neq.
1678 1372 1906 1453 Nempe
1943 1392 2077 1431 cum
2121 1372 2318 1431 Ariani
2354 1392 2455 1431 seu

301 1466 612 1527 Eusebiani
642 1487 765 1525 non
797 1466 973 1525 modo
1002 1467 1298 1526 Nicaenam
1326 1466 1505 1526 fidem
1524 1512 1540 1539 ,
1581 1466 1684 1526 sed
1721 1467 2162 1527 ecclesiasticam
2195 1466 2456 1549 discipli·

301 1585 445 1623 nam
508 1562 700 1621 modis
759 1561 1034 1620 omnibus
1092 1573 1356 1623 evertere
1409 1574 1795 1634 conarentur,
1843 1567 1939 1641 jus
1987 1562 2456 1645 recipiendarum

303 1658 772 1743 appellationum
826 1679 899 1716 ex
960 1659 1234 1717 universo
1280 1657 1599 1717 christiano
1657 1656 1829 1734 orbe,
1895 1680 2010 1740 quo
2050 1670 2221 1718 antea
2268 1659 2462 1741 potie-

307 1756 529 1817 bantur
559 1755 788 1814 romani
816 1754 1125 1813 Pontifices
1146 1800 1161 1829 ,
1190 1755 1259 1813 iis
1283 1754 1570 1834 denegare
1618 1755 1745 1813 ausi
1787 1757 1977 1840 sunt,
1996 1775 2064 1814 eo
2094 1755 2252 1836 quod
2275 1754 2465 1814 Julius

309 1853 374 1911 in
422 1873 589 1910 suam
637 1851 953 1932 recepisset
993 1851 1510 1924 communionem,
1559 1850 1791 1932 suisque
1833 1849 2067 1910 sedibus
2119 1851 2467 1909 restituisset

310 1948 732 2021 Athanasium,
779 1945 1153 2025 Marcellum,
1192 1946 1527 2029 Asclepam,
1569 1946 1853 2022 Paulum,
1896 1948 2169 2021 Lucium,
2218 1946 2473 2027 aliosque

312 2045 512 2128 plures
547 2044 869 2118 antistiteS,
914 2045 1015 2125 qui
1049 2045 1112 2102 in
1152 2043 1354 2102 odium
1397 2043 1693 2103 catholicae
1734 2043 1872 2103 fidei
1910 2043 2026 2101 suis
2070 2042 2133 2100 in
2194 2040 2471 2124 synodiS,

322 2141 537 2222 Thyria
576 2140 904 2220 praesertim
952 2150 1011 2199 et
1050 2139 1449 2215 Antiochena,
1498 2139 1750 2221 depositi
1782 2139 2014 2198 fuerant
2052 2138 2284 2222 suisque
2319 2136 2475 2197 sedi-

315 2235 427 2296 bus
463 2236 635 2318 pulsi.
679 2238 879 2295 Patres
907 2236 1159 2318 proinde
1200 2235 1572 2296 Sardicenses
1600 2280 1617 2310 ,
1661 2246 1727 2294 ut
1750 2234 1838 2293 his
1879 2233 2183 2294 conatibus
2216 2255 2476 2294 occurre-

314 2344 488 2407 rent,
526 2331 726 2415 plures
771 2330 1085 2391 condidere
1134 2353 1418 2408 canoneS,
1464 2330 1676 2413 quibus
1719 2331 2009 2410 integram
2046 2329 2307 2390 Ecclesiae
2350 2329 2474 2389 dis-

318 2427 602 2511 ciplinam
625 2439 730 2487 aut
761 2428 1182 2493 confirmarent
1213 2439 1313 2487 aut
1338 2428 1738 2488 restituerent.
1774 2427 1963 2509 Atque
1992 2427 2052 2485 in
2085 2426 2176 2485 his
2206 2425 2279 2485 ad
2316 2447 2472 2499 rem,

323 2527 399 2588 de
432 2549 546 2610 qua
576 2527 834 2608 agimus,
860 2538 1132 2609 spectant
1166 2548 1296 2586 can.
1342 2527 1422 2584 ΙΙΙ
1445 2571 1462 2601 ,
1518 2526 1590 2584 [V
1633 2537 1694 2585 et
1728 2525 1828 2584 VII
1850 2571 1865 2598 ,
1897 2522 2107 2605 quibus
2133 2545 2255 2582 non
2284 2521 2475 2581 solum

313 2630 410 2704 jus
436 2622 903 2707 appellationum
959 2623 1032 2682 ad
1075 2622 1455 2706 apostolicam
1499 2621 1709 2682 Sedem
1756 2621 2223 2694 confirmarunt,
2267 2640 2475 2680 verum

325 2722 504 2782 etiam
540 2720 614 2780 de
642 2720 848 2794 mode,
876 2731 943 2779 ut
974 2732 1208 2794 vocant,
1245 2718 1603 2801 procedendi
1629 2716 1919 2777 nonnulla
1952 2727 2318 2790 statuerunt,
2345 2736 2477 2797 quae

327 2818 510 2897 magis
545 2817 882 2877 conferrent
916 2815 990 2876 ad
1021 2815 1307 2875 honorem
1335 2814 1498 2874 Sedis
1529 2813 1863 2897 apostolicae
1900 2812 2309 2888 evehendum,
2340 2833 2473 2871 cum

328 2934 457 2973 eam
515 2912 846 2995 deprimere
890 2912 1091 2972 Ariani
1132 2920 1482 2992 satagerent.
1536 2913 1641 2970 Jus
1693 2932 1868 2993 porro
1909 2911 2104 2992 ipsum
2149 2908 2472 2991 recipiendi

331 3007 776 3088 appellationes,
790 3007 949 3091 quod
965 3029 1037 3068 ex
1056 3006 1619 3090 primatu‘jdimanat,
1636 3006 1910 3089 quodque
1926 3005 2096 3086 longe
2107 3014 2247 3064 ante*
2261 3005 2473 3064 Conci—

328 3101 477 3163 lium
530 3106 867 3166 Sardicense
933 3105 1239 3165 Pontifices
1306 3116 1689 3165 exercuerant
1711 3151 1727 3179 ,
1797 3106 1993 3163 Patres
2052 3101 2134 3160 illi
2207 3102 2472 3163 conferre

332 3201 593 3285 profecto
607 3223 729 3261 non
757 3212 1098 3285 potuerunt,
1117 3201 1259 3283 quin
1275 3201 1397 3261 imo
1420 3201 1642 3283 ubique
1658 3207 2003 3282 supponunt
2033 3197 2143 3279 (2).

331 3385 387 3431 in
425 3399 519 3432 sec.
567 3400 615 3441 1,
649 3401 784 3449 prop.
835 3401 902 3446 1¹3
940 3382 1136 3444 Gerdil,
1183 3383 1360 3449 Confu-
1444 3398 1551 3430 vero
1583 3380 1755 3430 Christ.
1796 3378 1987 3445 LupuS,
2027 3383 2077 3428 in
2102 3397 2208 3431 can.
2247 3397 2292 3428 v1
2327 3379 2471 3429 Cone.

336 3468 528 3515 tazione
557 3464 612 3512 di
642 3465 735 3513 due
768 3466 916 3515 libelli
958 3475 1122 3517 contro
1152 3466 1191 3516 il
1226 3467 1360 3515 breve
1443 3463 1622 3512 Nioaeni
1650 3501 1663 3523 ,
1690 3463 1779 3511 loc.
1813 3464 1927 3523 cit.;
1959 3462 2062 3513 Nat.
2093 3462 2220 3513 Alex.
2238 3463 2347 3512 diss.
2381 3481 2435 3512 xx
2455 3500 2470 3525 ‚

335 3545 499 3614 Super
512 3546 771 3607 soliditate,
789 3566 835 3611 p.
851 3566 926 3609 ιιι,
943 3549 1257 3599 edit.cit.tom.
1279 3567 1357 3612 xn,
1445 3548 1496 3595 in
1525 3562 1617 3595 sec.
1643 3562 1689 3594 ιν
1709 3582 1721 3604 ,
1750 3562 1885 3610 prop.
1914 3562 1968 3609 ¹¹5
1993 3544 2148 3594 Gerdil
2168 3582 2182 3603 ‚
2205 3544 2297 3595 loc.
2318 3547 2399 3594 cit.

338 3648 447 3695 pag.
482 3630 582 3679 333
626 3639 673 3678 et
701 3647 828 3695 seqq.
1517 3627 1584 3695 (ἢ)
1623 3630 1723 3678 Csr.
1773 3630 1906 3678 docta
1940 3646 1991 3678 ac
2019 3630 2198 3679 erudita
2240 3629 2468 3676 dissertat.

408 3713 476 3778 (1)
513 3712 609 3761 Cfr.
665 3715 763 3761 citt.
827 3722 1063 3772 auctores,
1109 3716 1362 3779 praesertim
1449 3712 1504 3763 P.
1536 3711 1802 3762 Stefanucci
1830 3709 1940 3762 Soc.
1972 3711 2083 3762 Jesu
2105 3749 2119 3774 ,
2158 3708 2231 3761 De
2263 3706 2472 3777 appella-
