<?xml version="1.0" encoding="UTF-8"?>
<!DOCTYPE html PUBLIC "-//W3C//DTD XHTML 1.0 Transitional//EN"
    "http://www.w3.org/TR/xhtml1/DTD/xhtml1-transitional.dtd">
<html xmlns="http://www.w3.org/1999/xhtml" xml:lang="en" lang="en">
 <head>
  <title>
</title>
<meta http-equiv="Content-Type" content="text/html;charset=utf-8" />
  <meta name='ocr-system' content='tesseract 3.04.00' />
  <meta name='ocr-capabilities' content='ocr_page ocr_carea ocr_par ocr_line ocrx_word'/>
</head>
<body>
  <div class='ocr_page' id='page_1' title='image "a603693808perruoft_0248.png"; bbox 0 0 2514 4218; ppageno 0'>
   <div class='ocr_carea' id='block_1_1' title="bbox 232 185 1778 246">
    <p class='ocr_par' dir='ltr' id='par_1_1' title="bbox 232 185 1778 246">
     <span class='ocr_line' id='line_1_1' title="bbox 232 185 1778 246; baseline 0.002 -4"><span class='ocrx_word' id='word_1_1' title='bbox 232 185 352 244; x_wconf 72' lang='lat'><em>236</em></span> <span class='ocrx_word' id='word_1_2' title='bbox 660 222 666 226; x_wconf 78' lang='lat'><em>-</em></span> <span class='ocrx_word' id='word_1_3' title='bbox 833 205 1038 241; x_wconf 74' lang='lat' dir='ltr'><em>TRAGT.</em></span> <span class='ocrx_word' id='word_1_4' title='bbox 1089 204 1157 239; x_wconf 73' lang='lat' dir='ltr'><em>ns</em></span> <span class='ocrx_word' id='word_1_5' title='bbox 1201 205 1354 241; x_wconf 70' lang='lat' dir='ltr'><em>Loms</em></span> <span class='ocrx_word' id='word_1_6' title='bbox 1398 207 1778 246; x_wconf 68' lang='lat' dir='ltr'><em>Tlmorocmffi.</em></span> 
     </span>
    </p>
   </div>
   <div class='ocr_carea' id='block_1_2' title="bbox 215 346 2458 3029">
    <p class='ocr_par' dir='ltr' id='par_1_2' title="bbox 215 346 2380 2064">
     <span class='ocr_line' id='line_1_2' title="bbox 230 346 2377 430; baseline 0.001 -20"><span class='ocrx_word' id='word_1_7' title='bbox 230 351 489 411; x_wconf 73' lang='lat' dir='ltr'><em>custodit</em></span> <span class='ocrx_word' id='word_1_8' title='bbox 512 348 621 430; x_wconf 89' lang='lat' dir='ltr'><em>(l).</em></span> <span class='ocrx_word' id='word_1_9' title='bbox 647 350 705 408; x_wconf 89' lang='lat' dir='ltr'><em>S.</em></span> <span class='ocrx_word' id='word_1_10' title='bbox 748 348 1141 426; x_wconf 77' lang='lat' dir='ltr'><strong>Hieronymus</strong></span> <span class='ocrx_word' id='word_1_11' title='bbox 1167 368 1180 403; x_wconf 73' lang='grc' dir='ltr'>ε</span> <span class='ocrx_word' id='word_1_12' title='bbox 1213 346 1489 405; x_wconf 80' lang='lat' dir='ltr'><em>Poteram</em></span> <span class='ocrx_word' id='word_1_13' title='bbox 1509 391 1528 424; x_wconf 87' lang='lat'>,</span> <span class='ocrx_word' id='word_1_14' title='bbox 1561 349 1798 427; x_wconf 76' lang='lat' dir='ltr'>scribit,</span> <span class='ocrx_word' id='word_1_15' title='bbox 1834 353 1996 412; x_wconf 87' lang='lat' dir='ltr'><em>diem</em></span> <span class='ocrx_word' id='word_1_16' title='bbox 2031 356 2377 413; x_wconf 69' lang='lat' dir='ltr'><em>istiusmodi</em></span> 
     </span>
     <span class='ocr_line' id='line_1_3' title="bbox 230 447 2378 526; baseline 0.001 -20"><span class='ocrx_word' id='word_1_17' title='bbox 230 450 458 526; x_wconf 88' lang='lat' dir='ltr'><em>eloquio</em></span> <span class='ocrx_word' id='word_1_18' title='bbox 504 449 720 506; x_wconf 85' lang='lat' dir='ltr'><em>ducere</em></span> <span class='ocrx_word' id='word_1_19' title='bbox 745 491 762 520; x_wconf 68' lang='grc'><em>,</em></span> <span class='ocrx_word' id='word_1_20' title='bbox 812 455 868 503; x_wconf 88' lang='lat' dir='ltr'><em>et</em></span> <span class='ocrx_word' id='word_1_21' title='bbox 900 463 1102 502; x_wconf 86' lang='lat' dir='ltr'><em>omnes</em></span> <span class='ocrx_word' id='word_1_22' title='bbox 1123 447 1616 523; x_wconf 76' lang='lat' dir='ltr'><em>propositionum</em></span> <span class='ocrx_word' id='word_1_23' title='bbox 1656 451 1888 509; x_wconf 76' lang='lat' dir='ltr'><em>rivulos</em></span> <span class='ocrx_word' id='word_1_24' title='bbox 1928 472 2054 510; x_wconf 88' lang='lat' dir='ltr'><em>uno</em></span> <span class='ocrx_word' id='word_1_25' title='bbox 2094 451 2378 510; x_wconf 85' lang='lat' dir='ltr'><em>Ecclesioe</em></span> 
     </span>
     <span class='ocr_line' id='line_1_4' title="bbox 231 539 2376 626; baseline -0 -23"><span class='ocrx_word' id='word_1_26' title='bbox 231 546 344 602; x_wconf 87' lang='lat' dir='ltr'><em>sole</em></span> <span class='ocrx_word' id='word_1_27' title='bbox 358 548 587 603; x_wconf 87' lang='lat' dir='ltr'><em>siccare</em></span> <span class='ocrx_word' id='word_1_28' title='bbox 609 542 719 621; x_wconf 79' lang='lat'><em>(2).</em></span> <span class='ocrx_word' id='word_1_29' title='bbox 738 542 808 599; x_wconf 88' lang='lat' dir='ltr'><em>Et</em></span> <span class='ocrx_word' id='word_1_30' title='bbox 831 559 1069 598; x_wconf 88' lang='lat' dir='ltr'><em>rursum</em></span> <span class='ocrx_word' id='word_1_31' title='bbox 1087 560 1100 598; x_wconf 87' lang='grc'>;</span> <span class='ocrx_word' id='word_1_32' title='bbox 1116 539 1222 599; x_wconf 83' lang='lat' dir='ltr'><em>Ea·</em></span> <span class='ocrx_word' id='word_1_33' title='bbox 1244 562 1361 619; x_wconf 87' lang='lat' dir='ltr'><em>quo</em></span> <span class='ocrx_word' id='word_1_34' title='bbox 1387 542 1807 621; x_wconf 71' lang='lat' dir='ltr'><em>intelliyimus,</em></span> <span class='ocrx_word' id='word_1_35' title='bbox 1822 546 2165 607; x_wconf 81' lang='lat' dir='ltr'><em>Ecclesiam</em></span> <span class='ocrx_word' id='word_1_36' title='bbox 2188 567 2376 626; x_wconf 85' lang='lat' dir='ltr'><em>usque</em></span> 
     </span>
     <span class='ocr_line' id='line_1_5' title="bbox 231 633 2376 722; baseline 0.002 -24"><span class='ocrx_word' id='word_1_37' title='bbox 231 641 319 698; x_wconf 74' lang='lat' dir='ltr'><em>acl</em></span> <span class='ocrx_word' id='word_1_38' title='bbox 353 641 543 719; x_wconf 77' lang='lat' dir='ltr'><em>finem</em></span> <span class='ocrx_word' id='word_1_39' title='bbox 581 635 807 696; x_wconf 73' lang='lat' dir='ltr'><em>mundi</em></span> <span class='ocrx_word' id='word_1_40' title='bbox 857 638 1100 694; x_wconf 81' lang='lat' dir='ltr'><em>concuti</em></span> <span class='ocrx_word' id='word_1_41' title='bbox 1137 633 1382 716; x_wconf 81' lang='lat' dir='ltr'><em>quidem</em></span> <span class='ocrx_word' id='word_1_42' title='bbox 1420 640 1976 716; x_wconf 80' lang='lat' dir='ltr'><em>persecutionibus,</em></span> <span class='ocrx_word' id='word_1_43' title='bbox 2017 645 2122 702; x_wconf 83' lang='lat' dir='ltr'><em>sed</em></span> <span class='ocrx_word' id='word_1_44' title='bbox 2145 665 2376 722; x_wconf 88' lang='lat' dir='ltr'><em>nequa-</em></span> 
     </span>
     <span class='ocr_line' id='line_1_6' title="bbox 230 730 2376 818; baseline 0.001 -24"><span class='ocrx_word' id='word_1_45' title='bbox 230 758 420 816; x_wconf 84' lang='lat' dir='ltr'><em>quam</em></span> <span class='ocrx_word' id='word_1_46' title='bbox 458 754 625 815; x_wconf 86' lang='lat' dir='ltr'><em>posse</em></span> <span class='ocrx_word' id='word_1_47' title='bbox 651 732 958 799; x_wconf 79' lang='lat' dir='ltr'><em>subverti;</em></span> <span class='ocrx_word' id='word_1_48' title='bbox 1006 737 1268 808; x_wconf 66' lang='lat' dir='ltr'><em>tentari,</em></span> <span class='ocrx_word' id='word_1_49' title='bbox 1310 730 1446 792; x_wconf 60' lang='lat' dir='ltr'><em>non&#39;</em></span> <span class='ocrx_word' id='word_1_50' title='bbox 1463 731 1755 813; x_wconf 83' lang='lat' dir='ltr'><em>superari</em></span> <span class='ocrx_word' id='word_1_51' title='bbox 1776 758 1799 801; x_wconf 90' lang='lat'><em>‚·</em></span> <span class='ocrx_word' id='word_1_52' title='bbox 1836 745 1893 793; x_wconf 87' lang='lat' dir='ltr'><em>et</em></span> <span class='ocrx_word' id='word_1_53' title='bbox 1914 736 2021 795; x_wconf 78' lang='lat' dir='ltr'><em>hoc</em></span> <span class='ocrx_word' id='word_1_54' title='bbox 2045 739 2148 815; x_wconf 82' lang='lat' dir='ltr'><em>fiet</em></span> <span class='ocrx_word' id='word_1_55' title='bbox 2162 782 2186 812; x_wconf 86' lang='lat'><em>,</em></span> <span class='ocrx_word' id='word_1_56' title='bbox 2224 740 2376 818; x_wconf 87' lang='lat' dir='ltr'><em>quia</em></span> 
     </span>
     <span class='ocr_line' id='line_1_7' title="bbox 229 828 2372 911; baseline 0 -20"><span class='ocrx_word' id='word_1_57' title='bbox 229 833 533 891; x_wconf 77' lang='lat' dir='ltr'><em>Dominus</em></span> <span class='ocrx_word' id='word_1_58' title='bbox 577 828 744 888; x_wconf 86' lang='lat' dir='ltr'><em>Deus</em></span> <span class='ocrx_word' id='word_1_59' title='bbox 779 831 1186 909; x_wconf 87' lang='lat' dir='ltr'><em>omnipotens,</em></span> <span class='ocrx_word' id='word_1_60' title='bbox 1223 833 1346 888; x_wconf 84' lang='lat' dir='ltr'><em>sive</em></span> <span class='ocrx_word' id='word_1_61' title='bbox 1395 831 1701 889; x_wconf 75' lang='lat' dir='ltr'><em>Dominus</em></span> <span class='ocrx_word' id='word_1_62' title='bbox 1738 832 1908 890; x_wconf 90' lang='lat' dir='ltr'><em>Deus</em></span> <span class='ocrx_word' id='word_1_63' title='bbox 1948 836 2076 911; x_wconf 74' lang='lat' dir='ltr'><em>ejus</em></span> <span class='ocrx_word' id='word_1_64' title='bbox 2091 874 2115 904; x_wconf 92' lang='lat'><em>,</em></span> <span class='ocrx_word' id='word_1_65' title='bbox 2159 834 2231 891; x_wconf 82' lang='lat' dir='ltr'><em>id</em></span> <span class='ocrx_word' id='word_1_66' title='bbox 2252 845 2372 907; x_wconf 69' lang='lat' dir='ltr'><em>est,</em></span> 
     </span>
     <span class='ocr_line' id='line_1_8' title="bbox 230 927 2377 1008; baseline -0 -21"><span class='ocrx_word' id='word_1_67' title='bbox 230 927 553 994; x_wconf 68' lang='lat' dir='ltr'><em>Ecclesiae,</em></span> <span class='ocrx_word' id='word_1_68' title='bbox 594 945 653 983; x_wconf 93' lang='lat' dir='ltr'><em>se</em></span> <span class='ocrx_word' id='word_1_69' title='bbox 684 927 1013 1003; x_wconf 82' lang='lat' dir='ltr'><em>facturum</em></span> <span class='ocrx_word' id='word_1_70' title='bbox 1051 946 1173 985; x_wconf 89' lang='lat' dir='ltr'><em>esse</em></span> <span class='ocrx_word' id='word_1_71' title='bbox 1200 927 1508 1006; x_wconf 85' lang='lat' dir='ltr'><em>pollicitus</em></span> <span class='ocrx_word' id='word_1_72' title='bbox 1546 936 1670 994; x_wconf 81' lang='lat' dir='ltr'><em>est,·</em></span> <span class='ocrx_word' id='word_1_73' title='bbox 1708 931 1889 1005; x_wconf 75' lang='lat' dir='ltr'><em>cujus</em></span> <span class='ocrx_word' id='word_1_74' title='bbox 1914 931 2246 1008; x_wconf 77' lang='lat' dir='ltr'><em>promissio</em></span> <span class='ocrx_word' id='word_1_75' title='bbox 2283 930 2377 987; x_wconf 72' lang='lat' dir='ltr'><em>lew</em></span> 
     </span>
     <span class='ocr_line' id='line_1_9' title="bbox 226 1019 2380 1103; baseline 0.001 -24"><span class='ocrx_word' id='word_1_76' title='bbox 226 1032 468 1079; x_wconf 82' lang='lat' dir='ltr'><em>naturoe</em></span> <span class='ocrx_word' id='word_1_77' title='bbox 493 1030 577 1080; x_wconf 84' lang='lat' dir='ltr'><em>est</em></span> <span class='ocrx_word' id='word_1_78' title='bbox 615 1019 730 1100; x_wconf 82' lang='grc'>(3).</span> <span class='ocrx_word' id='word_1_79' title='bbox 781 1021 852 1078; x_wconf 79' lang='lat' dir='ltr'><em>Et</em></span> <span class='ocrx_word' id='word_1_80' title='bbox 885 1019 1025 1079; x_wconf 85' lang='lat' dir='ltr'><em>alibi</em></span> <span class='ocrx_word' id='word_1_81' title='bbox 1065 1043 1078 1079; x_wconf 89' lang='lat'>:</span> <span class='ocrx_word' id='word_1_82' title='bbox 1123 1021 1244 1081; x_wconf 83' lang='lat' dir='ltr'><em>Cui</em></span> <span class='ocrx_word' id='word_1_83' title='bbox 1273 1021 1572 1103; x_wconf 85' lang='lat' dir='ltr'><em>(ecclesiae</em></span> <span class='ocrx_word' id='word_1_84' title='bbox 1601 1022 1625 1102; x_wconf 89' lang='lat'>)</span> <span class='ocrx_word' id='word_1_85' title='bbox 1666 1023 1940 1083; x_wconf 85' lang='lat' dir='ltr'><em>dicitur:</em></span> <span class='ocrx_word' id='word_1_86' title='bbox 1976 1024 2201 1103; x_wconf 76' lang='lat' dir='ltr'><em>Surye,</em></span> <span class='ocrx_word' id='word_1_87' title='bbox 2238 1025 2380 1082; x_wconf 87' lang='lat' dir='ltr'><em>illu·</em></span> 
     </span>
     <span class='ocr_line' id='line_1_10' title="bbox 227 1117 2380 1201; baseline 0.001 -26"><span class='ocrx_word' id='word_1_88' title='bbox 227 1121 474 1177; x_wconf 82' lang='lat' dir='ltr'><em>minare</em></span> <span class='ocrx_word' id='word_1_89' title='bbox 494 1163 510 1192; x_wconf 78' lang='lat'>,</span> <span class='ocrx_word' id='word_1_90' title='bbox 540 1125 609 1176; x_wconf 87' lang='lat' dir='ltr'><em>ut</em></span> <span class='ocrx_word' id='word_1_91' title='bbox 629 1139 765 1197; x_wconf 83' lang='lat' dir='ltr'><em>quoe</em></span> <span class='ocrx_word' id='word_1_92' title='bbox 792 1117 1011 1176; x_wconf 84' lang='lat' dir='ltr'><em>cecidit</em></span> <span class='ocrx_word' id='word_1_93' title='bbox 1038 1122 1108 1176; x_wconf 88' lang='lat' dir='ltr'><em>in</em></span> <span class='ocrx_word' id='word_1_94' title='bbox 1143 1120 1477 1178; x_wconf 76' lang='lat' dir='ltr'><em>incredulis</em></span> <span class='ocrx_word' id='word_1_95' title='bbox 1513 1121 1534 1199; x_wconf 92' lang='lat'>(</span> <span class='ocrx_word' id='word_1_96' title='bbox 1558 1121 1593 1178; x_wconf 90' lang='lat' dir='ltr'><strong>J</strong></span> <span class='ocrx_word' id='word_1_97' title='bbox 1599 1120 1775 1179; x_wconf 88' lang='lat' dir='ltr'><em>udae-is</em></span> <span class='ocrx_word' id='word_1_98' title='bbox 1801 1119 1859 1200; x_wconf 68' lang='lat'><em>)‚</em></span> <span class='ocrx_word' id='word_1_99' title='bbox 1899 1131 2112 1201; x_wconf 75' lang='lat' dir='ltr'><em>surqat</em></span> <span class='ocrx_word' id='word_1_100' title='bbox 2134 1124 2205 1180; x_wconf 93' lang='lat' dir='ltr'><em>in</em></span> <span class='ocrx_word' id='word_1_101' title='bbox 2230 1121 2380 1200; x_wconf 77' lang='lat' dir='ltr'><em>fide-</em></span> 
     </span>
     <span class='ocr_line' id='line_1_11' title="bbox 226 1215 2378 1296; baseline 0.001 -23"><span class='ocrx_word' id='word_1_102' title='bbox 226 1215 435 1283; x_wconf 85' lang='lat' dir='ltr'><em>lihus;</em></span> <span class='ocrx_word' id='word_1_103' title='bbox 491 1224 548 1272; x_wconf 85' lang='lat' dir='ltr'><em>et</em></span> <span class='ocrx_word' id='word_1_104' title='bbox 584 1225 914 1294; x_wconf 85' lang='lat' dir='ltr'><em>postquam</em></span> <span class='ocrx_word' id='word_1_105' title='bbox 969 1218 1343 1287; x_wconf 74' lang='lat' dir='ltr'><em>surreoeerit,</em></span> <span class='ocrx_word' id='word_1_106' title='bbox 1391 1217 1805 1286; x_wconf 80' lang='lat' dir='ltr'><em>illuminetur,</em></span> <span class='ocrx_word' id='word_1_107' title='bbox 1857 1226 1932 1275; x_wconf 88' lang='lat' dir='ltr'><em>ut</em></span> <span class='ocrx_word' id='word_1_108' title='bbox 1986 1223 2378 1296; x_wconf 79' lang='lat' dir='ltr'><em>nequaquam</em></span> 
     </span>
     <span class='ocr_line' id='line_1_12' title="bbox 226 1309 2380 1392; baseline 0 -23"><span class='ocrx_word' id='word_1_109' title='bbox 226 1311 495 1370; x_wconf 74' lang='lat' dir='ltr'><em>habeant</em></span> <span class='ocrx_word' id='word_1_110' title='bbox 530 1315 760 1370; x_wconf 83' lang='lat' dir='ltr'><em>erroris</em></span> <span class='ocrx_word' id='word_1_111' title='bbox 793 1310 1071 1369; x_wconf 83' lang='lat' dir='ltr'><em>tenebras</em></span> <span class='ocrx_word' id='word_1_112' title='bbox 1097 1309 1212 1391; x_wconf 79' lang='lat'><em>(4).</em></span> <span class='ocrx_word' id='word_1_113' title='bbox 1261 1312 1321 1369; x_wconf 90' lang='lat' dir='ltr'><em>S.</em></span> <span class='ocrx_word' id='word_1_114' title='bbox 1355 1311 1713 1392; x_wconf 83' lang='lat' dir='ltr'><em>Augustinus</em></span> <span class='ocrx_word' id='word_1_115' title='bbox 1748 1334 1761 1370; x_wconf 76' lang='grc' dir='ltr'>ε</span> <span class='ocrx_word' id='word_1_116' title='bbox 1799 1313 2065 1392; x_wconf 84' lang='lat' dir='ltr'><em>Ipsaest</em></span> <span class='ocrx_word' id='word_1_117' title='bbox 2103 1313 2380 1372; x_wconf 85' lang='lat' dir='ltr'><em>Ecclesia</em></span> 
     </span>
     <span class='ocr_line' id='line_1_13' title="bbox 225 1406 2380 1484; baseline -0 -17"><span class='ocrx_word' id='word_1_118' title='bbox 225 1418 439 1467; x_wconf 83' lang='lat' dir='ltr'><em>sancta</em></span> <span class='ocrx_word' id='word_1_119' title='bbox 454 1450 477 1480; x_wconf 86' lang='lat'><em>,</em></span> <span class='ocrx_word' id='word_1_120' title='bbox 500 1407 778 1466; x_wconf 88' lang='lat' dir='ltr'><em>Ecclesia</em></span> <span class='ocrx_word' id='word_1_121' title='bbox 805 1427 929 1466; x_wconf 86' lang='lat' dir='ltr'><em>una</em></span> <span class='ocrx_word' id='word_1_122' title='bbox 948 1453 964 1476; x_wconf 95' lang='lat'>‚</span> <span class='ocrx_word' id='word_1_123' title='bbox 988 1406 1262 1465; x_wconf 85' lang='lat' dir='ltr'><em>Ecclesia</em></span> <span class='ocrx_word' id='word_1_124' title='bbox 1285 1427 1425 1466; x_wconf 84' lang='lat' dir='ltr'><em>vera</em></span> <span class='ocrx_word' id='word_1_125' title='bbox 1440 1450 1462 1478; x_wconf 88' lang='lat'><em>,</em></span> <span class='ocrx_word' id='word_1_126' title='bbox 1497 1408 1771 1468; x_wconf 88' lang='lat' dir='ltr'><em>Ecclesia</em></span> <span class='ocrx_word' id='word_1_127' title='bbox 1799 1409 2094 1467; x_wconf 75' lang='lat' dir='ltr'><em>catholica</em></span> <span class='ocrx_word' id='word_1_128' title='bbox 2123 1453 2141 1484; x_wconf 62' lang='lat'>7</span> <span class='ocrx_word' id='word_1_129' title='bbox 2167 1418 2380 1468; x_wconf 87' lang='lat' dir='ltr'><em>contra</em></span> 
     </span>
     <span class='ocr_line' id='line_1_14' title="bbox 227 1503 2378 1584; baseline -0.001 -21"><span class='ocrx_word' id='word_1_130' title='bbox 227 1526 430 1563; x_wconf 86' lang='lat' dir='ltr'><em>omnes</em></span> <span class='ocrx_word' id='word_1_131' title='bbox 468 1503 713 1562; x_wconf 79' lang='lat' dir='ltr'><em>lzoereses</em></span> <span class='ocrx_word' id='word_1_132' title='bbox 729 1524 1024 1583; x_wconf 75' lang='lat' dir='ltr'><em>puqnans</em></span> <span class='ocrx_word' id='word_1_133' title='bbox 1047 1523 1068 1572; x_wconf 92' lang='lat'><em>,·</em></span> <span class='ocrx_word' id='word_1_134' title='bbox 1092 1524 1382 1584; x_wconf 76' lang='lat' dir='ltr'><em>puqnare</em></span> <span class='ocrx_word' id='word_1_135' title='bbox 1396 1513 1624 1582; x_wconf 88' lang='lat' dir='ltr'><em>potest,</em></span> <span class='ocrx_word' id='word_1_136' title='bbox 1654 1507 2003 1584; x_wconf 75' lang='lat' dir='ltr'><em>expuqnari</em></span> <span class='ocrx_word' id='word_1_137' title='bbox 2021 1515 2223 1563; x_wconf 90' lang='lat' dir='ltr'><em>tamen</em></span> <span class='ocrx_word' id='word_1_138' title='bbox 2254 1524 2378 1562; x_wconf 88' lang='lat' dir='ltr'><em>non</em></span> 
     </span>
     <span class='ocr_line' id='line_1_15' title="bbox 215 1600 2380 1681; baseline -0.001 -23"><span class='ocrx_word' id='word_1_139' title='bbox 215 1610 429 1681; x_wconf 81' lang='lat' dir='ltr'><em>potest.</em></span> <span class='ocrx_word' id='word_1_140' title='bbox 489 1600 759 1659; x_wconf 82' lang='lat' dir='ltr'><em>Hcereses</em></span> <span class='ocrx_word' id='word_1_141' title='bbox 815 1620 1017 1657; x_wconf 89' lang='lat' dir='ltr'><em>omnes</em></span> <span class='ocrx_word' id='word_1_142' title='bbox 1064 1600 1134 1657; x_wconf 84' lang='lat' dir='ltr'><em>de</em></span> <span class='ocrx_word' id='word_1_143' title='bbox 1179 1600 1289 1657; x_wconf 88' lang='lat' dir='ltr'><em>illa</em></span> <span class='ocrx_word' id='word_1_144' title='bbox 1354 1601 1671 1671; x_wconf 72' lang='lat' dir='ltr'><em>exierunt,</em></span> <span class='ocrx_word' id='word_1_145' title='bbox 1716 1610 2015 1679; x_wconf 84' lang='lat' dir='ltr'><em>tanquam</em></span> <span class='ocrx_word' id='word_1_146' title='bbox 2069 1610 2380 1659; x_wconf 82' lang='lat' dir='ltr'><em>sarmenta</em></span> 
     </span>
     <span class='ocr_line' id='line_1_16' title="bbox 228 1694 2379 1774; baseline -0 -20"><span class='ocrx_word' id='word_1_147' title='bbox 228 1697 485 1754; x_wconf 88' lang='lat' dir='ltr'><em>inutilia</em></span> <span class='ocrx_word' id='word_1_148' title='bbox 513 1696 584 1753; x_wconf 82' lang='lat' dir='ltr'><em>ole</em></span> <span class='ocrx_word' id='word_1_149' title='bbox 626 1694 740 1753; x_wconf 85' lang='lat' dir='ltr'><em>vite</em></span> <span class='ocrx_word' id='word_1_150' title='bbox 765 1698 1028 1773; x_wconf 73' lang='lat' dir='ltr'><em>praecisa</em></span> <span class='ocrx_word' id='word_1_151' title='bbox 1052 1715 1072 1763; x_wconf 87' lang='lat'><em>,·</em></span> <span class='ocrx_word' id='word_1_152' title='bbox 1099 1698 1238 1774; x_wconf 84' lang='lat' dir='ltr'><em>ipsa</em></span> <span class='ocrx_word' id='word_1_153' title='bbox 1276 1705 1481 1754; x_wconf 89' lang='lat' dir='ltr'><em>autem</em></span> <span class='ocrx_word' id='word_1_154' title='bbox 1526 1705 1734 1754; x_wconf 85' lang='lat' dir='ltr'><em>manet</em></span> <span class='ocrx_word' id='word_1_155' title='bbox 1779 1699 1851 1754; x_wconf 93' lang='lat' dir='ltr'><em>in</em></span> <span class='ocrx_word' id='word_1_156' title='bbox 1877 1695 2085 1754; x_wconf 87' lang='lat' dir='ltr'><em>radice</em></span> <span class='ocrx_word' id='word_1_157' title='bbox 2120 1718 2269 1765; x_wconf 88' lang='lat' dir='ltr'><em>sua,</em></span> <span class='ocrx_word' id='word_1_158' title='bbox 2306 1699 2379 1753; x_wconf 85' lang='lat' dir='ltr'><em>in</em></span> 
     </span>
     <span class='ocr_line' id='line_1_17' title="bbox 227 1791 2377 1870; baseline -0.001 -20"><span class='ocrx_word' id='word_1_159' title='bbox 227 1795 523 1850; x_wconf 78' lang='lat' dir='ltr'><em>charitate</em></span> <span class='ocrx_word' id='word_1_160' title='bbox 561 1813 696 1850; x_wconf 87' lang='lat' dir='ltr'><em>sua.</em></span> <span class='ocrx_word' id='word_1_161' title='bbox 739 1795 938 1850; x_wconf 85' lang='lat' dir='ltr'><em>Portoe</em></span> <span class='ocrx_word' id='word_1_162' title='bbox 980 1794 1328 1870; x_wconf 79' lang='lat' dir='ltr'><em>inferorum</em></span> <span class='ocrx_word' id='word_1_163' title='bbox 1363 1812 1483 1850; x_wconf 84' lang='lat' dir='ltr'><em>non</em></span> <span class='ocrx_word' id='word_1_164' title='bbox 1526 1795 1771 1850; x_wconf 79' lang='lat' dir='ltr'><em>vincent</em></span> <span class='ocrx_word' id='word_1_165' title='bbox 1800 1812 1936 1850; x_wconf 86' lang='lat' dir='ltr'><em>eam</em></span> <span class='ocrx_word' id='word_1_166' title='bbox 1971 1791 2087 1870; x_wconf 84' lang='lat'><em>(5).</em></span> <span class='ocrx_word' id='word_1_167' title='bbox 2134 1792 2204 1849; x_wconf 88' lang='lat' dir='ltr'><em>Et</em></span> <span class='ocrx_word' id='word_1_168' title='bbox 2254 1791 2377 1849; x_wconf 82' lang='lat' dir='ltr'><em>haec</em></span> 
     </span>
     <span class='ocr_line' id='line_1_18' title="bbox 228 1886 2376 1970; baseline -0.001 -24"><span class='ocrx_word' id='word_1_169' title='bbox 228 1887 565 1970; x_wconf 87' lang='lat' dir='ltr'><em>speciminis</em></span> <span class='ocrx_word' id='word_1_170' title='bbox 607 1887 824 1966; x_wconf 69' lang='lat' dir='ltr'><em>gratia,</em></span> <span class='ocrx_word' id='word_1_171' title='bbox 870 1886 1085 1969; x_wconf 90' lang='lat' dir='ltr'><em>quibus</em></span> <span class='ocrx_word' id='word_1_172' title='bbox 1125 1907 1253 1970; x_wconf 88' lang='lat' dir='ltr'><em>quae</em></span> <span class='ocrx_word' id='word_1_173' title='bbox 1293 1886 1559 1969; x_wconf 88' lang='lat' dir='ltr'><em>superius</em></span> <span class='ocrx_word' id='word_1_174' title='bbox 1587 1886 1896 1946; x_wconf 38' lang='lat' dir='ltr'><em>attulimus.</em></span> <span class='ocrx_word' id='word_1_175' title='bbox 1940 1886 2183 1946; x_wconf 87' lang='lat' dir='ltr'><em>mirifice</em></span> <span class='ocrx_word' id='word_1_176' title='bbox 2224 1907 2376 1946; x_wconf 88' lang='lat' dir='ltr'><em>con-</em></span> 
     </span>
     <span class='ocr_line' id='line_1_19' title="bbox 227 1982 690 2064; baseline 0 -23"><span class='ocrx_word' id='word_1_177' title='bbox 227 1982 543 2042; x_wconf 87' lang='lat' dir='ltr'><em>firmantur</em></span> <span class='ocrx_word' id='word_1_178' title='bbox 578 1983 690 2064; x_wconf 84' lang='lat'><em>(6).</em></span> 
     </span>
    </p>

    <p class='ocr_par' dir='ltr' id='par_1_3' title="bbox 229 2077 2458 2910">
     <span class='ocr_line' id='line_1_20' title="bbox 310 2077 2376 2164; baseline 0 -26"><span class='ocrx_word' id='word_1_179' title='bbox 310 2078 452 2138; x_wconf 82' lang='lat'><em>358.</em></span> <span class='ocrx_word' id='word_1_180' title='bbox 503 2080 687 2139; x_wconf 86' lang='lat' dir='ltr'><em>Testis</em></span> <span class='ocrx_word' id='word_1_181' title='bbox 720 2079 935 2140; x_wconf 85' lang='lat' dir='ltr'><em>deinde</em></span> <span class='ocrx_word' id='word_1_182' title='bbox 963 2078 1136 2159; x_wconf 83' lang='lat' dir='ltr'><em>hujus</em></span> <span class='ocrx_word' id='word_1_183' title='bbox 1165 2079 1318 2140; x_wconf 87' lang='lat' dir='ltr'><em>dotis</em></span> <span class='ocrx_word' id='word_1_184' title='bbox 1347 2091 1436 2141; x_wconf 89' lang='lat' dir='ltr'><em>est</em></span> <span class='ocrx_word' id='word_1_185' title='bbox 1456 2081 1583 2164; x_wconf 89' lang='lat' dir='ltr'><em>ipsa</em></span> <span class='ocrx_word' id='word_1_186' title='bbox 1617 2082 1904 2164; x_wconf 86' lang='lat' dir='ltr'><em>possessio</em></span> <span class='ocrx_word' id='word_1_187' title='bbox 1926 2127 1943 2158; x_wconf 88' lang='lat'>‚</span> <span class='ocrx_word' id='word_1_188' title='bbox 1973 2100 2153 2162; x_wconf 87' lang='lat' dir='ltr'><em>quam</em></span> <span class='ocrx_word' id='word_1_189' title='bbox 2180 2077 2376 2138; x_wconf 82' lang='lat' dir='ltr'><em>Eccle-</em></span> 
     </span>
     <span class='ocr_line' id='line_1_21' title="bbox 230 2173 2377 2258; baseline 0 -25"><span class='ocrx_word' id='word_1_190' title='bbox 230 2175 312 2233; x_wconf 86' lang='lat' dir='ltr'><em>sia</em></span> <span class='ocrx_word' id='word_1_191' title='bbox 339 2173 599 2234; x_wconf 81' lang='lat' dir='ltr'><em>ostendit</em></span> <span class='ocrx_word' id='word_1_192' title='bbox 634 2186 920 2257; x_wconf 87' lang='lat' dir='ltr'><em>perpetua</em></span> <span class='ocrx_word' id='word_1_193' title='bbox 959 2198 1061 2235; x_wconf 89' lang='lat' dir='ltr'><em>sua</em></span> <span class='ocrx_word' id='word_1_194' title='bbox 1096 2176 1309 2258; x_wconf 79' lang='lat' dir='ltr'><em>agendi</em></span> <span class='ocrx_word' id='word_1_195' title='bbox 1347 2177 1610 2253; x_wconf 73' lang='lat' dir='ltr'><em>ratione,</em></span> <span class='ocrx_word' id='word_1_196' title='bbox 1658 2176 1733 2236; x_wconf 86' lang='lat' dir='ltr'><em>ab</em></span> <span class='ocrx_word' id='word_1_197' title='bbox 1774 2188 1943 2237; x_wconf 83' lang='lat' dir='ltr'><em>aetate</em></span> <span class='ocrx_word' id='word_1_198' title='bbox 1971 2174 2286 2258; x_wconf 84' lang='lat' dir='ltr'><em>apostolica</em></span> <span class='ocrx_word' id='word_1_199' title='bbox 2317 2187 2377 2234; x_wconf 90' lang='lat' dir='ltr'><em>et</em></span> 
     </span>
     <span class='ocr_line' id='line_1_22' title="bbox 229 2269 2375 2354; baseline -0 -24"><span class='ocrx_word' id='word_1_200' title='bbox 229 2269 433 2330; x_wconf 86' lang='lat' dir='ltr'><em>seculis</em></span> <span class='ocrx_word' id='word_1_201' title='bbox 470 2271 919 2353; x_wconf 88' lang='lat' dir='ltr'><em>insequentibus</em></span> <span class='ocrx_word' id='word_1_202' title='bbox 955 2293 1139 2354; x_wconf 87' lang='lat' dir='ltr'><em>usque</em></span> <span class='ocrx_word' id='word_1_203' title='bbox 1184 2272 1261 2331; x_wconf 87' lang='lat' dir='ltr'><em>ad</em></span> <span class='ocrx_word' id='word_1_204' title='bbox 1286 2296 1427 2349; x_wconf 67' lang='grc' dir='ltr'>ιιοε,</span> <span class='ocrx_word' id='word_1_205' title='bbox 1462 2285 1530 2332; x_wconf 90' lang='lat' dir='ltr'><em>ut</em></span> <span class='ocrx_word' id='word_1_206' title='bbox 1572 2284 1803 2332; x_wconf 88' lang='lat' dir='ltr'><em>constat</em></span> <span class='ocrx_word' id='word_1_207' title='bbox 1839 2294 1912 2339; x_wconf 88' lang='lat' dir='ltr'><em>ex</em></span> <span class='ocrx_word' id='word_1_208' title='bbox 1959 2272 2153 2331; x_wconf 89' lang='lat' dir='ltr'><em>omnis</em></span> <span class='ocrx_word' id='word_1_209' title='bbox 2189 2271 2375 2331; x_wconf 76' lang='lat' dir='ltr'><em>aetatis</em></span> 
     </span>
     <span class='ocr_line' id='line_1_23' title="bbox 230 2365 2458 2442; baseline 0.002 -17"><span class='ocrx_word' id='word_1_210' title='bbox 230 2365 619 2426; x_wconf 82' lang='lat' dir='ltr'><em>documentiS.</em></span> <span class='ocrx_word' id='word_1_211' title='bbox 643 2367 795 2427; x_wconf 90' lang='lat' dir='ltr'><em>Huic</em></span> <span class='ocrx_word' id='word_1_212' title='bbox 809 2367 970 2427; x_wconf 89' lang='lat' dir='ltr'><em>enim</em></span> <span class='ocrx_word' id='word_1_213' title='bbox 993 2368 1397 2428; x_wconf 83' lang='lat' dir='ltr'><em>infallibilitati</em></span> <span class='ocrx_word' id='word_1_214' title='bbox 1414 2369 1523 2428; x_wconf 88' lang='lat' dir='ltr'><em>sibi</em></span> <span class='ocrx_word' id='word_1_215' title='bbox 1548 2392 1580 2429; x_wconf 90' lang='lat' dir='ltr'><em>a</em></span> <span class='ocrx_word' id='word_1_216' title='bbox 1607 2369 1840 2429; x_wconf 84' lang='lat' dir='ltr'><em>Christo</em></span> <span class='ocrx_word' id='word_1_217' title='bbox 1864 2368 2097 2429; x_wconf 86' lang='lat' dir='ltr'><em>donatae</em></span> <span class='ocrx_word' id='word_1_218' title='bbox 2127 2369 2330 2426; x_wconf 84' lang='lat' dir='ltr'><em>innixa</em></span> <span class='ocrx_word' id='word_1_219' title='bbox 2353 2413 2368 2442; x_wconf 72' lang='grc'><em>,</em></span> <span class='ocrx_word' id='word_1_220' title='bbox 2454 2427 2458 2430; x_wconf 22' lang='lat'><strong>⁴</strong></span> 
     </span>
     <span class='ocr_line' id='line_1_24' title="bbox 230 2462 2373 2548; baseline -0 -27"><span class='ocrx_word' id='word_1_221' title='bbox 230 2462 476 2522; x_wconf 86' lang='lat' dir='ltr'><em>Ecclesia</em></span> <span class='ocrx_word' id='word_1_222' title='bbox 519 2485 726 2523; x_wconf 90' lang='lat' dir='ltr'><em>omnes</em></span> <span class='ocrx_word' id='word_1_223' title='bbox 771 2462 1110 2525; x_wconf 84' lang='lat' dir='ltr'><em>exorientes</em></span> <span class='ocrx_word' id='word_1_224' title='bbox 1148 2487 1375 2526; x_wconf 87' lang='lat' dir='ltr'><em>errores</em></span> <span class='ocrx_word' id='word_1_225' title='bbox 1422 2465 1644 2548; x_wconf 87' lang='lat' dir='ltr'><em>absque</em></span> <span class='ocrx_word' id='word_1_226' title='bbox 1687 2465 1809 2525; x_wconf 90' lang='lat' dir='ltr'><em>ullo</em></span> <span class='ocrx_word' id='word_1_227' title='bbox 1863 2464 2197 2525; x_wconf 87' lang='lat' dir='ltr'><em>discrimine</em></span> <span class='ocrx_word' id='word_1_228' title='bbox 2238 2485 2373 2544; x_wconf 91' lang='lat' dir='ltr'><em>pro-</em></span> 
     </span>
     <span class='ocr_line' id='line_1_25' title="bbox 230 2558 2374 2641; baseline -0 -24"><span class='ocrx_word' id='word_1_229' title='bbox 230 2558 460 2641; x_wconf 87' lang='lat' dir='ltr'><em>scripsit</em></span> <span class='ocrx_word' id='word_1_230' title='bbox 487 2606 504 2636; x_wconf 70' lang='lat'>,</span> <span class='ocrx_word' id='word_1_231' title='bbox 561 2561 876 2621; x_wconf 85' lang='lat' dir='ltr'><em>veritatem</em></span> <span class='ocrx_word' id='word_1_232' title='bbox 924 2563 1208 2637; x_wconf 67' lang='lat' dir='ltr'><em>asseruit,</em></span> <span class='ocrx_word' id='word_1_233' title='bbox 1256 2574 1631 2621; x_wconf 87' lang='lat' dir='ltr'><em>contumaces</em></span> <span class='ocrx_word' id='word_1_234' title='bbox 1686 2561 1957 2620; x_wconf 85' lang='lat' dir='ltr'><em>sectarios</em></span> <span class='ocrx_word' id='word_1_235' title='bbox 2011 2558 2374 2618; x_wconf 82' lang='lat' dir='ltr'><em>anathemati</em></span> 
     </span>
     <span class='ocr_line' id='line_1_26' title="bbox 230 2653 2374 2738; baseline -0.001 -25"><span class='ocrx_word' id='word_1_236' title='bbox 230 2653 515 2734; x_wconf 72' lang='lat' dir='ltr'><em>subjecit,</em></span> <span class='ocrx_word' id='word_1_237' title='bbox 541 2655 879 2738; x_wconf 86' lang='lat' dir='ltr'><em>incipiendo</em></span> <span class='ocrx_word' id='word_1_238' title='bbox 904 2679 935 2716; x_wconf 87' lang='lat' dir='ltr'><em>a</em></span> <span class='ocrx_word' id='word_1_239' title='bbox 958 2657 1289 2726; x_wconf 57' lang='lat' dir='ltr'><em>Nicolaitis,</em></span> <span class='ocrx_word' id='word_1_240' title='bbox 1318 2656 1670 2716; x_wconf 86' lang='lat' dir='ltr'><em>Simonianis</em></span> <span class='ocrx_word' id='word_1_241' title='bbox 1688 2700 1703 2730; x_wconf 74' lang='grc'><em>,</em></span> <span class='ocrx_word' id='word_1_242' title='bbox 1738 2654 2005 2730; x_wconf 82' lang='lat' dir='ltr'><em>DocetiS‚</em></span> <span class='ocrx_word' id='word_1_243' title='bbox 2038 2653 2374 2714; x_wconf 85' lang='lat' dir='ltr'><em>Cerinthia-</em></span> 
     </span>
     <span class='ocr_line' id='line_1_27' title="bbox 232 2749 2372 2836; baseline -0.001 -26"><span class='ocrx_word' id='word_1_244' title='bbox 232 2751 324 2811; x_wconf 91' lang='lat' dir='ltr'><em>nis</em></span> <span class='ocrx_word' id='word_1_245' title='bbox 349 2774 536 2836; x_wconf 89' lang='lat' dir='ltr'><em>usque</em></span> <span class='ocrx_word' id='word_1_246' title='bbox 559 2752 635 2812; x_wconf 88' lang='lat' dir='ltr'><em>ad</em></span> <span class='ocrx_word' id='word_1_247' title='bbox 662 2752 1025 2813; x_wconf 86' lang='lat' dir='ltr'><em>Lutheranos</em></span> <span class='ocrx_word' id='word_1_248' title='bbox 1041 2797 1058 2827; x_wconf 94' lang='lat'>,</span> <span class='ocrx_word' id='word_1_249' title='bbox 1084 2753 1450 2812; x_wconf 87' lang='lat' dir='ltr'><em>Reformatos</em></span> <span class='ocrx_word' id='word_1_250' title='bbox 1466 2797 1483 2829; x_wconf 91' lang='lat'>‚</span> <span class='ocrx_word' id='word_1_251' title='bbox 1514 2760 1908 2834; x_wconf 86' lang='lat' dir='ltr'><em>protestantes</em></span> <span class='ocrx_word' id='word_1_252' title='bbox 1938 2772 2072 2809; x_wconf 90' lang='lat' dir='ltr'><em>cum</em></span> <span class='ocrx_word' id='word_1_253' title='bbox 2097 2749 2372 2809; x_wconf 89' lang='lat' dir='ltr'><em>omnibus</em></span> 
     </span>
     <span class='ocr_line' id='line_1_28' title="bbox 234 2849 648 2910; baseline 0.005 -2"><span class='ocrx_word' id='word_1_254' title='bbox 234 2849 477 2910; x_wconf 89' lang='lat' dir='ltr'><em>surculis</em></span> <span class='ocrx_word' id='word_1_255' title='bbox 508 2850 648 2910; x_wconf 82' lang='lat' dir='ltr'><em>suiS.</em></span> 
     </span>
    </p>

    <p class='ocr_par' dir='ltr' id='par_1_4' title="bbox 318 2941 2373 3029">
     <span class='ocr_line' id='line_1_29' title="bbox 318 2941 2373 3029; baseline -0.001 -26"><span class='ocrx_word' id='word_1_256' title='bbox 318 2943 458 3004; x_wconf 82' lang='lat'><em>359.</em></span> <span class='ocrx_word' id='word_1_257' title='bbox 509 2948 654 3020; x_wconf 75' lang='lat' dir='ltr'><em>Quae</em></span> <span class='ocrx_word' id='word_1_258' title='bbox 677 2968 812 3006; x_wconf 90' lang='lat' dir='ltr'><em>cum</em></span> <span class='ocrx_word' id='word_1_259' title='bbox 847 2947 927 3006; x_wconf 87' lang='lat' dir='ltr'><em>ita</em></span> <span class='ocrx_word' id='word_1_260' title='bbox 954 2967 1017 3006; x_wconf 88' lang='lat' dir='ltr'><em>se</em></span> <span class='ocrx_word' id='word_1_261' title='bbox 1053 2944 1315 3006; x_wconf 86' lang='lat' dir='ltr'><em>habeant</em></span> <span class='ocrx_word' id='word_1_262' title='bbox 1335 2991 1351 3022; x_wconf 75' lang='grc'><em>,</em></span> <span class='ocrx_word' id='word_1_263' title='bbox 1381 2956 1580 3029; x_wconf 84' lang='lat' dir='ltr'><em>patet,</em></span> <span class='ocrx_word' id='word_1_264' title='bbox 1618 2943 1776 3028; x_wconf 90' lang='lat' dir='ltr'><em>quod</em></span> <span class='ocrx_word' id='word_1_265' title='bbox 1800 2943 1874 3004; x_wconf 86' lang='lat' dir='ltr'><em>ab</em></span> <span class='ocrx_word' id='word_1_266' title='bbox 1899 2944 2085 3004; x_wconf 87' lang='lat' dir='ltr'><em>initio</em></span> <span class='ocrx_word' id='word_1_267' title='bbox 2111 2941 2373 3025; x_wconf 87' lang='lat' dir='ltr'><em>proban-</em></span> 
     </span>
    </p>
   </div>
   <div class='ocr_carea' id='block_1_3' title="bbox 243 3236 2371 3304">
    <p class='ocr_par' dir='ltr' id='par_1_5' title="bbox 243 3236 2371 3304">
     <span class='ocr_line' id='line_1_30' title="bbox 243 3236 2371 3304; baseline 0 -18"><span class='ocrx_word' id='word_1_268' title='bbox 243 3266 246 3269; x_wconf 93' lang='lat'>·</span> <span class='ocrx_word' id='word_1_269' title='bbox 307 3238 374 3303; x_wconf 84' lang='grc'><em>(1)</em></span> <span class='ocrx_word' id='word_1_270' title='bbox 407 3238 510 3289; x_wconf 89' lang='lat' dir='ltr'><em>Lib.</em></span> <span class='ocrx_word' id='word_1_271' title='bbox 534 3238 608 3288; x_wconf 88' lang='lat' dir='ltr'><em>De</em></span> <span class='ocrx_word' id='word_1_272' title='bbox 625 3242 750 3290; x_wconf 85' lang='lat' dir='ltr'><em>unit.</em></span> <span class='ocrx_word' id='word_1_273' title='bbox 767 3239 821 3290; x_wconf 91' lang='lat' dir='ltr'><em>E</em></span> <span class='ocrx_word' id='word_1_274' title='bbox 821 3238 959 3291; x_wconf 82' lang='lat' dir='ltr'><em>celes.</em></span> <span class='ocrx_word' id='word_1_275' title='bbox 977 3241 1089 3289; x_wconf 82' lang='lat' dir='ltr'><em>edit.</em></span> <span class='ocrx_word' id='word_1_276' title='bbox 1106 3239 1261 3289; x_wconf 86' lang='lat' dir='ltr'><em>Maur.</em></span> <span class='ocrx_word' id='word_1_277' title='bbox 1417 3240 1480 3303; x_wconf 68' lang='lat' dir='ltr'><em>(lo)</em></span> <span class='ocrx_word' id='word_1_278' title='bbox 1506 3239 1692 3290; x_wconf 88' lang='lat' dir='ltr'><em>Comm.</em></span> <span class='ocrx_word' id='word_1_279' title='bbox 1710 3241 1764 3286; x_wconf 84' lang='lat' dir='ltr'><em>in</em></span> <span class='ocrx_word' id='word_1_280' title='bbox 1777 3237 1908 3289; x_wconf 76' lang='lat' dir='ltr'><em>lsai.</em></span> <span class='ocrx_word' id='word_1_281' title='bbox 1924 3238 2016 3287; x_wconf 88' lang='lat' dir='ltr'><em>lib.</em></span> <span class='ocrx_word' id='word_1_282' title='bbox 2033 3252 2148 3298; x_wconf 83' lang='lat' dir='ltr'><em>xvn,</em></span> <span class='ocrx_word' id='word_1_283' title='bbox 2161 3255 2269 3304; x_wconf 88' lang='lat' dir='ltr'><em>cap.</em></span> <span class='ocrx_word' id='word_1_284' title='bbox 2283 3236 2371 3298; x_wconf 88' lang='lat'><em>60,</em></span> 
     </span>
    </p>
   </div>
   <div class='ocr_carea' id='block_1_4' title="bbox 236 3319 2376 3724">
    <p class='ocr_par' dir='ltr' id='par_1_6' title="bbox 236 3319 1956 3390">
     <span class='ocr_line' id='line_1_31' title="bbox 236 3319 1956 3390; baseline 0.001 -20"><span class='ocrx_word' id='word_1_285' title='bbox 236 3341 340 3388; x_wconf 81' lang='lat' dir='ltr'><em>pag.</em></span> <span class='ocrx_word' id='word_1_286' title='bbox 371 3319 482 3388; x_wconf 84' lang='lat'><em>195.</em></span> <span class='ocrx_word' id='word_1_287' title='bbox 1348 3323 1469 3373; x_wconf 84' lang='lat' dir='ltr'><em>ibid.</em></span> <span class='ocrx_word' id='word_1_288' title='bbox 1488 3334 1605 3373; x_wconf 88' lang='lat' dir='ltr'><em>tom.</em></span> <span class='ocrx_word' id='word_1_289' title='bbox 1621 3337 1694 3386; x_wconf 78' lang='lat' dir='ltr'><em>lv,</em></span> <span class='ocrx_word' id='word_1_290' title='bbox 1713 3340 1820 3389; x_wconf 86' lang='lat' dir='ltr'><em>pag.</em></span> <span class='ocrx_word' id='word_1_291' title='bbox 1839 3339 1956 3390; x_wconf 86' lang='lat'><strong>7¹9·</strong></span> 
     </span>
    </p>

    <p class='ocr_par' dir='ltr' id='par_1_7' title="bbox 238 3402 2370 3557">
     <span class='ocr_line' id='line_1_32' title="bbox 306 3402 2370 3472; baseline -0 -20"><span class='ocrx_word' id='word_1_292' title='bbox 306 3404 378 3470; x_wconf 78' lang='lat'><em>(2)</em></span> <span class='ocrx_word' id='word_1_293' title='bbox 413 3405 470 3452; x_wconf 89' lang='lat' dir='ltr'><em>In</em></span> <span class='ocrx_word' id='word_1_294' title='bbox 490 3402 630 3455; x_wconf 86' lang='lat' dir='ltr'><em>Dial.</em></span> <span class='ocrx_word' id='word_1_295' title='bbox 670 3407 782 3456; x_wconf 81' lang='lat' dir='ltr'><em>adv.</em></span> <span class='ocrx_word' id='word_1_296' title='bbox 821 3405 1042 3472; x_wconf 83' lang='lat' dir='ltr'><em>Lucifer.</em></span> <span class='ocrx_word' id='word_1_297' title='bbox 1072 3424 1125 3456; x_wconf 90' lang='lat' dir='ltr'><em>n.</em></span> <span class='ocrx_word' id='word_1_298' title='bbox 1156 3422 1218 3471; x_wconf 81' lang='lat'><em>²7</em></span> <span class='ocrx_word' id='word_1_299' title='bbox 1249 3444 1262 3468; x_wconf 90' lang='lat'>‚</span> <span class='ocrx_word' id='word_1_300' title='bbox 1419 3407 1487 3472; x_wconf 79' lang='lat'><em>(5)</em></span> <span class='ocrx_word' id='word_1_301' title='bbox 1519 3405 1678 3457; x_wconf 85' lang='lat' dir='ltr'><em>Serm.</em></span> <span class='ocrx_word' id='word_1_302' title='bbox 1706 3423 1723 3454; x_wconf 92' lang='lat'>1</span> <span class='ocrx_word' id='word_1_303' title='bbox 1751 3444 1764 3467; x_wconf 89' lang='lat'>‚</span> <span class='ocrx_word' id='word_1_304' title='bbox 1794 3406 1851 3454; x_wconf 86' lang='lat' dir='ltr'><em>de</em></span> <span class='ocrx_word' id='word_1_305' title='bbox 1877 3403 2044 3472; x_wconf 78' lang='lat' dir='ltr'><em>Symh.</em></span> <span class='ocrx_word' id='word_1_306' title='bbox 2069 3405 2135 3454; x_wconf 83' lang='lat' dir='ltr'><em>ad</em></span> <span class='ocrx_word' id='word_1_307' title='bbox 2174 3403 2370 3454; x_wconf 76' lang='lat' dir='ltr'><em>Cateoh.</em></span> 
     </span>
     <span class='ocr_line' id='line_1_33' title="bbox 238 3487 1765 3557; baseline -0.001 -19"><span class='ocrx_word' id='word_1_308' title='bbox 238 3489 351 3538; x_wconf 82' lang='lat' dir='ltr'><em>edit.</em></span> <span class='ocrx_word' id='word_1_309' title='bbox 386 3487 584 3537; x_wconf 84' lang='lat' dir='ltr'><em>Vallars.</em></span> <span class='ocrx_word' id='word_1_310' title='bbox 615 3499 729 3538; x_wconf 91' lang='lat' dir='ltr'><em>tom.</em></span> <span class='ocrx_word' id='word_1_311' title='bbox 752 3507 787 3538; x_wconf 84' lang='lat'><em>11</em></span> <span class='ocrx_word' id='word_1_312' title='bbox 808 3529 822 3551; x_wconf 93' lang='lat'>,</span> <span class='ocrx_word' id='word_1_313' title='bbox 863 3509 970 3557; x_wconf 83' lang='lat' dir='ltr'><em>pag.</em></span> <span class='ocrx_word' id='word_1_314' title='bbox 1006 3506 1123 3538; x_wconf 85' lang='lat'><em>201.</em></span> <span class='ocrx_word' id='word_1_315' title='bbox 1350 3507 1457 3555; x_wconf 84' lang='lat' dir='ltr'><em>cap.</em></span> <span class='ocrx_word' id='word_1_316' title='bbox 1481 3507 1566 3552; x_wconf 76' lang='lat' dir='ltr'><em>vr,</em></span> <span class='ocrx_word' id='word_1_317' title='bbox 1599 3508 1650 3539; x_wconf 88' lang='lat' dir='ltr'><em>n.</em></span> <span class='ocrx_word' id='word_1_318' title='bbox 1690 3487 1765 3537; x_wconf 88' lang='lat'><em>15.</em></span> 
     </span>
    </p>

    <p class='ocr_par' dir='ltr' id='par_1_8' title="bbox 238 3569 2376 3724">
     <span class='ocr_line' id='line_1_34' title="bbox 309 3569 2376 3639; baseline -0.003 -16"><span class='ocrx_word' id='word_1_319' title='bbox 309 3571 374 3639; x_wconf 86' lang='lat'><em>(3)</em></span> <span class='ocrx_word' id='word_1_320' title='bbox 414 3572 682 3622; x_wconf 80' lang='lat' dir='ltr'><em>Comment.</em></span> <span class='ocrx_word' id='word_1_321' title='bbox 725 3576 780 3621; x_wconf 83' lang='lat' dir='ltr'><em>in</em></span> <span class='ocrx_word' id='word_1_322' title='bbox 811 3577 964 3624; x_wconf 82' lang='lat' dir='ltr'><em>Amos</em></span> <span class='ocrx_word' id='word_1_323' title='bbox 990 3613 1003 3635; x_wconf 94' lang='lat'><strong>‚</strong></span> <span class='ocrx_word' id='word_1_324' title='bbox 1041 3574 1131 3623; x_wconf 87' lang='lat' dir='ltr'><em>lib.</em></span> <span class='ocrx_word' id='word_1_325' title='bbox 1172 3589 1221 3622; x_wconf 83' lang='lat' dir='ltr'><em>m</em></span> <span class='ocrx_word' id='word_1_326' title='bbox 1248 3612 1261 3628; x_wconf 83' lang='grc'>,</span> <span class='ocrx_word' id='word_1_327' title='bbox 1420 3572 1482 3637; x_wconf 84' lang='grc'><em>(6)</em></span> <span class='ocrx_word' id='word_1_328' title='bbox 1518 3572 1607 3637; x_wconf 81' lang='lat' dir='ltr'><em>Qui</em></span> <span class='ocrx_word' id='word_1_329' title='bbox 1626 3573 1757 3637; x_wconf 81' lang='lat' dir='ltr'><em>plura</em></span> <span class='ocrx_word' id='word_1_330' title='bbox 1783 3573 2162 3637; x_wconf 80' lang='lat' dir='ltr'><em>cupit,consulat</em></span> <span class='ocrx_word' id='word_1_331' title='bbox 2185 3569 2376 3618; x_wconf 84' lang='lat' dir='ltr'><em>Walen-</em></span> 
     </span>
     <span class='ocr_line' id='line_1_35' title="bbox 238 3654 2373 3724; baseline -0.002 -19"><span class='ocrx_word' id='word_1_332' title='bbox 238 3674 342 3724; x_wconf 85' lang='lat' dir='ltr'><em>cap.</em></span> <span class='ocrx_word' id='word_1_333' title='bbox 375 3674 442 3724; x_wconf 80' lang='lat'><em>93</em></span> <span class='ocrx_word' id='word_1_334' title='bbox 479 3654 604 3706; x_wconf 82' lang='lat' dir='ltr'><em>Ibid.</em></span> <span class='ocrx_word' id='word_1_335' title='bbox 634 3667 746 3706; x_wconf 81' lang='lat' dir='ltr'><em>tom.</em></span> <span class='ocrx_word' id='word_1_336' title='bbox 769 3675 814 3706; x_wconf 77' lang='lat' dir='ltr'><em>vi</em></span> <span class='ocrx_word' id='word_1_337' title='bbox 831 3694 843 3714; x_wconf 92' lang='lat'><em>‚</em></span> <span class='ocrx_word' id='word_1_338' title='bbox 869 3676 972 3723; x_wconf 80' lang='lat' dir='ltr'><em>pag.</em></span> <span class='ocrx_word' id='word_1_339' title='bbox 1009 3655 1126 3708; x_wconf 85' lang='lat'><em>358.</em></span> <span class='ocrx_word' id='word_1_340' title='bbox 1352 3658 1593 3721; x_wconf 67' lang='lat' dir='ltr'><em>but-giem,</em></span> <span class='ocrx_word' id='word_1_341' title='bbox 1616 3659 1667 3704; x_wconf 91' lang='lat' dir='ltr'><em>in</em></span> <span class='ocrx_word' id='word_1_342' title='bbox 1694 3666 1829 3705; x_wconf 80' lang='lat' dir='ltr'><em>tract.</em></span> <span class='ocrx_word' id='word_1_343' title='bbox 1849 3655 1922 3705; x_wconf 87' lang='lat' dir='ltr'><em>De</em></span> <span class='ocrx_word' id='word_1_344' title='bbox 1929 3664 2164 3723; x_wconf 82' lang='lat' dir='ltr'><em>perpetua</em></span> <span class='ocrx_word' id='word_1_345' title='bbox 2180 3654 2373 3720; x_wconf 80' lang='lat' dir='ltr'><em>probat.</em></span> 
     </span>
    </p>
   </div>
   <div class='ocr_carea' id='block_1_5' title="bbox 1350 3738 2258 3806">
    <p class='ocr_par' dir='ltr' id='par_1_9' title="bbox 1350 3738 2258 3806">
     <span class='ocr_line' id='line_1_36' title="bbox 1350 3738 2258 3806; baseline -0.003 -19"><span class='ocrx_word' id='word_1_346' title='bbox 1350 3738 1470 3803; x_wconf 82' lang='lat' dir='ltr'><em>fidei</em></span> <span class='ocrx_word' id='word_1_347' title='bbox 1494 3756 1589 3806; x_wconf 80' lang='lat' dir='ltr'><em>per</em></span> <span class='ocrx_word' id='word_1_348' title='bbox 1617 3748 1784 3800; x_wconf 84' lang='lat' dir='ltr'><em>testes,</em></span> <span class='ocrx_word' id='word_1_349' title='bbox 1819 3758 1924 3805; x_wconf 84' lang='lat' dir='ltr'><em>cap.</em></span> <span class='ocrx_word' id='word_1_350' title='bbox 1956 3755 2016 3804; x_wconf 83' lang='lat'><em>27</em></span> <span class='ocrx_word' id='word_1_351' title='bbox 2047 3745 2095 3787; x_wconf 87' lang='lat' dir='ltr'><em>et</em></span> <span class='ocrx_word' id='word_1_352' title='bbox 2126 3754 2258 3803; x_wconf 83' lang='lat' dir='ltr'><em>seqq.</em></span> 
     </span>
    </p>
   </div>
  </div>
 </body>
</html>
