2514 4218
1147 23 1169 57 θ

302 134 423 195 352

920 156 1116 194 TRACT.
1164 159 1233 194 BR
1276 158 1426 197 touls
1470 161 1847 202 ’rflssomalms-

307 297 579 373 Accedit,
607 297 847 356 Petrum
878 319 998 355 non
1029 297 1289 378 potuisse
1310 295 1384 356 ab
1409 299 1658 361 Ecclesia
1678 304 2000 385 primatum
2023 304 2441 383 jurisdictionis

308 395 569 476 accipere
593 439 608 468 a
661 415 794 452 cum
824 391 1111 473 ‘nondum
1158 394 1466 471 existeret,
1514 395 1619 455 sed
1645 397 1836 459 adhuc
1864 412 2014 460 esset
2063 401 2440 479 aedificanda3

299 491 531 550 etenim
566 489 751 548 solum
791 500 924 571 post
961 488 1176 548 Christi
1199 490 1263 548 in
1286 489 1462 550 coelos
1492 512 1799 553 ascensum
1820 539 1837 569 ,
1884 497 1969 554 uti
2011 496 2150 557 alias
2170 499 2445 559 animad-

307 587 594 649 vertimus
619 632 633 660 7
667 585 903 668 proprie
941 585 1192 645 Ecclesia
1241 607 1364 645 esse
1399 587 1602 668 coepit.

391 682 531 742 519.
578 685 707 740 ⁴Imo
724 693 783 741 et
806 680 954 740 illud
977 680 1418 742 observandum
1430 693 1522 741 est
1540 727 1555 756 ,
1578 693 1814 759 tantum
1825 682 2028 744 abesse
2055 728 2074 761 9
2099 698 2166 746 ut
2182 688 2446 749 Christus

308 779 630 862 primatum
663 780 834 837 Petro
875 777 1194 837 contulerit
1228 777 1532 838 mediante
1577 778 1853 856 Ecclesia,
1884 801 1948 839 ac
1987 793 2301 864 propterea
2336 788 2447 845 Pe-

307 886 434 933 trus
481 872 556 933 ab
580 873 828 933 Ecclesia
855 872 1197 934 immediate
1214 873 1690 952 jurisdictionem
1711 888 2052 936 consecutus
2079 878 2155 936 sit
2197 878 2446 941 aliamve

303 973 790 1054 praerogativam,
826 981 893 1028 ut
924 970 1121 1052 potius
1152 991 1184 1029 e
1205 992 1492 1040 converso
1533 970 1801 1031 Christus
1831 974 2100 1033 statuerit
2132 973 2448 1034 Ecclesiam

309 1066 584 1128 omnibus
602 1067 717 1126 suis
743 1066 962 1147 fulgere
993 1065 1229 1127 dotibus
1259 1088 1325 1127 ac
1342 1068 1746 1149 praerogativis
1776 1068 2075 1130 mediante
2110 1073 2284 1132 Petro
2303 1118 2319 1147 ‚
2344 1093 2448 1133 seu

308 1357 433 1407 Edit.
466 1356 622 1423 Rigal.
653 1374 756 1423 pag.
793 1354 913 1424 496.
950 1355 1003 1406 S.
1045 1355 1335 1423 Cyprianus,

310 1444 441 1507 epist.
461 1456 603 1490 txxtu
626 1457 639 1490 :
662 1439 771 1507 Quo
790 1451 1020 1490 venturus
1044 1449 1131 1502 est,
1153 1442 1335 1503 scribit,

308 1525 397 1589 qui
422 1524 587 1576 sitit...
608 1541 675 1572 an
687 1521 753 1571 ad
770 1521 1040 1573 Ecclesiam
1058 1560 1071 1583 ,
1111 1541 1216 1588 quoe
1232 1541 1340 1573 una

311 1614 383 1655 est
406 1615 450 1655 et
484 1623 628 1674 super
649 1623 804 1654 unum
824 1645 836 1667 ‚
856 1605 942 1671 qui
969 1614 1014 1654 et
1043 1605 1199 1655 claves
1234 1609 1339 1674 ejus

310 1692 526 1758 accepit,
579 1689 795 1738 Domini
833 1706 940 1738 voce
973 1690 1184 1754 fundata
1222 1695 1340 1739 est?

309 1771 438 1821 Edit.
474 1771 625 1821 Maur.
658 1788 765 1837 pag.
804 1773 917 1821 132.
957 1772 1255 1822 Firmilianus
1289 1775 1340 1822 in

302 1857 444 1920 epist.
463 1855 520 1903 ad
537 1853 757 1920 Cyprian.
786 1854 926 1903 Hinc
946 1854 1158 1920 intelliqi
1162 1864 1335 1922 potest,

305 1938 436 2004 ,quod
452 1938 544 1987 soli
558 1939 707 1987 Petro
725 1937 948 1987 Christus
968 1939 1152 1988 dixerit
1173 1957 1186 1990 z
1205 1957 1337 2005 quoe-

307 2038 512 2088 cumque
524 2022 775 2087 liqaveris‚
793 2034 880 2072 etc.
899 2023 1022 2073 Ibid.
1040 2026 1176 2090 epist.
1196 2041 1334 2085 mxxv,

309 2124 416 2172 pag.
432 2104 765 2172 148.OptatuS‚
784 2107 871 2156 lib.
899 2125 996 2156 vn:
1019 2108 1085 2157 B.
1104 2104 1336 2158 Petrus...

308 2189 465 2240 &laves
487 2190 626 2254 reqni
656 2187 879 2237 coelorum
905 2190 1337 2239 communicandas

309 2274 496 2322 caeteris
534 2271 663 2320 solus
688 2274 889 2339 accepit.
929 2273 1055 2321 Edit.
1089 2273 1333 2339 Albaspin.

307 2374 415 2422 pag.
458 2371 566 2420 107.
608 2353 660 2405 S.
705 2355 996 2421 Augustinus
1014 2391 1030 2420 ‚
1061 2356 1139 2405 De
1182 2356 1333 2424 Bapt.

309 2446 474 2487 contra
490 2436 736 2487 Donatist.
765 2439 849 2487 lib.
877 2456 930 2486 ιιι
948 2475 961 2502 ,
981 2457 1083 2505 cap.
1110 2457 1130 2493 ι
1159 2476 1174 2500 ,
1203 2459 1255 2489 ιι.
1281 2457 1334 2504 2,

310 2522 471 2570 scribit
506 2539 519 2569 ε
558 2520 689 2569 Eece
731 2521 820 2569 ubi
857 2530 1191 2570 commemorat
1234 2521 1332 2588 Cy-

301 2607 574 2672 prianus...
597 2602 883 2669 Apostolum
904 2602 1103 2653 Petrum
1127 2643 1140 2664 ‚
1158 2607 1216 2653 in
1241 2623 1335 2670 quo

300 2688 548 2754 primatus
574 2683 915 2752 Apostolorum
946 2694 1044 2733 tam
1078 2685 1335 2736 excellenti

307 2771 470 2835 qratia
493 2769 822 2835 praeeminet..
856 2786 886 2815 a
903 2770 1167 2834 posteriore
1196 2767 1334 2835 Apo-

308 2852 423 2901 stolo
453 2850 609 2901 Paulo
640 2867 738 2899 esse
775 2859 1069 2900 correctum..
1110 2850 1334 2900 Ceterum

309 2936 466 2999 maqis
482 2939 639 2983 vereri
665 2933 805 2983 debeo
824 2972 837 2995 ‚
855 2951 918 2982 ne
935 2936 992 2982 in
1006 2932 1206 2984 Petrum
1219 2951 1334 2984 con-

310 3017 589 3065 tumeliosus
619 3020 838 3066 existam.
857 3017 983 3083 Quis
998 3019 1129 3065 enim
1150 3019 1304 3066 nescit
1315 3057 1333 3080 ‚

310 3099 450 3148 illum
505 3101 794 3168 apostolatus
830 3102 1172 3169 principatum
1227 3105 1334 3151 eui-

310 3182 423 3231 libet
475 3184 773 3251 episcopatui
822 3185 1181 3251 proeferendum
1207 3189 1231 3233 P
1277 3186 1335 3234 Et

315 3266 484 3316 Contr.
517 3266 638 3314 duas
661 3272 804 3333 epist.
838 3266 1110 3315 Gaudentii
1129 3303 1143 3331 ,
1175 3267 1262 3318 lib.
1296 3285 1331 3330 1,

310 3365 414 3415 cap.
452 3349 508 3397 31
549 3386 561 3408 ‚
589 3366 638 3398 n.
669 3351 735 3415 39
768 3367 782 3398 ε
820 3350 1110 3415 Numquid,
1137 3353 1294 3416 inquit
1316 3388 1332 3413 ,

309 3430 478 3480 melior
500 3431 684 3480 Razias
701 3469 714 3492 ‚
752 3450 898 3497 quam
927 3431 1103 3483 Petrus
1130 3432 1335 3499 Aposto-

310 3513 387 3563 lus
406 3553 419 3576 ,
439 3517 540 3581 qui,
564 3515 808 3572 ubidiscit,
840 3524 894 3562 tu
915 3533 962 3564 es
991 3516 1212 3566 Christus
1237 3514 1328 3565 Fi-

311 3597 409 3647 lius
438 3598 543 3647 Dei
571 3600 674 3647 vivi
690 3637 703 3659 ‚
746 3608 843 3648 tam
878 3600 1044 3649 beatus
1070 3618 1100 3649 a
1127 3598 1333 3649 Domino

311 3679 577 3748 appellatus
593 3689 686 3743 est,
705 3691 755 3730 ut
772 3681 923 3731 claves
942 3685 1085 3748 requi
1107 3681 1335 3732 coelorum

1422 1359 1646 1425 accipere
1682 1365 1986 1408 mereretur?
2014 1360 2119 1410 Nec
2144 1370 2306 1412 tamen
2342 1366 2449 1416 ideo

1421 1441 1637 1490 creditur
1669 1442 1941 1490 imitandus
1961 1481 1974 1504 ‚
2016 1444 2105 1493 ubi
2135 1462 2247 1493 mox
2287 1448 2448 1497 eodem

1422 1532 1657 1573 momento
1691 1525 2007 1592 reprehensus
2038 1526 2263 1579 audivit:
2307 1529 2450 1580 Vade

1413 1615 1524 1673 post
1546 1625 1636 1665 me,
1660 1604 1849 1659 Satana
1863 1625 1885 1670 ,·
1900 1625 1999 1656 non
2016 1611 2148 1657 enim
2159 1613 2313 1677 sapis,
2340 1631 2445 1678 quoe

1422 1687 1518 1744 Dei
1538 1699 1682 1751 sunt,
1721 1688 1805 1738 sed
1827 1707 1934 1755 quoe
1956 1690 2243 1744 hominum.
2273 1695 2449 1746 Eadem

1422 1772 1599 1821 habent
1617 1760 1920 1838 &Gregorius
1940 1773 2103 1823 M.lib.
2134 1793 2181 1835 v,
2207 1780 2345 1841 epist.
2367 1796 2444 1839 xx,

1422 1857 1512 1905 col.
1561 1855 1693 1923 748,
1742 1856 1852 1905 edit.
1891 1856 2045 1905 Maur.
2074 1872 2088 1919 3
2120 1856 2168 1907 S.
2202 1858 2409 1909 Hilarius
2429 1898 2445 1922 ,

1420 1941 1471 1987 in
1507 1938 1674 1987 Matth.
1707 1956 1819 2000 xw3
1842 1937 1893 1988 S.
1922 1937 2203 1989 Ambrosius
2224 1978 2238 2002 ,
2269 1942 2352 1990 lib.
2375 1940 2448 1991 De

1419 2022 1588 2081 Isaac,
1614 2039 1719 2087 cap.
1772 2022 1835 2084 3,
1876 2040 1928 2071 n.
1977 2038 2070 2083 ιο,
2111 2021 2234 2072 circa
2269 2024 2447 2089 finem3

1419 2104 1471 2154 S.
1520 2105 1665 2154 Joan.
1709 2104 2064 2172 Chrysostomus
2081 2143 2095 2168 ,
2138 2108 2189 2154 in
2231 2123 2335 2173 cap.
2384 2122 2444 2156 21

1419 2185 1562 2238 Joan.
1588 2205 1602 2251 3
1632 2186 1683 2236 S.
1713 2186 2001 2254 Epiphanius
2025 2224 2040 2247 ‚
2066 2190 2117 2236 in
2154 2189 2406 2238 Ancorato
2428 2227 2442 2251 ‚

1418 2288 1470 2321 n.
1501 2290 1568 2340 9,
1605 2273 1719 2323 edit.
1761 2272 1912 2322 Petav.
1963 2284 2082 2323 tom.
2125 2277 2188 2336 ιἰ,
2230 2292 2333 2340 pag.
2372 2264 2447 2324 15.

1418 2355 1595 2405 Verum
1609 2356 1682 2404 his
1705 2356 1902 2422 aliisque
1930 2358 2109 2405 omissis
2133 2392 2148 2416 ,
2182 2375 2242 2406 ne
2268 2357 2450 2423 longior

1419 2441 1526 2500 sim,
1543 2439 1675 2488 lubet
1696 2441 1921 2488 rationem
1941 2440 2125 2500 afferre,
2151 2457 2294 2505 quare
2313 2440 2446 2489 Petro

1418 2521 1567 2570 claves
1597 2524 1726 2587 regni
1759 2521 1979 2570 coelorum
2023 2523 2177 2586 potius
2213 2521 2329 2570 datae
2356 2524 2449 2570 sint

1418 2608 1564 2671 quam
1616 2605 1744 2653 alteri
1789 2603 2115 2668 Apostolorum
2146 2641 2160 2663 ‚
2209 2620 2448 2670 quamque

1418 2686 1608 2736 exhibet
1628 2686 1854 2752 Eulogius
1883 2683 2027 2736 Alex..
2045 2686 2170 2751 apud
2193 2684 2410 2734 Photium
2429 2721 2444 2747 ‚

1416 2772 1468 2818 in
1495 2767 1832 2829 Bibliotheca,
1867 2769 1972 2817 cod.
2009 2784 2214 2830 cmxxx,
2255 2768 2341 2817 lib.
2377 2781 2410 2816 n
2431 2805 2445 2829 ,

1415 2860 1584 2901 contra
1625 2851 1894 2900 Novatian.
1937 2847 2056 2899 Ideo
2077 2888 2092 2912 ,
2140 2853 2329 2918 inquit,
2359 2866 2447 2898 nec

1416 2934 1609 2984 Joanni
1642 2951 1728 2982 nec
1768 2933 1910 2982 alteri
1943 2935 2172 2998 cuiquam
2204 2931 2445 2998 discipulo

1417 3019 1547 3066 dixit
1566 3012 1820 3069 Salvator:
1847 3014 1963 3067 Tibi
1981 3016 2104 3065 dabo
2129 3015 2285 3064 claves
2308 3017 2450 3082 requi

1418 3102 1647 3152 coelorum
1667 3140 1681 3162 ‚
1713 3100 1797 3150 sed
1820 3099 1912 3149 soli
1923 3097 2065 3148 Petro
2088 3138 2101 3160 ,
2130 3101 2215 3164 qui
2233 3117 2343 3147 eum
2359 3117 2446 3148 ne-

1415 3195 1619 3252 qaturus
1643 3192 1783 3244 erat,
1807 3191 1851 3231 et
1872 3192 2124 3248 peceatum
2150 3182 2379 3248 lacrymis
2401 3191 2450 3231 et

1409 3269 1702 3335 poenitentia
1728 3267 2041 3331 expiaturus,
2082 3274 2131 3313 ut
2170 3282 2257 3313 suo
2289 3266 2446 3331 ipsius

1418 3350 1631 3417 exenzplo
1662 3365 1774 3414 erqa
1798 3356 2069 3413 pecartores
2098 3348 2359 3394 humanior
2371 3362 2444 3393 es·

1418 3442 1506 3483 set.
1542 3431 1659 3483 Alii
1690 3431 1822 3478 enim
1859 3447 1957 3478 non
1984 3430 2154 3478 tentati
2168 3429 2338 3495 forsan
2375 3444 2445 3475 se-

1415 3518 1576 3567 verius
1593 3531 1704 3563 cum
1718 3513 2050 3580 peccatoribus
2066 3513 2290 3578 eqissent.
2324 3510 2448 3558 Edit.

1419 3599 1541 3649 And.
1561 3595 2001 3649 ScottiS.J.Colon.
2028 3595 2112 3646 161
2132 3613 2177 3658 ι,
2191 3589 2444 3659 col.1599.
