2514 4218
2041 173 2157 234 431

274 202 436 240 PART.
484 201 529 236 1·
574 199 729 237 S‘EGT.
776 198 836 237 11.
886 199 1008 236 GAP.
1057 198 1143 236 111.
1193 197 1262 234 DE
1305 194 1433 235 NA'r.
1485 198 1550 233 ET
1594 196 1716 235 JUR.
1766 197 1921 236 Pam.

34 345 198 405 tificis
230 340 691 425 praeeminentia.
734 342 885 399 Nam
926 337 1427 422 quemadmodum
1450 337 1511 396 in
1540 359 1657 396 una
1696 336 1930 398 dioecesi
1957 336 2163 397 multae

32 439 299 523 paroeciae
353 447 530 511 sunt,
577 456 704 518 quae
743 437 1050 518 proprium
1095 444 1391 516 pastorem
1443 429 1702 507 habent,
1746 441 1921 492 nemo
1961 444 2167 493 tamen

31 532 431 594 immediatam
476 552 540 590 ac
597 530 952 590 ordinariam
986 530 1071 602 ¹in
1129 529 1386 608 singulos
1439 550 1556 588 suae
1607 527 1919 588 dioeceseos
1961 528 2165 589 fideles

21 627 491 710 jurisdictionem
525 626 806 709 Episcopo
846 625 1172 698 inficiatur,
1213 635 1271 683 et
1306 623 1485 683 nullae
1523 622 1990 706 perturbationes
2023 645 2166 706 per-

31 725 420 784 timescuntur
438 767 453 797 ‚
480 723 559 781 sic
587 721 763 781 nullae
790 717 1270 804 pertimescendae
1296 730 1437 778 sunt
1463 719 1524 777 in
1554 740 1687 778 casu
1717 729 1938 778 nostro,

118 819 256 877 619.
305 817 398 876 Ad
441 816 555 893 3¹¹¹,
611 816 763 897 Ney.
832 818 944 891 Res
997 813 1158 873 enim
1198 813 1366 874 aliter
1401 835 1462 874 se
1510 813 1690 874 habet
1734 814 1796 872 in
1838 813 2044 873 ordine
2090 814 2169 874 ad

33 912 480 974 ecclesiasticum
521 912 782 992 regimen
809 955 825 985 ,
881 910 945 970 in
986 930 1104 991 quo
1142 909 1410 991 quamvis
1451 931 1603 968 unus
1637 910 1746 982 sit,
1799 910 1899 992 qui
1944 910 2169 993 prima-

30 1021 159 1068 tum
194 1018 422 1068 exercet
443 1052 459 1081 ,
506 1005 889 1066 nihilominus
917 1003 1160 1085 singulae
1199 1003 1476 1064 dioeceses
1520 1026 1656 1064 suos
1695 1004 1920 1065 habent
1943 1009 2169 1065 Praesu-

27 1104 111 1164 les
131 1149 147 1178 7
197 1103 296 1185 qui
347 1124 470 1162 non
502 1101 759 1184 precaria
806 1100 1183 1176 auctoritate,
1235 1099 1338 1159 sed
1366 1100 1603 1183 propria
1642 1113 1701 1160 et
1738 1100 2029 1163 ordinaria
2073 1123 2170 1161 eas

28 1211 274 1278 regunt3
313 1220 420 1257 nec
447 1198 638 1271 enim,
667 1196 754 1255 uti
791 1193 1048 1255 diximus
1069 1241 1084 1270 .,
1118 1195 1386 1277 Episcopi
1414 1196 1561 1255 meri
1587 1207 1727 1255 sunt
1751 1198 1922 1279 Papae
1952 1196 2169 1256 minis-

30 1295 107 1352 tri
128 1339 144 1368 n
169 1293 270 1352 sed
295 1294 419 1354 veri
445 1292 750 1375 principes.
781 1291 890 1350 Tot
911 1289 1238 1350 seculorum
1270 1291 1630 1373 experientia
1655 1303 1855 1373 aperte
1875 1292 2166 1367 ostendit,

29 1388 364 1468 hujusmodi
395 1387 690 1468 regiminis
733 1386 976 1446 modum
1023 1390 1281 1446 maxime
1327 1397 1729 1469 opportunum
1773 1409 1917 1448 esse.
1963 1390 2168 1470 Neque

30 1507 175 1566 opus
208 1496 296 1544 est
324 1503 527 1542 omnes
552 1482 761 1541 mundi
801 1482 1133 1565 provincias
1156 1482 1363 1542 iisdem
1394 1480 1660 1541 civilibus
1695 1480 1919 1562 legibus
1953 1482 2171 1563 guber-

29 1582 188 1653 nari3
238 1577 496 1659 postulat
530 1589 730 1637 autem
761 1577 1024 1639 Ecclesiae
1061 1578 1327 1658 regimen
1355 1598 1754 1660 quoscumque
1782 1575 1982 1637 fideles
2006 1599 2170 1637 eam-—

31 1674 168 1734 dem
203 1673 464 1756 profiteri
491 1672 669 1732 fidem
690 1717 705 1746 ‚
750 1672 955 1732 eadem
987 1670 1206 1732 habere
1244 1674 1651 1746 Sacramenta3
1697 1672 1856 1753 quod
1893 1673 2019 1732 fieri
2049 1694 2174 1733 non

28 1780 259 1851 posset,
288 1768 401 1828 nisi
424 1790 577 1827 unus
620 1767 802 1829 veluti
826 1768 1077 1852 populus
1115 1779 1264 1829 esset
1294 1766 1369 1827 ab
1395 1767 1567 1827 unico
1599 1765 1780 1829 veluti
1818 1768 2083 1852 principe
2109 1768 2173 1827 in

28 1866 254 1924 unitate
287 1876 515 1924 coactus
545 1865 655 1943 (l).

830 2029 1239 2083 PROPOSITIO
1280 2031 1344 2082 Π.

28 2185 345 2244 Romanus
371 2184 680 2263 Pontifhoe,
699 2189 765 2244 vi
781 2191 1235 2266 suiprimatm,
1258 2208 1546 2266 suprema
1570 2191 1928 2246 auctoritate
1950 2189 2180 2268 qaudet

113 2284 182 2338 in
244 2300 442 2339 omnes
492 2283 810 2362 Epz‘soopos
822 2324 845 2353 ,
905 2285 1087 2342 etiam
1151 2287 1223 2341 in
1285 2285 1560 2363 ¹qenerali
1614 2283 1850 2362 Synodo
1899 2285 2173 2345 collectos.

119 2467 260 2526 620.
310 2469 459 2527 Tum
492 2467 613 2528 haec
648 2481 779 2528 tum
822 2468 1242 2553 subsequentes
1273 2472 1703 2553 propositiones
1743 2483 1952 2554 sponte
1991 2473 2175 2535 veluti

38 2584 140 2623 sua
175 2562 478 2645 profluunt
526 2586 596 2624 ex
643 2564 907 2626 doctrina
946 2566 1228 2626 hactenus
1257 2567 1571 2627 vindicata.
1604 2569 1947 2650 Priusquam
1974 2581 2177 2632 tamen

38 2679 283 2718 manum
321 2659 739 2721 admoveamus
793 2662 868 2722 ad
914 2663 1322 2734 efficiendum,
1372 2665 1530 2746 quod
1576 2664 1672 2725 hic
1721 2668 2130 2748 proposuimus
2155 2712 2174 2743 ‚

39 2753 326 2814 nonnulla
366 2754 442 2814 ad
481 2755 806 2837 legitimum
855 2759 1191 2840 quaestionis
1225 2770 1444 2819 statum
1486 2760 1871 2842 aperiendum
1898 2763 2178 2844 praemit-

42 2858 167 2909 tere
196 2870 430 2910 necesse
464 2863 572 2912 est.

123 3041 190 3105 (l)
228 3041 327 3092 Cfr.
355 3041 572 3092 Bellarm.
594 3041 686 3091 loc.
709 3045 789 3092 cit.
810 3060 864 3092 n.
882 3041 968 3094 58.
987 3042 1076 3092 Hic

57 3135 206 3172 essent
256 3125 556 3190 expendenda
575 3162 588 3184 ‚
646 3141 750 3191 quae
796 3124 1074 3175 Guilielmus

58 3202 267 3267 palmer,
300 3225 374 3273 op.
426 3211 506 3257 cit.
553 3218 672 3274 part.
717 3224 810 3269 vn,
857 3226 961 3274 cap.
1002 3206 1069 3272 4,

59 3301 162 3350 pag.
200 3284 297 3336 506
335 3299 379 3337 et
405 3307 537 3357 seqq.
582 3290 747 3350 affert,
777 3300 831 3339 ut
854 3293 1068 3353 evincat,

59 3385 178 3416 rom.
196 3367 469 3419 Pontificem
490 3389 586 3421 non
601 3371 888 3439 haberejure
903 3372 1073 3421 divino

59 3451 338 3500 ordinariam
372 3455 732 3519 jurisdictionem
757 3474 892 3523 super
913 3456 1074 3506 Eccle-

60 3535 175 3582 siam
197 3536 457 3583 universam
473 3573 485 3591 ,
515 3547 560 3586 et
581 3549 796 3603 praeterea
816 3540 978 3590 eadem
998 3555 1074 3588 or-

62 3614 243 3663 dinaria
282 3617 598 3680 jurisdictione
638 3637 758 3670 rom.
794 3620 1073 3670 Pontificem

45 3697 163 3760 jure
189 3696 356 3746 divino
385 3700 576 3748 minime
601 3700 771 3765 pollere
800 3720 935 3769 super
959 3702 1073 3768 Epi-

1155 3062 1315 3110 scopos
1330 3046 1526 3112 reliquos
1539 3063 1554 3110 ς
1570 3064 1680 3095 cum
1696 3057 1852 3097 tamen
1867 3066 1938 3110 ea,
1955 3067 2057 3116 quae
2071 3068 2176 3116 pro-

1157 3129 1265 3186 fert,
1293 3130 1367 3177 vel
1388 3129 1577 3195 disjecta
1594 3140 1639 3178 et
1655 3141 1971 3196 praeocoupata
2005 3150 2174 3199 magna

1155 3230 1209 3260 ex
1240 3221 1367 3277 parte
1397 3212 1474 3260 hic
1509 3230 1535 3260 a
1563 3214 1700 3261 nohis
1727 3217 1823 3279 J'am
1846 3215 1970 3275 sint,
2003 3219 2174 3281 partim

1153 3311 1258 3342 vero
1290 3311 1375 3359 pro
1407 3297 1748 3359 opportunitate
1768 3299 2087 3361 excutiemus3
2113 3314 2176 3346 ne

1157 3376 1424 3440 prolixiores
1441 3377 1583 3424 simus
1596 3413 1609 3436 ‚
1630 3393 1683 3425 ea
1698 3376 1774 3425 hic
1791 3381 1928 3428 missa
1946 3379 2141 3428 facimus
2156 3414 2171 3436 ‚

1155 3459 1406 3522 praesertim
1420 3474 1528 3505 cum
1544 3457 1663 3506 nihil
1675 3461 1784 3508 novi
1801 3461 2025 3526 proferat,
2047 3459 2175 3526 quod

1156 3538 1217 3587 ab
1244 3539 1510 3587 auctoribus
1531 3540 1769 3591 catholicis
1789 3543 1841 3590 in
1858 3541 2175 3591 confutatione

1156 3620 1354 3687 Launoji
1384 3631 1428 3670 et
1461 3620 1656 3687 Dupinii
1694 3624 1873 3690 jamdiu
1902 3641 1998 3672 non
2035 3623 2174 3673 fuerit

1157 3704 1363 3768 apprime
1390 3701 1659 3767 disjectum.
