2514 4218
535 205 692 247 PAR'r.
736 207 790 243 1.-
828 206 952 244 GAP.
1001 206 1081 244 IV.
1128 204 1197 242 DE
1239 202 1509 244 ECGLESIAE
1549 201 1797 243 no’rlBUS.

2079 179 2195 242 281

88 362 148 411 et
169 350 336 410 aulici
357 347 610 408 ministri
634 369 756 406 non
783 347 952 428 pauci
977 367 1081 406 sua
1111 344 1427 404 dictamina
1449 344 1800 419 hauserunt,
1831 342 2041 424 quibus
2068 341 2200 403 sub-

79 448 351 524 jiceretur
379 441 534 503 civili
571 443 847 524 potestati
876 439 1253 501 ecclesiastica
1281 439 1554 514 libertas
1581 438 1794 497 frustra
1823 437 2199 498 reclamanti-

88 540 197 598 bus
225 538 502 600 adversus
533 537 816 616 ejusmodi
850 535 1246 617 impietatem,
1272 555 1386 615 qua
1420 533 1532 593 hoc
1568 532 1707 592 fidei
1740 531 1948 613 dogma
1973 533 2200 594 everti-

88 646 214 709 tur,
243 633 519 692 Romanis
541 630 916 692 Pontificibus
941 650 1060 696 una
1092 649 1227 687 cum
1255 627 1518 688 Ecclesiae
1547 629 1831 691 universae
1857 626 2201 710 praesulibus

87 728 163 789 ob
194 730 452 809 ingentia
489 729 682 802 mala,
712 749 843 810 quae
879 748 951 787 ex
981 725 1091 784 hac
1119 722 1328 803 agendi
1359 725 1586 786 ratione
1623 723 1974 808 profluunt
1957 746 2021 784 m
2045 726 2200 802 ejus-

86 823 223 886 dem
250 825 511 886 Ecclesiae
541 824 962 885 detrimentum
991 819 1098 899 (1).

140 1072 223 1138 ,(1)
261 1072 482 1123 Tendunt
527 1074 650 1122 enim
690 1072 792 1120 haec
830 1070 987 1118 omnia
1009 1101 1029 1131 ‚
1074 1087 1100 1117 a

87 1151 452 1204 Protestantibus
467 1156 643 1204 invecta
663 1190 679 1215 ‚
700 1152 758 1202 ad
786 1150 999 1200 Ecclesiae
1026 1166 1102 1199 ca-

86 1233 267 1284 tholicae
303 1236 691 1295 destructionem,
727 1243 770 1282 et
810 1233 868 1282 ad
911 1233 1007 1302 hoc.
1041 1232 1100 1281 ab

85 1317 198 1381 ipsis
236 1317 425 1366 fuerunt
450 1316 676 1365 ordinata.
714 1314 867 1364 Semel
896 1317 1022 1363 enim
1046 1331 1100 1363 ac

86 1397 264 1447 tollitur
278 1398 337 1448 ab
355 1398 556 1453 Ecclesia
578 1396 763 1446 libertas
781 1434 793 1457 ,
813 1415 904 1463 qua
926 1397 1098 1446 divini·

86 1488 160 1527 tus
192 1481 393 1545 gaudet,
423 1480 476 1528 fit
509 1490 560 1528 ut
585 1479 723 1529 Rom.
748 1479 962 1528 Pontifex
993 1480 1100 1528 nul—

88 1558 185 1610 lam
217 1562 412 1626 amplius
439 1564 492 1609 in
527 1560 788 1611 Catholicos
818 1564 869 1610 in
907 1562 1095 1611 illorum

87 1643 357 1710 regionibus
391 1644 664 1692 constitutos
702 1659 916 1693 exercere
954 1644 1098 1710 possit

85 1720 433 1784 auctoritatem,
487 1743 574 1775 nec
622 1726 793 1775 abusus
835 1729 1060 1793 corrigere
1080 1765 1094 1788 ,

84 1822 173 1854 nec
190 1805 345 1855 devios
369 1806 428 1855 ad
454 1825 614 1855 sanam
642 1808 830 1875 frugem
852 1824 1065 1857 revocare
1080 1847 1094 1871 ,

82 1903 170 1935 nec
201 1887 566 1939 observationem
597 1907 834 1939 canonum
876 1908 930 1939 ac
961 1891 1100 1940 disci-

83 1968 218 2032 plinae
245 1987 405 2035 urgere
435 1987 523 2033 3ac
538 1973 724 2036 pessimi
741 1972 953 2021 homines
977 2009 991 2034 ‚
1015 1974 1097 2039 qui

84 2065 328 2116 nunquam
358 2050 551 2114 desunt,
571 2054 661 2103 hac
677 2054 973 2104 immunitate
989 2054 1097 2104 freti

4 2161 9 2167 ·
88 2134 243 2179 omnia
263 2143 538 2196 pervertunt.
571 2135 785 2201 Episcopi
809 2137 868 2185 ad
884 2139 1098 2186 miseram

89 2214 353 2262 servitutem
393 2214 561 2263 redacti
582 2250 596 2275 ‚
636 2217 812 2265 nedum
859 2218 1097 2284 quidpiam

88 2296 139 2341 in
161 2294 342 2343 bonum
361 2298 622 2346 animarum
655 2309 851 2349 statuere
880 2303 1056 2365 possint
1083 2339 1097 2362 ,

88 2377 421 2440 impediuntur,
447 2381 699 2444 quominus
719 2381 790 2429 vel
805 2383 926 2447 ipsas
950 2393 1103 2447 pasto-

88 2457 206 2506 rales
221 2460 543 2510 instructiones
559 2461 735 2529 absque
750 2463 919 2528 politiae
939 2468 1102 2530 praevia

93 2541 317 2588 revisione
363 2558 417 2590 ac
457 2543 624 2607 placito
668 2554 749 2592 aut
790 2548 979 2595 recitare
1025 2557 1105 2595 aut

85 2620 284 2686 publicis
302 2626 424 2689 typis
452 2625 636 2690 vulgare
649 2638 837 2692 queant.
856 2628 1104 2695 Nequeunt

87 2701 278 2752 Ordines
292 2708 495 2771 cuipiam
520 2708 726 2758 conferre
744 2709 922 2776 absque
936 2716 1104 2776 praevio

87 2787 416 2853 guberniorum
431 2791 600 2856 placito
622 2830 638 2857 ,
655 2803 710 2841 ut
726 2796 970 2843 innumera
988 2813 1104 2861 pene

87 2872 312 2937 ejusmodi
337 2873 426 2922 alia
451 2875 571 2923 mala
598 2875 777 2924 silentio
802 2887 1064 2942 praeteream
1086 2915 1100 2939 ‚

89 2969 190 3017 quae
224 2957 463 3004 notissima
502 2967 613 3005 sunt
644 2975 697 3006 ex
728 2958 926 3022 publicis
953 2959 1102 3007 docu-

93 3039 275 3086 mentis.
311 3037 380 3087 Ne
410 3054 518 3087 vero
538 3039 640 3088 haec
668 3042 808 3088 nimis
839 3049 1106 3106 exaggerata

92 3114 352 3179 videantur,
373 3121 581 3184 afferam,
596 3138 700 3188 quae
718 3121 935 3187 leguntur
951 3124 1001 3170 in
1015 3132 1102 3173 art.

94 3191 209 3243 Etat
237 3198 303 3246 du
331 3202 650 3262 catlzolicisme
673 3202 795 3252 dans
813 3203 853 3253 le
877 3220 1106 3269 royaume

96 3273 153 3322 de
181 3275 524 3350 Wartemberq
543 3322 557 3345 ‚
584 3288 763 3334 extruit
793 3286 850 3334 de
881 3284 928 3334 la
944 3286 1104 3335 Revue

97 3363 418 3424 europeenne,
461 3365 574 3415 Juin
624 3366 768 3417 1833.
807 3367 897 3415 E'n
934 3366 1062 3418 1818
1084 3406 1098 3431 ,

86 3439 334 3506 plusieurs
349 3443 539 3509 deputes
555 3458 596 3496 ei
614 3449 882 3499 conseillers
899 3450 954 3498 de
959 3453 1102 3516 prin-

87 3538 162 3570 ces
176 3531 444 3588 protestans
463 3518 520 3574 de
535 3527 868 3596 l’Allemaqne‚
887 3533 1099 3581 cntr’au-

63 3612 178 3652 >tres
220 3605 277 3653 de
321 3606 407 3655 W
403 3609 664 3675 nrtemberq
682 3647 698 3675 ,
735 3613 794 3661 de
836 3614 976 3663 Bade
995 3654 1006 3671 ‚
1042 3616 1099 3664 de

82 3685 326 3737 l'electorat
339 3697 382 3738 et
401 3690 466 3738 du
478 3692 811 3755 qrand-duche
830 3696 887 3745 de
913 3697 975 3747 H
971 3715 1065 3747 esse
1079 3732 1096 3761 ‚

1185 1067 1244 1116 de
1289 1066 1487 1116 Nassau
1520 1103 1536 1128 ,
1563 1065 1632 1115 du
1678 1064 2095 1132 Mecklembourq‚
2141 1063 2203 1114 de

1191 1146 1277 1199 W
1272 1150 1430 1197 eimar-
1446 1157 1467 1210 ,'
1490 1147 1571 1196 des
1599 1148 1776 1200 ditches
1800 1148 1859 1196 de
1881 1149 2008 1198 Saxe
2027 1185 2042 1209 ‚
2062 1144 2202 1196 d‘Ol-

1184 1228 1428 1294 denbourq
1445 1266 1461 1287 ,
1501 1229 1558 1277 de
1590 1229 1677 1279 W
1671 1229 1809 1278 aldek
1825 1266 1841 1293 ‚
1883 1239 1928 1278 et
1955 1229 2037 1278 des
2064 1227 2228 1278 villes-

1181 1308 1324 1358 libres
1354 1310 1412 1358 de
1435 1308 1630 1358 Lubeck
1645 1346 1659 1371 ,
1701 1310 1880 1360 Breme
1922 1319 1966 1360 et
2009 1311 2203 1359 Franc-

1176 1391 1554 1457 fort-sur-Mein
1575 1428 1589 1452 ‚
1611 1408 1659 1441 se
1676 1395 1923 1440 reunirent
1950 1391 2075 1440 dans
2087 1399 2206 1441 cette

1181 1474 1399 1523 derniere
1428 1473 1540 1524 ville
1560 1512 1574 1536 ‚
1612 1490 1726 1523 sous
1748 1473 1796 1521 la
1815 1473 2098 1540 presidence
2135 1474 2205 1522 du

1182 1560 1407 1628 ministre
1461 1557 1886 1624 wurtemberqeois--
1934 1555 2202 1621 Wanqen-

1180 1641 1329 1704 heim,
1346 1643 1513 1690 assiste
1529 1642 1586 1689 de
1608 1644 1692 1695 M.
1701 1640 1745 1690 le
1759 1641 1910 1707 doyen
1925 1639 1965 1687 J
1963 1656 2201 1701 aumann,

1173 1741 1302 1791 pour
1328 1723 1564 1772 deliberet·
1589 1740 1677 1772 sur
1701 1722 1767 1770 les
1790 1724 1986 1790 affaires
2004 1721 2063 1770 de
2090 1717 2201 1770 PE»

1179 1807 1298 1873 qlise
1316 1806 1586 1872 catholique
1601 1823 1662 1855 en
1689 1805 1979 1870 Allemaqne
2005 1809 2057 1853 et
2079 1805 2204 1868 fia-er

1181 1889 1248 1938 les
1289 1890 1425 1937 bases
1462 1889 1520 1937 de
1547 1905 1636 1936 son
1673 1889 2020 1952 orqanisaticn.
2052 1884 2111 1934 V
2106 1887 2206 1934 oici

1182 1970 1247 2020 les
1278 1973 1445 2037 points
1468 1972 1775 2037 principun&
1802 1986 1889 2017 sur
1914 1967 2109 2033 lesquels
2140 1983 2205 2016 on

1182 2055 1340 2103 tomba
1369 2054 1589 2103 d'accord
1624 2070 1638 2102 ε
1682 2061 1733 2101 1⁰
1773 2051 2007 2116 L’quise
2040 2050 2202 2099 catho-

1183 2136 1309 2202 lique
1335 2153 1441 2185 sera
1471 2137 1657 2184 reducite
1686 2151 1787 2183 aux
1818 2133 1968 2183 droits
2002 2135 2089 2199 qni
2121 2134 2203 2182 de-

1181 2218 1370 2267 conlent
1389 2218 1447 2266 de
1460 2235 1532 2266 ses
1544 2219 1794 2283 principes
1814 2215 2072 2268 essentiels.
2091 2214 2168 2264 Or
2183 2253 2199 2277 ‚

1185 2298 1310 2347 dans
1327 2299 1510 2364 l'esprit
1530 2293 1650 2346 dela
1666 2298 1937 2362 confhrence
1957 2335 1970 2358 ,
1990 2297 2203 2363 lestprin·

1184 2382 1314 2446 cipes
1328 2378 1564 2428 essentiels
1588 2379 1809 2427 devaient
1834 2381 1931 2427 ecre
1943 2379 2057 2426 tires
2074 2415 2087 2439 ‚
2105 2395 2203 2427 non

1186 2461 1254 2510 du
1276 2462 1404 2510 droit
1444 2461 1739 2525 canonique,
1785 2460 1911 2510 mais
1946 2460 2026 2508 des
2054 2458 2203 2508 droits

1188 2543 1478 2610 rationnels,
1507 2541 1721 2591 naturels
1749 2550 1794 2590 et
1813 2541 2006 2608 publice
2028 2541 2085 2590 de
2096 2539 2202 2592 PE·

1186 2633 1257 2672 tat
1269 2633 1314 2672 et
1343 2626 1399 2674 de
1415 2622 1620 2689 l'quise
1639 2660 1654 2686 ‚
1683 2624 1768 2672 tels
1784 2622 1926 2688 qu’ils
1944 2633 2049 2672 sont
2075 2626 2202 2672 ima-

1184 2709 1324 2771 qines
1344 2724 1441 2773 par
1467 2706 1533 2754 les
1555 2715 1828 2773 protestans
1851 2744 1863 2767 ,
1901 2706 1942 2753 Ie
1973 2714 2076 2754 tout
2099 2705 2203 2753 d’a-

1178 2790 1293 2855 pres
1308 2805 1393 2837 son
1409 2790 1606 2854 systeme
1628 2786 1891 2838 territorial
1903 2796 1948 2835 et
1962 2786 2204 2854 episcopal

1185 2881 1230 2919 et
1256 2872 1625 2936 conformement
1648 2888 1746 2918 anx
1760 2864 1994 2918 doctrines
2019 2870 2077 2918 de
2103 2870 2202 2918 Fe-

1186 2953 1405 3003 bronius.
1435 2964 1485 3002 2⁰
1513 2953 1602 3003 Les
1614 2952 1910 3003 conclusione
1927 2953 1995 3000 du
2019 2951 2200 3000 concile

1187 3036 1244 3084 de
1276 3036 1402 3086 Bdle
1429 3046 1474 3084 et
1516 3036 1581 3084 les
1609 3035 1939 3084 ordonnances
1973 3035 2040 3083 du
2071 3033 2201 3084 droit

1188 3118 1545 3184 ecclesiastique
1575 3119 1845 3166 antrichien
1867 3155 1881 3179 ‚
1921 3116 2056 3166 celles
2088 3135 2199 3167 sur·-

1186 3210 1286 3250 tout
1315 3203 1371 3250 cle
1400 3203 1676 3268 l'em-pereur
1710 3199 1886 3267 Ioseph
1916 3199 2003 3249 ΙΙ.
2038 3199 2092 3248 3⁰
2121 3201 2200 3250 La

1184 3283 1303 3333 libre
1329 3283 1730 3334 communicativa
1758 3299 1870 3332 avec
1891 3284 2056 3332 ‘Rome
2092 3299 2198 3330 sera

1185 3374 1286 3414 tout
1324 3368 1354 3416 ὰ
1387 3368 1484 3433 fait
1536 3367 1822 3432 supprimens.
1867 3364 1922 3430 4⁰
1965 3366 2198 3429 L’eveque

1182 3448 1362 3498 n’aura
1391 3451 1565 3514 qu’une
1601 3449 1834 3515 influence
1866 3450 2198 3497 extremement

1181 3532 1399 3596 qenerale
1423 3540 1468 3580 et
1489 3531 1828 3580 indeterminee
1860 3547 1947 3579 sur
1968 3530 2030 3578 les
2052 3526 2220 3580 eccles„

1183 3614 1470 3680 inferieures
1499 3622 1543 3662 et
1566 3616 1864 3680 superieures
1890 3612 2086 3676 confiees
2116 3626 2196 3658 ea·-

1183 3697 1490 3748 clnsioement
1517 3698 1547 3747 ὰ
1571 3696 1740 3747 ἱἘίαι.
1764 3697 1928 3746 Meme
1943 3733 1956 3757 ‚
1981 3695 2104 3743 dans
2131 3693 2197 3742 les
