2514 4218
2119 183 2239 242 523

477 211 636 248 mur.
680 211 722 247 1.
770 209 924 247 secr.
974 208 1037 245 11.
1082 207 1205 245 cAr.
1254 207 1335 245 lv.
1384 207 1452 242 ms
1495 196 1676 243 norm.
1726 205 1878 242 ram.

129 353 393 414 unanimi
424 350 851 412 Catholicorum
891 349 1154 408 doctrina
1193 348 1470 428 effugium
1514 346 1819 429 quodlibet
1844 345 2234 428 intercipitur.

129 451 399 510 Ceterum
426 457 793 505 contumaces
822 444 909 503 illi
937 449 1063 522 jam
1099 446 1183 503 rei
1218 455 1354 503 sunt
1377 464 1568 502 coram
1595 445 1716 522 Deo
1747 453 1807 502 et
1829 463 2023 500 coram
2047 441 2243 502 Eccle-

128 546 237 617 sia,
279 554 452 622 atque
495 539 570 598 ob
603 541 876 620 agitatam
913 539 1065 598 hanc
1104 539 1560 600 controversiam
1600 537 1718 596 sola
1765 538 2082 618 requiritur
2122 537 2244 596 foi·-

126 637 292 695 malis
329 635 680 709 declaratiQ
725 646 791 692 ut
827 632 1247 693 abscindantur
1293 655 1324 691 a
1364 634 1541 692 totius
1587 631 1852 692 Ecclesiae
1892 653 2134 713 corpore
2180 632 2244 690 in

126 731 254 789 foro
294 742 534 790 externo
563 729 675 810 (l).

211 825 351 885 773.
414 824 501 884 Ad
554 825 662 899 4¹²0,
712 824 863 904 Ney.
919 822 1216 901 Ejusmodi
1256 834 1501 882 >externa
1551 822 1921 885 observantia
1967 843 2032 882 ac
2075 820 2246 882 obse-

130 921 334 1003 quium
395 920 523 980 sine
579 920 802 978 sincero
857 929 916 979 et
975 917 1238 976 interiori
1299 919 1512 978 mentis
1558 939 1793 978 assensu
1855 919 2040 1000 turpis
2097 927 2248 977 esset

129 1014 449 1098 hypocrisis
494 1025 553 1072 ct
589 1013 915 1088 simulatio,
949 1012 1159 1071 merito
1195 1011 1268 1072 ab
1300 1013 1425 1095 ipso
1460 1013 1613 1073 clero
1645 1013 1926 1094 gallicano
1967 1012 2247 1073 damnata

133 1110 196 1167 in
246 1109 648 1183 Jansenianis‚
696 1129 828 1168 cum
875 1106 937 1165 hi
983 1106 1307 1183 celebrem,
1348 1130 1523 1190 quem
1563 1120 1813 1184 vocant,
1859 1130 2068 1168 casum
2105 1129 2247 1168 eon-

129 1207 392 1262 scientiae
418 1211 849 1286 proposuerunt
878 1202 990 1282 (2).
1026 1203 1286 1262 Profecto
1316 1205 1506 1264 unitas
1530 1205 1701 1279 fidei
1726 1226 1839 1286 qua
1869 1225 1942 1264 ex
1968 1203 2245 1286 Apostolo

130 1305 478 1379 captivatur
513 1303 704 1358 omnis
743 1298 1071 1356 intellectus
1111 1304 1181 1357 in
1219 1300 1564 1378 obsequium
1608 1299 1838 1359 Christi
1872 1299 1962 1379 (3)
1983 1344 2000 1374 7
2037 1310 2250 1381 praeter

134 1406 443 1454 externum
488 1367 828 1473 obsequium
870 1393 1209 1451 interiorem
1254 1415 1552 1452 assensum
1602 1395 1898 1475 exposcit
1944 1405 2008 1452 ut
2045 1415 2249 1454 omnes

129 1490 190 1548 iu
223 1489 396 1550 rebus
429 1489 562 1549 fidei
598 1490 873 1568 idipsum
904 1492 1157 1548 invicem
1192 1492 1558 1565 sentiamus,
1591 1500 1648 1546 et
1668 1490 1942 1568 idipsum
1970 1491 2251 1550 dieamus·

131 1607 331 1644 omnes
355 1584 481 1664 (4);
533 1595 890 1665 quapropter
932 1584 1056 1643 sine
1100 1584 1362 1643 interiori
1386 1584 1497 1644 hoc
1539 1584 1752 1644 mentis
1793 1582 2072 1666 obsequio
2114 1583 2252 1644 fidei

132 1682 327 1739 ,unitas
377 1680 596 1739 servari
645 1678 979 1739 nullatenus
1025 1690 1238 1761 potest.
1286 1678 1583 1738 Absonum
1610 1724 1620 1733 „
1634 1701 1811 1761 porro
1861 1690 1980 1754 est,
2033 1678 2134 1738 ubi
2176 1679 2252 1740 de

132 1775 248 1834 fide
284 1776 471 1856 agitur
493 1820 509 1848 a
555 1786 830 1856 praestare
871 1796 1169 1835 assensum
1195 1780 1629 1855 provisoriam.
1676 1777 1797 1834 Hoc
1835 1774 2114 1855 effugium
2149 1797 2251 1857 pa-

132 1869 319 1929 tribus
353 1871 564 1929 nostris
602 1870 778 1952 plane
813 1871 1076 1950 ignotum
1113 1870 1223 1929 fuit
1253 1870 1363 1951 (5).

202 2129 272 2191 (l)
315 2127 415 2176 Hoc
436 2136 759 2193 argumentum
784 2129 959 2192 egregie
988 2127 1156 2175 evolvit

142 2210 301 2258 Petrus
344 2210 652 2268 Ballerinius‚
706 2212 756 2257 in
795 2212 927 2257 toties
970 2209 1157 2258 laudato

145 2310 311 2358 opere,
353 2292 434 2340 De
475 2294 528 2340 vi
565 2300 610 2340 et
650 2294 856 2340 ratione>
870 2296 1155 2358 primatus,

144 2394 241 2440 cap·
275 2377 334 2439 ¹4
354 2412 367 2435 2
398 2373 424 2440 ὃ
454 2373 504 2438 4·

215 2457 286 2522 (2)
325 2457 424 2505 Hoc
449 2457 738 2506 declararunt
769 2458 985 2524 Episcopi
1007 2457 1151 2518 Galli,

146 2540 258 2587 dum
291 2549 444 2604 aperte
473 2539 660 2604 professi
693 2550 804 2588 sunt
831 2543 880 2587 in
910 2540 1069 2588 litteris
1095 2540 1153 2588 ad

144 2621 470 2670 Innocentium
514 2621 553 2668 X
597 2622 713 2670 datis
755 2638 831 2670 an.
882 2619 1038 2680 1653,
1081 2622 1155 2670 die

154 2719 213 2768 19
252 2702 402 2765 Julii‚
442 2704 698 2769 dogmatica
733 2703 863 2752 Sedis
900 2703 1153 2769 apostolicas

143 2786 324 2834 decreta
357 2784 554 2833 Divina
594 2803 723 2850 oeque
761 2802 817 2834 ao
854 2803 1041 2834 saniona
1063 2803 1155 2851 per

142 2869 418 2914 universam
436 2866 708 2915 Ecclesiam
726 2870 1007 2916 auctoritate
1028 2870 1148 2927 niti,

140 2948 224 2996 cui
249 2948 507 2996 christiani
539 2931 700 2996 omines
730 2966 787 2997 ex
818 2949 966 3016 officio
995 2951 1154 3014 ipsius

140 3047 322 3095 quoque
344 3033 515 3078 mentis
541 3030 814 3095 obsequium
833 3039 1068 3097 proestare
1087 3040 1153 3079 te-

140 3122 331 3160 nentur.
355 3113 567 3178 Cumque
583 3129 720 3160 casus
736 3114 1035 3160 eonscientiae
1050 3130 1156 3177 pro-

142 3193 330 3251 diisset,
380 3212 473 3259 quo
523 3195 768 3258 pontificiis
810 3195 1001 3242 decretis
1044 3194 1154 3242 obe·

143 3276 326 3322 dientiae
374 3278 563 3324 nomine
612 3277 820 3324 debitum
872 3275 1157 3324 asserebatur

141 3365 381 3403 externum
399 3357 588 3421 quidem
606 3358 878 3423 obsequium
891 3391 908 3418 ,
933 3375 1030 3406 non
1048 3374 1155 3405 vero

140 3453 351 3485 assensus
383 3440 620 3495 internus,
652 3443 999 3489 insurrexerunt
1027 3440 1152 3488 illico

139 3520 352 3582 gallicani
384 3521 596 3584 praesules
616 3558 630 3580 ‚
664 3525 887 3588 praecipue
912 3540 1020 3588 vero
1044 3523 1155 3571 Bos-

139 3614 296 3652 suetus
333 3614 376 3652 et
410 3601 554 3654 Card.
597 3605 654 3654 de
691 3605 921 3668 Noailles,
961 3624 1154 3674 remque

137 3686 194 3733 ad
229 3686 529 3750 apostolicam
565 3686 732 3737 Sedcm
765 3688 1063 3751 detulerunt,
1101 3707 1154 3739 ac

1236 2128 1311 2176 die
1358 2125 1418 2191 14
1453 2125 1566 2177 Julii
1607 2129 1733 2197 ¹705
1775 2131 1945 2195 prodiit
1986 2133 2253 2180 constitutio

1242 2213 1455 2259 Vineam
1484 2210 1685 2260 Domini
1707 2209 1946 2272 Sabaoth,
1973 2228 2074 2279 xqua
2102 2213 2255 2262 decla-

1234 2303 1384 2341 ratum
1419 2303 1517 2354 est,
1557 2294 1829 2342 obedientiae
1852 2331 1866 2351 ‚
1898 2310 2001 2359 quae
2028 2296 2254 2343 constitu-

1236 2375 1437 2423 tionibus
1470 2392 1591 2423 rom.
1624 2372 1757 2423 Sedis
1793 2375 2012 2436 debetur,
2046 2392 2144 2423 non
2178 2393 2253 2424 sa-

1234 2457 1392 2504 tisfieri
1437 2456 1705 2521 obsequiosa
1724 2494 1737 2517 ‚
1782 2469 1838 2504 ut
1873 2467 2084 2506 auctores
2122 2474 2254 2506 casus

1237 2539 1491 2599 vocabant,
1519 2538 1710 2587 silentio
1730 2577 1743 2599 ‚
1782 2557 1869 2588 nec
1902 2540 2042 2589 licere
2078 2540 2254 2606 profes-

1234 2623 1411 2670 sionem
1449 2639 1527 2691 ore
1560 2621 1631 2670 vel
1666 2624 1835 2687 scripto
1872 2622 2037 2682 edere,
2083 2622 2123 2670 si
2158 2622 2254 2670 dis·

1234 2705 1390 2752 cordet
1419 2722 1443 2752 a
1484 2721 1619 2752 sensu
1651 2714 1693 2753 et
1730 2704 1953 2770 obsequio
1986 2705 2168 2765 cordis,
2202 2707 2254 2754 in

1232 2803 1326 2852 quo
1373 2788 1457 2834 sita
1501 2797 1567 2834 est
1605 2803 1718 2834 vera
1757 2785 2007 2834 orthodoxi
2045 2787 2256 2835 hominis

1231 2867 1517 2916 obedientia.
1555 2867 1756 2916 Ecclesia
1786 2869 2014 2932 gallicana
2042 2871 2254 2918 universa

1233 2966 1335 2997 eam
1361 2953 1514 2997 statim
1539 2952 1738 3014 suscepit
1765 2950 2149 2999 constitutionem
2165 2987 2179 3012 ,
2199 2967 2254 2999 ac

1234 3033 1282 3078 in
1337 3032 1554 3079 omnibus
1605 3031 1877 3080 dioecesibus
1926 3032 2254 3097 publicandam

1234 3115 1429 3161 curavit.
1452 3113 1551 3161 Cfr.
1581 3130 1659 3177 op.
1687 3113 1770 3162 cit.
1803 3131 1903 3178 cap.
1942 3112 2029 3176 13,
2055 3133 2108 3166 n.
2131 3113 2213 3180 75.

1303 3193 1366 3258 (3)
1407 3194 1453 3242 11
1482 3195 1539 3242 ad
1568 3195 1675 3243 Cor.
1705 3215 1765 3255 x,
1800 3193 1850 3244 5.

1306 3278 1372 3342 (lc)
1410 3278 1554 3326 Rom.
1583 3295 1678 3337 ιιι,
1716 3275 1800 3339 16;
1830 3278 1927 3328 lad
1955 3275 2132 3338 Cor-¹1,
2172 3294 2250 3330 ιο.

1301 3358 1371 3424 (5)
1411 3359 1563 3425 Hujus
1581 3362 1847 3424 provisoris*
1865 3379 2072 3410 assensus
2089 3363 2254 3409 inven-

1236 3426 1304 3489 tor
1334 3442 1422 3488 fuit
1447 3441 1481 3488 F
1484 3441 1701 3490 ebrouius
1723 3480 1738 3502 ‚
1770 3443 1884 3492 dum
1904 3445 2108 3507 scripsit,
2130 3442 2249 3492 defi-

1234 3525 1488 3571 nitiOnibus
1522 3524 1799 3591 judiciisque
1833 3523 2100 3590 dogmaticis
2126 3542 2248 3573 rom.

1233 3605 1511 3654 Pontificum
1537 3605 1884 3674 obsequendum
1915 3624 2015 3657 esse
2027 3608 2249 3673 proviso-

1234 3689 1306 3736 ris
1320 3722 1336 3750 ‚
1368 3688 1528 3739 saltem
1557 3706 1655 3739 non
1676 3690 2042 3756 dogmatizando
2060 3699 2246 3740 contra-
