2514 4218
282 182 403 243 208

907 198 1106 239 TnAc‘r.
1150 198 1220 238 DE
1261 201 1416 241 touls
1456 204 1831 246 THEOLOGICIS.

282 343 622 425 anglicana,
665 340 782 402 dici
832 341 1052 424 pariter
1094 336 1270 399 debet
1318 338 1392 401 de
1434 342 1680 406 Ecclesia
1714 369 1896 428 graeca
1932 349 1996 407 in
2036 369 2192 411 novo
2227 368 2406 430 regno

280 439 633 515 constituta,
672 437 746 498 de
771 435 1020 496 Ecclesia
1058 435 1271 495 russica
1292 481 1308 511 ,
1350 437 1678 517 evangelica
1705 463 1806 502 seu
1838 443 2131 504 borussica
2167 443 2411 527 aliisque

283 534 600 615 ejusmodi·
628 552 754 616 quae
776 530 997 590 scilicet
1019 551 1224 591 omnes
1245 531 1504 593 Ecclesiae
1529 535 1851 597 nationales
1876 561 1942 600 ac
1961 540 2208 623 politicae
2233 551 2407 617 sunt,

283 653 412 715 quae
446 630 599 690 ultra
632 626 872 686 ditionis
910 626 1251 710 temporalis
1289 630 1436 690 fines
1458 629 1909 715 uniuscnjusque
1942 647 2126 697 status
2163 637 2410 697 minime

280 725 747 812 protenduntur
761 722 871 801 (l).

366 823 506 883 318.
541 819 633 878 Sic
654 818 831 878 etiam
852 816 1065 878 falsum
1087 829 1199 895 est,
1218 820 1376 904 quod
1396 820 1720 898 universim
1733 824 2011 884 asseritur
2035 824 2110 885 de
2132 827 2404 889 Ecclesia·

281 940 414 979 rum
453 914 889 995 anglicanarum
919 914 1057 990 fide,
1093 937 1223 976 eam
1258 917 1474 977 scilicet
1503 940 1625 977 non
1666 919 1911 1001 privatae
1935 909 2409 1001 interpretationi

281 1013 740 1094 Scriptnmrnm,
767 1009 873 1071 sed
901 1011 1097 1070 sensui
1119 1010 1477 1071 traditionali
1497 1023 1554 1073 et
1578 1014 1836 1075 Ecclesiae
1860 1017 2189 1076 auctoritati
2210 1017 2403 1078 inniti.

280 1109 507 1170 Etenim
538 1130 660 1167 non
691 1128 874 1190 pauca
904 1107 1170 1186 ejusdem
1200 1106 1460 1169 Ecclesiae
1500 1111 1819 1190 anglicanae
1846 1112 2113 1172 membra
2140 1114 2412 1192 reJiciunt

281 1204 689 1266 auctoritatem
715 1203 1082 1280 traditioniS‚
1129 1202 1224 1267 vel
1251 1205 1500 1287 siquam
1539 1207 1900 1284 admittunt,
1943 1230 2015 1268 ex
2062 1230 2129 1268 ea
2173 1219 2410 1270 tantum

278 1314 446 1386 parte
485 1314 548 1365 et
574 1307 745 1384 juxta
782 1323 919 1362 eum
969 1323 1209 1363 sensum
1234 1302 1594 1380 admittunt,
1641 1306 1742 1387 qui
1787 1327 1921 1366 cum
1950 1317 2122 1367 sectae
2158 1307 2411 1389 propriae

278 1553 577 1619 anglicanum
599 1590 613 1614 ‚
635 1554 701 1602 sic
718 1561 772 1602 ut
791 1550 931 1600 ambo
956 1550 1168 1600 eamdem
1185 1568 1304 1617 pene

277 1640 501 1704 originem
518 1673 533 1698 ,
565 1638 749 1687 easdem
773 1637 1111 1686 vicissitudines
1127 1654 1181 1685 ac
1199 1654 1306 1700 pro-

277 1739 450 1788 gressus
481 1721 694 1769 habuisse
729 1737 947 1786 agnoscas
990 1728 1208 1784 oportet,
1251 1735 1306 1769 ae

276 1805 473 1872 proinde
513 1805 641 1871 quod
679 1805 861 1869 jamdiu
898 1803 1111 1851 Ecclesiae
1150 1801 1305 1853 Patres

276 1888 509 1954 judicium
532 1886 583 1935 in
611 1887 809 1936 schisma
827 1885 1175 1934 Donatistarum
1195 1904 1302 1950 pro-

274 1971 514 2030 tulerunt,
549 1970 674 2019 idem
710 1986 839 2017 nunc
867 1967 1119 2016 Ecclesiam
1152 1969 1304 2035 angli-

277 2070 441 2101 canam
456 2091 469 2115 ,
483 2053 651 2101 frustra
668 2052 727 2100 ab
744 2050 1069 2099 oxoniensibus
1087 2049 1229 2097 lotam
1248 2068 1302 2099 ac

282 2136 554 2200 perpolitam
574 2171 586 2193 ‚
618 2134 863 2200 percellere
895 2142 940 2181 et
966 2132 1297 2182 condemnare.

256 2199 399 2263 'Illud
443 2215 599 2281 Optati
634 2215 892 2264 Milevitani
940 2214 999 2262 de
1039 2213 1300 2262 schismatis

281 2297 633 2347 Donatistarum
649 2299 829 2364 origine
850 2335 863 2356 ,
889 2296 1015 2362 quod
1030 2295 1118 2343 hoc
1131 2313 1303 2361 nempe

275 2383 488 2447 00⁷1quoe
511 2381 765 2443 mulieris(
789 2380 1006 2441 Lucillae)
1035 2379 1301 2428 iracundia

269 2466 497 2531 peperit,
536 2463 753 2511 ambitus
790 2463 1001 2511 nutrivit
1032 2499 1046 2523 ‚
1087 2463 1300 2510 avaritia

275 2547 518 2596 roboravit
546 2546 658 2611 (De
689 2546 884 2596 schism.
923 2545 1089 2594 donae.
1131 2544 1215 2593 lib.
1250 2562 1299 2608 1,

275 2647 381 2696 cap.
432 2627 491 2693 ¹4
514 2667 528 2688 ‚
576 2645 684 2695 pag.
744 2627 803 2677 18
824 2665 836 2687 ,
883 2628 994 2676 edit.
1038 2627 1260 2691 Dupinii)
1280 2661 1295 2689 ‚

279 2732 437 2763 nonne
462 2713 699 2761 historiam
726 2709 875 2761 Annas
906 2709 1088 2757 Bolenae
1100 2744 1117 2769 ,
1143 2708 1295 2756 ambi·

279 2798 456 2845 tionem
489 2794 683 2844 Henrici
713 2809 824 2852 vm,
852 2809 948 2840 sese
970 2794 1020 2838 in
1051 2800 1186 2854 caput
1210 2790 1299 2838 Ec-

277 2879 423 2929 clesiae
441 2879 652 2944 erigentis
672 2913 687 2937 ‚
715 2878 858 2942 ipsius
882 2873 1074 2941 demum
1102 2871 1297 2939 ejusque

277 2962 557 3017 asseclarum
589 2963 639 3009 in
661 2960 797 3008 bonis
832 2957 1044 3005 Ecclesiae
1075 2955 1296 3019 diripien-

278 3042 350 3092 dis
383 3048 676 3108 rapacitatem
715 3040 854 3090 nobis
904 3039 1186 3088 adamussim
1223 3055 1296 3086 re-

278 3137 521 3192 praescntat
537 3132 555 3174 ’ἰ
571 3126 735 3175 Nonne
757 3124 871 3173 illud
893 3120 1134 3186 Augustini
1155 3138 1167 3169 ε
1189 3118 1296 3170 Ea-

276 3209 382 3258 dem
400 3227 466 3275 pa
474 3227 519 3257 rs
534 3209 715 3259 Donati
726 3211 779 3256 in
794 3205 946 3256 multa
960 3206 1294 3252 minutissima

271 3292 434 3358 frusta
473 3294 710 3340 conscissa
751 3299 819 3339 est
859 3285 958 3354 (De
981 3287 1129 3353 Bapt.
1164 3294 1292 3336 cont.

277 3376 464 3425 Donat.
505 3373 591 3422 lib.
636 3390 682 3433 ι,
727 3391 831 3439 cap.
881 3371 968 3436 ια)
989 3406 1006 3432 ,
1054 3372 1295 3418 intestinas

279 3457 531 3523 anglicanae
565 3455 781 3504 Ecclesiae
805 3456 1049 3504 divisiones
1074 3455 1295 3502 innume-

277 3556 448 3606 rasque
478 3547 620 3588 sectas
640 3575 654 3598 ,
677 3554 782 3604 quae
804 3575 817 3599 ‚
838 3539 983 3588 velint
1010 3537 1160 3585 nolint
1185 3553 1296 3584 oxo-

275 3626 491 3686 nienses,
538 3638 598 3671 ex
627 3623 727 3688 ejus
756 3624 861 3670 sinu
907 3621 1038 3672 velut
1079 3637 1137 3689 ex
1178 3636 1296 3686 equo

1386 1554 1542 1619 ponit?
1567 1552 1725 1619 Ipsum
1746 1555 2073 1603 oxoniensium
2103 1556 2411 1622 principium,

1387 1635 1677 1701 anglicanam
1699 1635 1955 1685 Ecclesiam
1981 1646 2155 1701 partem
2171 1656 2269 1688 esse
2292 1654 2410 1688 verae

1385 1727 1434 1766 et
1464 1718 1701 1767 catholicae
1734 1718 1945 1767 Ecclesiae
1964 1717 2163 1781 Christi,
2196 1723 2410 1787 quamvis

1386 1817 1439 1850 ea
1472 1800 1602 1849 nullo
1634 1804 1824 1849 unitatis
1850 1819 1903 1850 ac
1926 1805 2159 1851 exterioris
2195 1801 2410 1853 commu·

1385 1884 1539 1931 nionis
1585 1884 1772 1932 vinculo
1809 1901 1916 1932 cum
1956 1887 2132 1934 caeteris
2165 1886 2406 1935 catholicae

1385 1964 1597 2014 Ecclesiae
1641 1966 1846 2032 partibus
1890 1969 2133 2032 copuletur
2169 2004 2182 2028 ‚
2228 1971 2327 2036 jam
2378 1987 2403 2018 a

1385 2046 1630 2096 Cresconio
1664 2049 1893 2098 donatista
1924 2049 2224 2109 adhibitum,
2261 2061 2406 2117 atque

1384 2130 1442 2178 ab
1487 2129 1750 2196 Augustino
1796 2132 2041 2197 explosum
2096 2132 2184 2180 fuit
2230 2132 2408 2197 (Cont.

1390 2213 1613 2262 Crescon.
1650 2212 1739 2262 lib.
1768 2230 1822 2261 111
1844 2251 1857 2273 ‚
1883 2231 1987 2279 cap.
2011 2211 2076 2262 62
2097 2251 2111 2274 ‚
2146 2212 2272 2279 66).
2320 2215 2412 2265 Sed

1382 2297 1485 2345 haec
1506 2299 1692 2344 nonnisi
1722 2314 1867 2362 pauca
1899 2308 2038 2358 sunt,
2069 2315 2119 2346 ex
2137 2300 2190 2345 iis
2215 2315 2320 2364 quae
2347 2297 2409 2347 cl.

1383 2389 1541 2429 auctor
1583 2379 1717 2428 docte
1744 2389 1883 2446 atque
1914 2383 2148 2446 ingeniose
2182 2383 2407 2445 congessit

1383 2464 1443 2512 ad
1460 2480 1599 2511 suum
1618 2468 1903 2530 propositum
1921 2466 2051 2512 omni
2065 2482 2118 2513 ex
2137 2473 2263 2528 parte
2277 2466 2409 2512 evin-

1387 2546 1614 2594 cendum.

1450 2628 1515 2693 (l)
1553 2626 1700 2694 Atque
1728 2627 1806 2674 hic
1837 2625 1996 2674 sedulo
2031 2624 2407 2674 animadverten-

1381 2708 1493 2758 dum
1521 2719 1587 2757 est
1607 2746 1621 2771 ‚
1657 2724 1819 2767 omnes
1846 2708 1989 2756 serme
2012 2710 2248 2755 societates
2270 2744 2284 2768 ‚
2304 2723 2408 2773 quae

1380 2808 1428 2840 se
1455 2791 1512 2838 ab
1535 2791 1736 2839 Ecclesia
1753 2791 1979 2839 catholica
2004 2798 2275 2855 separarunt
2292 2824 2308 2850 ,
2331 2789 2402 2837 ef·-

1381 2873 1525 2922 fectas
1578 2891 1675 2922 esse
1707 2874 1960 2922 nationales
2002 2910 2015 2932 ‚
2066 2874 2134 2921 uti
2195 2871 2400 2920 Ecclesia

1380 2973 1520 3022 graeca
1542 2958 1591 3003 in
1622 2974 1743 3004 novo
1769 2973 1913 3020 regno
1933 2994 1946 3016 ‚
1980 2955 2183 3004 Ecclesia
2209 2954 2404 3014 russina,

1380 3038 1585 3088 Ecclesia
1600 3039 1962 3097 britannica,seu
1972 3038 2121 3102 potius
2138 3034 2400 3099 anglicana,

1379 3122 1582 3171 Ecclesia
1612 3122 1867 3185 evangelica
1887 3156 1902 3183 ,
1932 3130 2021 3168 etc.
2047 3116 2150 3183 Quo
2180 3118 2231 3165 s1t
2255 3127 2306 3164 ut
2324 3135 2400 3166 so·

1379 3204 1566 3254 cietates
1596 3208 1689 3253 istae
1713 3203 1843 3250 sactae
1866 3203 2035 3249 fuerint
2054 3202 2193 3249 veluti
2211 3200 2402 3249 totidem

1378 3290 1537 3342 sormae
1562 3287 1780 3351 religiosae
1814 3287 2049 3349 regiminis
2090 3284 2275 3345 civitis3
2312 3285 2403 3331 sic-

1380 3389 1472 3438 que
1500 3372 1552 3418 in
1576 3369 1666 3418 illis
1692 3366 1913 3416 omnibus
1947 3367 2132 3431 politica
2164 3376 2210 3414 et
2241 3363 2402 3429 religio

1379 3471 1529 3503 unum
1569 3451 1683 3516 quid
1718 3450 1859 3499 simul
1894 3450 2116 3499 efficiunt.
2150 3448 2217 3497 Ea
2244 3458 2402 3496 tamen

1378 3553 1559 3601 semper
1587 3545 1653 3584 est
1673 3533 1877 3583 conditio
1908 3544 2051 3582 status
2083 3531 2324 3596 religiosi,
2346 3537 2401 3578 ut

1380 3637 1406 3668 e
1438 3619 1562 3667 civili
1592 3619 1815 3683 regimine
1849 3618 2042 3666 omnino
2074 3614 2290 3682 pendeat.
2329 3608 2395 3658 Ex

276 3705 456 3774 trojano
490 3705 761 3772 prodierunt
779 3741 794 3766 ‚
842 3704 979 3754 nobis
1031 3703 1092 3753 ob
1136 3703 1290 3751 oeulos
1371 3701 1462 3750 hac
1495 3700 1592 3750 sola
1626 3700 2026 3751 animadversione
2067 3705 2223 3764 patet,
2254 3702 2393 3741 totam
