2514 4218
254 126 371 185 518
800 138 1117 182 Tuci-arus
1161 143 1232 181 ΒΕ
1274 144 1429 183 mols
1459 140 1838 182 Tnnoioelcm.

252 287 791 363 ChalcedonenseS‚
833 309 965 368 neq.
994 289 1128 346 Jam
1166 309 1308 349 vero
1341 288 1851 347 irretractabilem
1885 286 2043 346 hunc
2077 308 2380 352 assensum

251 407 372 444 non
408 383 634 443 afficere
668 383 1030 464 pontificiam
1065 382 1504 460 definitionem,
1535 384 1741 443 ceteris
1772 383 1999 442 omissis
2025 381 2149 464 (1),
2179 396 2382 467 aperte

251 490 481 540 constat
515 500 585 538 ex
626 478 692 536 iis
716 478 880 560 ipsiS‚
924 499 1052 560 quae
1079 478 1440 557 objiciuntur
1470 478 1664 540 verbis
1697 501 1711 536 z
1753 478 1899 558 Qaoe
1920 478 2154 560 (Deus)
2183 492 2383 541 nostro

239 579 430 658 prius
472 578 806 634 ministerio
849 576 1156 654 definivit;
1195 575 1455 658 alioquin
1493 573 1742 635 absurde
1779 573 2125 634 deberemus
2162 575 2384 636 admit-

253 683 401 747 tere,
432 692 599 754 posse
634 672 959 739 retractariq
993 693 1123 753 quae
1146 694 1185 730 a
1209 674 1332 730 Deo
1355 673 1602 750 definita
1629 682 1799 756 Vsum.
1835 673 2038 751 Itaque
2068 670 2380 753 insequen-

252 766 411 826 tibus
469 764 663 827 verbis
721 788 735 824 :
810 767 1111 827 Universoe
1163 771 1581 846 fraternitatis
1633 767 2076 826 irretractabili
2117 768 2393 846 firmavit

250 885 530 931 assensu,
565 864 623 921 S.
658 863 771 923 Leo
800 865 1040 922 Patrum
1067 863 1632 924 Chalcedonensium
1667 863 2013 944 significavit
2046 884 2382 940 assensum,

254 980 433 1041 quem
477 960 982 1018 irretractabilem
1021 960 1267 1019 evasisse
1314 960 1569 1019 affirmat
1609 958 1684 1018 ob
1722 958 1953 1018 illorum
1991 957 2385 1019 adhaesionem

252 1057 565 1139 pontificiae
618 1056 979 1133 definitioni,
1035 1079 1171 1117 cum
1225 1070 1348 1117 tota
1400 1055 1835 1118 irretractabilis
1882 1057 1966 1117 vis
2014 1055 2386 1117 decretorum

256 1152 497 1212 Concilii
536 1153 861 1235 generaliS‚
898 1154 962 1212 in
999 1153 1089 1212 his
1129 1155 1502 1237 potissimum
1541 1175 1670 1236 quae
1707 1153 1783 1213 ad
1822 1152 2003 1212 fidem
2046 1153 2384 1235 pertinent,

255 1247 332 1308 ab
371 1249 597 1309 unitate
638 1249 898 1329 pendeat
932 1271 1067 1309 cum
1108 1250 1426 1331 apostolica
1474 1270 1734 1310 romanae
1761 1248 1922 1309 Sedis
1962 1248 2098 1309 fide.
2125 1249 2275 1309 Sane
2296 1294 2314 1324 ,
2341 1247 2389 1308 si

253 1345 314 1405 vi
347 1367 448 1403 sua
486 1344 855 1405 definitiones
882 1345 1277 1405 Conciliorum
1314 1347 1491 1406 etiam
1535 1344 1896 1427 generalium
1931 1343 2388 1406 irretractabiles

256 1452 489 1516 essent,
537 1440 751 1500 frustra
801 1444 999 1501 Patres
1043 1441 1547 1502 Chalcedonenses
1587 1441 1997 1522 efflagitassent
2031 1441 2393 1525 pontificiam

257 1536 763 1595 confirmationem
786 1581 802 1611 ,
844 1548 911 1595 ut
937 1539 1419 1597 irretractabilia
1445 1538 1658 1598 fierent
1680 1559 1886 1598 eorum
1920 1536 2150 1597 decreta
2166 1583 2183 1614 .,
2211 1547 2390 1620 prout

259 1652 357 1691 eos
398 1632 598 1691 fecisse
636 1632 908 1693 novimus
953 1632 1069 1713 (2).

340 1727 485 1786 765.
514 1726 602 1787 Ad
626 1726 870 1787 alteram
897 1728 1197 1809 sequelam
1219 1729 1471 1811 pariter,
1502 1729 1660 1789 Dist.
1686 1726 1960 1788 Liberum
1989 1749 2115 1788 esse
2144 1748 2393 1789 examen

259 1824 771 1896 confirmativum,
815 1845 1013 1899 conc.,·
1053 1824 1454 1887 dubitativum
1494 1847 1597 1885 seu
1629 1825 1693 1884 in
1731 1825 1938 1885 ordine
1976 1823 2051 1884 ad
2090 1846 2394 1884 assensum

261 1918 359 1980 vel
388 1918 710 1979 dissensum
734 1965 749 1993 ‚
789 1942 918 2000 neq.
951 1921 1094 1993 Quae
1125 1932 1191 1980 ut
1206 1921 1635 2002 intelligantur,
1654 1920 2249 1983 animadvertendum
2277 1931 2394 1996 est,

256 2019 356 2077 vix
386 2015 615 2098 prolata
646 2037 712 2075 ac
746 2015 893 2075 lecta
923 2016 988 2075 in
1027 2017 1290 2078 Actione.
1329 2018 1381 2076 II
1415 2018 1593 2076 Cone.
1629 2015 2118 2076 Chalcedonensis
2150 2015 2395 2097 epistola

256 2114 315 2172 S.
361 2113 604 2187 LeoniS.,
645 2134 678 2170 a
717 2111 983 2171 Patribus
1022 2113 1346 2172 universim
1395 2113 1778 2172 acclamatum
1825 2133 1949 2172 esse
1993 2134 2007 2171 :
2052 2113 2397 2173 Anatbema

258 2212 350 2285 ei,
388 2212 502 2288 qui
527 2211 631 2276 ita
675 2231 793 2267 non
835 2210 1044 2268 credit.
1078 2210 1300 2268 Petrus
1335 2231 1450 2289 per
1479 2211 1728 2269 Leonem
1766 2212 1857 2268 ita
1903 2207 2134 2268 locutus
2168 2218 2253 2267 est
2283 2207 2393 2289 (3).

259 2305 439 2385 Igitur
485 2325 776 2376 examen,
821 2305 979 2386 quod
1033 2306 1095 2364 in
1123 2307 1374 2385 gratiam
1431 2306 1850 2389 Episcoporum
1886 2307 2397 2385 Illyricianorum

259 2411 319 2460 et
363 2401 897 2461 Paloestinensiam
933 2401 1042 2460 sub
1086 2399 1268 2462 finem
1311 2403 1574 2482 ejusdem
1602 2404 1862 2463 ⁴actionis
1910 2403 2269 2485 permissum
2307 2413 2397 2461 est

262 2496 335 2557 de
363 2498 416 2556 S.
446 2498 651 2557 Leonis
677 2497 921 2580 epistola
944 2544 960 2574 7
1001 2487 1121 2557 non
1152 2501 1349 2581 potuit
1378 2522 1503 2560 esse
1533 2499 1931 2563 dubitativum
1961 2521 2094 2559 cum
2124 2498 2395 2560 libertate

260 2614 527 2653 assensus
570 2593 663 2656 vel
699 2593 1029 2669 dissensu8.‚
1091 2596 1196 2656 sed
1250 2597 1726 2656 confirmativum
1781 2597 1958 2679 plane
2000 2596 2144 2670 fuit,
2181 2606 2253 2655 ut
2284 2599 2399 2676 qui

257 2691 626 2751 dubitabant
666 2692 1022 2751 docerentur
1052 2692 1169 2772 (4).
1205 2693 1286 2751 Eo
1324 2692 1420 2754 vel
1454 2694 1635 2774 magis
1665 2693 1823 2774 quod
1860 2692 1934 2752 de
1969 2692 2241 2753 examine
2267 2712 2394 2771 age·

326 2924 402 2990 (l)
438 2926 622 2976 Etenim
649 2925 700 2975 S.
730 2925 852 2990 Leo,
879 2928 1090 2992 quamvis
1117 2925 1279 2974 indul·
1364 2926 1847 2993 eumdemPrincipem
1868 2922 2065 2994 rogavit,
2085 2944 2145 2974 ne
2160 2934 2393 2991 pateretur

265 3011 374 3057 serit
404 3009 659 3069 Marciano,
683 3019 738 3057 ut
753 3009 1048 3058 Chalcedone
1076 3009 1280 3058 celebra'-
1365 3010 1506 3059 fidem
1536 3012 1680 3075 quasi
1716 3010 1915 3058 dubiam
1947 3013 1998 3058 in
2026 3007 2211 3075 Synodo
2239 3018 2390 3058 retra-

263 3101 388 3140 retur
413 3091 673 3141 Concilium
693 3131 707 3155 ,
741 3095 921 3141 monuit
942 3103 1098 3142 tamen
1124 3092 1278 3157 Impe-
1367 3098 1509 3145 ctari.
1527 3095 1656 3144 Idem
1691 3099 1857 3161 repetit
1873 3097 2010 3160 epist.
2039 3110 2150 3142 xcni
2168 3130 2182 3153 ,
2205 3111 2305 3160 cap.
2333 3111 2389 3156 2,

266 3183 496 3231 rami-em,
536 3174 667 3238 epist.
708 3190 894 3235 mxxxii,
938 3176 1019 3222 cit.
1071 3174 1183 3245 edit.
1219 3190 1280 3220 ne
1363 3188 1407 3227 et
1434 3181 1566 3243 epist.
1597 3195 1717 3227 xcxv.

261 3258 544 3321 cujusquam
558 3259 757 3320 procaci
770 3255 1160 3323 imprudentique
1175 3272 1278 3304 ver·
1430 3261 1494 3325 (2)
1532 3261 1633 3310 cfr.
1677 3259 1899 3307 Ballerin.
1947 3268 2047 3306 tum
2088 3260 2138 3306 in
2176 3276 2255 3324 op.
2301 3261 2384 3308 cit.

263 3339 393 3385 cutia
411 3340 552 3403 quasi
572 3337 628 3385 de
647 3334 823 3386 incerto
841 3340 959 3404 quid
975 3337 1276 3386 sentiendum
1360 3361 1465 3409 cap.
1496 3343 1553 3390 13
1567 3377 1583 3401 ,
1613 3339 1749 3407 n.'69
1766 3378 1778 3400 ‚
1804 3350 1905 3388 tum
1927 3342 1975 3387 in
1997 3351 2098 3390 not.
2130 3357 2158 3388 2
2173 3378 2188 3403 ,
2216 3342 2275 3390 ad
2300 3343 2381 3390 cit.

263 3422 328 3468 sit
351 3422 523 3468 siner-it
553 3422 771 3485 inquiri,
800 3439 887 3469 ‘nec
920 3421 1192 3488 cujusmodi
1211 3423 1276 3468 sit
1357 3425 1527 3495 Epist.
1557 3425 1723 3472 Leonis
1752 3422 1818 3471 ad
1842 3422 1891 3470 T
1890 3421 2208 3473 beodoretmn.

256 3505 378 3568 fides
405 3503 638 3562 tenenda,
681 3520 779 3551 esse
811 3505 1149 3566 tractandum,
1194 3505 1278 3552 sed
1429 3505 1499 3569 (3)
1538 3505 1677 3570 Apud
1694 3504 1925 3554 Harduin.
1946 3505 2075 3554 Acta
2089 3505 2238 3555 Cone.
2260 3515 2296 3555 t.
2314 3519 2378 3566 11,

259 3604 459 3650 quorum
479 3586 704 3653 precibus
734 3595 779 3634 et
820 3586 1025 3650 qualiter
1053 3603 1276 3635 annueri·
1362 3588 1454 3637 col.
1486 3584 1603 3636 306.

258 3670 392 3721 dunt.
410 3670 465 3719 Et
484 3674 532 3720 in
547 3672 648 3719 aliis
664 3671 825 3720 litteris
839 3708 852 3732 ‚
872 3674 1006 3735 epist.
1020 3688 1187 3736 nempe
1202 3688 1273 3734 xc,
1430 3669 1494 3732 (lo)
1532 3669 1658 3718 lbid.
1692 3670 1781 3720 col.
1812 3668 1931 3734 307,
