2514 4218
539 231 691 269 nur.
735 231 775 266 1.
824 229 946 266 GAP.
991 226 1074 264 111.
1126 228 1191 263 1111
1232 222 1496 264 acutuslffl
1541 223 1714 260 noris.
2057 198 2168 258 157

78 380 325 455 firmum
361 375 481 433 Dei
509 372 980 450 fundamentum
1022 378 1177 439 stat,
1216 388 1280 426 ac
1315 366 1420 424 Dei
1445 362 1849 447 promissiones
1889 382 2011 422 non
2040 383 2176 422 eva—

89 470 428 531 cuabuntur.
457 464 709 539 Accedit,
737 467 1063 522 Romanum
1084 462 1427 521 Pontificem
1459 461 1520 517 in
1549 458 1655 518 hac
1682 457 1988 537 encyclica,
2015 457 2174 538 dum

89 564 372 637 Ecclesiae,
412 561 459 619 si
494 560 684 641 placet
705 605 720 634 ‚
753 558 904 617 mala
932 555 1264 638 gravissima
1295 554 1569 637 exponit,
1602 574 1890 612 sacrorum
1919 552 2174 635 eloquio-

83 679 214 716 rum
254 654 562 738 phrasibus
612 656 736 728 uti.,
779 653 988 734 quibus
1033 660 1257 710 veteres
1297 638 1598 730 Prophetae
1643 648 1845 731 populi
1877 648 1981 708 Dei
2021 647 2175 708 mala

82 749 596 830 reprehendebant
615 793 631 821 ,
670 749 814 829 quin
835 743 1044 806 exinde
1078 743 1342 802 concludi
1361 745 1570 824 possit,
1603 765 1675 804 ex
1712 744 2176 826 delinquentium

83 868 327 905 numero
371 858 429 906 et
475 844 845 927 improbitate
890 839 1197 900 Ecclesiam
1237 838 1400 898 illam
1442 852 1699 901 veterem
1746 841 1980 923 aliquod
2011 841 2073 899 in
2112 861 2177 900 se

84 942 495 1001 detrimentum
546 959 775 1022 passam
813 956 954 997 esse.
997 935 1068 992 Et
1114 932 1233 992 haec
1279 933 1518 1014 quidem
1566 935 1867 995 adversam
1917 935 2177 996 Ecclesiae

84 1036 286 1095 faciem
314 1034 668 1116 inspiciendo
686 1077 703 1107 ‚
732 1051 845 1112 quo
865 1050 1040 1092 sensu
1057 1027 1359 1086 Psalmista
1386 1027 1614 1090 dicebat
1637 1051 1650 1086 ε
1678 1031 1891 1089 Omnes
1916 1031 2178 1090 declina·-

84 1141 324 1200 verunt‚
348 1139 405 1190 et
440 1125 740 1210 Apostolus
777 1144 791 1181 z
831 1124 1047 1182 Omnes
1074 1133 1393 1202 quaerunt,
1434 1144 1566 1202 quae
1594 1145 1706 1181 sua
1742 1135 1902 1195 sunt.
1939 1124 2108 1198 Quod
2129 1125 2179 1185 si

82 1224 356 1283 voluisset
384 1223 584 1282 faciem
604 1218 845 1278 alteram
872 1216 1164 1277 delineare
1182 1260 1200 1290 ,
1226 1218 1509 1298 potuisset
1529 1218 1788 1298 profecto
1811 1238 1941 1278 cum
1965 1219 2175 1279 iisdem

82 1317 453 1400 scriptoribus
491 1313 661 1373 sacris
699 1332 828 1372 eam
864 1332 1068 1370 vocare
1106 1311 1210 1369 Dei
1241 1309 1564 1390 peculium,
1610 1324 1843 1390 gentem
1877 1324 2172 1388 sanctam,

83 1435 260 1493 genus
293 1411 570 1484 electum,
608 1418 673 1466 ut
712 1407 775 1464 in
817 1405 1123 1488 Scripturis
1161 1404 1335 1463 moris
1378 1416 1469 1464 est
1494 1449 1510 1478 ‚
1555 1404 1678 1464 sive
1722 1426 1854 1464 cum
1893 1405 2174 1483 laudant,

82 1509 200 1569 sive
231 1528 360 1567 cum
395 1504 751 1585 vituperant.

159 1602 301 1660 255.
347 1598 439 1659 Ad
469 1598 549 1656 6111
571 1644 585 1672 ,
624 1598 771 1677 Neq.
798 1596 1026 1656 Etenim
1050 1640 1065 1669 ,
1091 1595 1138 1653 si
1157 1594 1411 1653 coactiva
1432 1604 1583 1654 esset
1603 1593 1895 1653 catholicae
1920 1595 2181 1656 Ecclesiae

84 1697 300 1771 unitaS,
333 1693 453 1754 haec
475 1715 596 1752 non
622 1692 891 1773 coepisset
921 1690 1036 1749 nisi
1055 1687 1495 1770 insequentibus
1520 1688 1722 1748 seculis
1742 1700 1877 1772 post
1901 1690 2176 1750 instituta

82 1789 469 1871 inquisitionis
504 1785 816 1846 tribunalia
836 1832 851 1860 ‚
875 1784 969 1844 ad
990 1804 1115 1867 quae
1137 1783 1497 1844 adversarius
1534 1782 1774 1858 alludit3
1813 1805 1934 1842 non
1959 1784 2180 1864 vigeret

79 1991 337 2030 extraneus
352 1981 582 2046 princeps
603 2017 615 2036 ‚
640 1994 849 2045 persona
865 2016 877 2036 ,
905 1975 1083 2043 proela-

79 2072 155 2110 tus
185 2099 198 2121 ‚
245 2069 392 2109 status
436 2070 520 2108 avet
548 2062 767 2127 potentia
809 2059 947 2107 habet
999 2066 1086 2107 aut

1173 1977 1286 2046 Tua
1313 2015 1326 2036 ‚
1364 1986 1514 2043 prout
1556 1987 1598 2025 ee
1627 1978 1828 2042 qesseris
1845 2016 1857 2037 ,
1886 1995 2173 2030 ursanum.

1165 2057 1281 2108 Haec
1300 2060 1484 2124 epistola
1499 2096 1514 2121 ,
1540 2076 1596 2108 ex
1623 2062 1733 2108 actis
1754 2060 1995 2109 dioeceseos
2017 2061 2175 2109 Elien-

82 2142 247 2189 habere
288 2142 419 2189 debet
463 2141 612 2189 ullam
645 2141 1073 2203 jurisdictionem,

89 2225 468 2288 superioritatem
485 2261 499 2282 ‚
531 2219 940 2287 praeeminentiam
952 2258 970 2284 ,
1013 2220 1088 2270 vel

91 2307 413 2352 auctoritatem
442 2303 803 2351 ecclesiasticam
821 2339 836 2363 ,
866 2305 966 2352 sive
985 2301 1084 2367 spi—

91 2385 312 2434 ritualem
346 2385 478 2449 infra
507 2386 651 2448 (forte
673 2387 832 2448 incra)
869 2383 955 2432 hoe
985 2402 1088 2448 req-

89 2483 236 2526 num,
283 2476 375 2515 etc.
417 2466 516 2514 cfr.
556 2467 677 2532 apud
715 2464 930 2515 Bellarm.
988 2464 1080 2513 Re-

88 2549 276 2614 sponsio
306 2547 380 2595 ad'
404 2547 669 2613 apoloqiam
699 2564 791 2613 pro
802 2550 1084 2613 juramento

80 2628 362 2692 fidelitatis,
404 2647 508 2694 spp.
550 2630 662 2678 edit.
706 2629 871 2677 Venet.
917 2644 1037 2694 ¹72¹
1064 2663 1078 2684 ‚

89 2722 203 2762 tom.
225 2731 252 2761 v
270 2750 282 2773 ,
311 2729 413 2777 pag.
448 2708 558 2760 158.
589 2698 799 2777 Quanam
825 2715 980 2759 autem
1016 2727 1089 2758 ra-

91 2797 212 2845 tione
245 2813 508 2861 supremum
536 2795 663 2842 hunc
692 2794 971 2860 spiritualem
996 2795 1087 2859 pri-

90 2889 264 2926 matum
308 2889 532 2927 exerceret
570 2880 687 2925 inter
724 2888 892 2926 ceteras
933 2879 1087 2942 regina

88 2959 394 3008 immaculata
477 2958 736 3008 Elisabetha
764 2996 778 3019 ,
855 2961 1086 3025 specimen

89 3060 216 3092 sume
244 3061 300 3092 ex
330 3043 519 3109 epistola
551 3043 610 3091 ad
642 3043 892 3109 quemdam
917 3057 1086 3106 praesu-

91 3122 207 3183 lem,
240 3142 471 3192 quamque
510 3124 593 3172 tibi
629 3142 684 3173 ex
722 3123 896 3189 anglica
932 3122 1084 3188 lingua

93 3218 350 3253 conversam
362 3206 439 3255 hic
453 3206 665 3273 subjicio.
684 3206 732 3253 A
735 3204 865 3252 udax
869 3203 1054 3270 proesul
1060 3204 1082 3250 J

99 3281 282 3332 Certior
296 3287 454 3353 effecta
470 3303 596 3347 sum,
625 3296 667 3334 te
694 3288 956 3352 sequiorem
987 3303 1084 3334 esse

88 3365 145 3411 in
165 3381 353 3415 munere
381 3377 460 3417 tuo
487 3368 773 3434 exequendo.
803 3367 903 3417 Sed
958 3370 1082 3417 scias

91 3443 228 3493 velim
244 3481 260 3505 ,
290 3448 411 3510 quod
436 3466 515 3514 eqo
532 3486 546 3511 ‚
569 3467 675 3515 quoe
701 3459 742 3499 te
765 3450 864 3515 feci
883 3449 938 3498 id
956 3450 1083 3515 quod

89 3543 136 3575 es
155 3562 169 3586 ‚
199 3535 243 3574 te
254 3543 446 3591 possum
473 3532 616 3579 etiam
639 3533 866 3597 infectum
892 3531 1051 3597 facere
1061 3551 1082 3594 ,-

86 3624 145 3656 ao
168 3609 269 3655 nisi
287 3623 460 3656 munus
473 3618 607 3660 tuum
621 3616 782 3662 statim
797 3613 1074 3681 adimpleas,

76 3704 169 3754 per
196 3687 347 3738 Deum
366 3725 381 3752 ,
414 3697 457 3738 te
490 3698 608 3740 veste
634 3697 858 3758 protinus
880 3695 1071 3747 eruam.

1164 2142 1224 2187 sis
1264 2150 1496 2199 extracta,
1543 2139 1738 2204 puhlicis
1787 2143 1904 2206 typis
1945 2141 2064 2189 edita
2108 2151 2177 2190 est

1163 2224 1214 2268 in
1235 2220 1435 2268 Londtm
1457 2219 1717 2285 Maqazine
1731 2221 1842 2272 Jun.
1866 2219 2010 2288 1761.
2030 2222 2176 2289 Quor-

1165 2319 1266 2348 sum
1287 2319 1393 2350 vero
1412 2303 1513 2349 haec
1529 2305 1553 2349 ‘2
1581 2299 1761 2351 Scilicet
1776 2314 1827 2351 ut
1849 2314 2015 2367 pateat,
2034 2320 2177 2370 quam

1166 2386 1320 2447 inepte
1345 2392 1447 2447 agat
1476 2382 1653 2430 Palmer
1670 2419 1684 2442 ,
1728 2385 1835 2448 qui,
1865 2394 1918 2432 ut
1945 2385 2173 2449 anglicani

1168 2472 1309 2511 coetus
1341 2463 1696 2528 dependentiam
1720 2481 1746 2511 a
1787 2465 2013 2529 regimine
2047 2466 2172 2514 civili

1168 2547 1218 2592 iu
1266 2548 1455 2610 negotiis
1510 2546 1822 2611 spiritualibus
1870 2548 2169 2610 cohonestet,

1168 2627 1306 2675 nobis
1328 2644 1444 2693 saepe
1467 2628 1581 2677 adeo
1602 2626 1760 2694 objicit
1781 2628 1921 2678 verba
1940 2629 2174 2680 Pontificis

1169 2709 1368 2776 Gregorii
1395 2711 1502 2760 XVI
1522 2748 1537 2772 ,
1563 2722 1615 2760 ut
1640 2715 1838 2774 evincat,
1855 2731 1950 2762 non
1975 2714 2175 2764 melioris

1168 2794 1446 2842 conditionis
1481 2811 1575 2844 esse
1603 2794 1853 2843 Ecclesiam
1901 2795 2175 2846 catholicam

1169 2874 1230 2922 ob
1280 2876 1512 2924 violentias
1532 2913 1546 2936 ‚
1575 2893 1691 2942 quas
1714 2877 1942 2925 interdum
1978 2879 2029 2925 in
2070 2895 2173 2928 eam

1168 2957 1380 3004 nonnulli
1426 2956 1659 3023 Principes
1698 2974 1907 3007 exercere
1942 2961 2168 3009 nituntur.

1168 3037 1389 3087 Potuisset
1402 3041 1500 3104 pari
1520 3042 1698 3087 ratione
1711 3056 1870 3104 urgere
1889 3042 2003 3100 vim,
2028 3059 2170 3107 quam

1166 3123 1217 3168 in
1261 3120 1525 3187 religionem
1556 3121 1847 3170 christianam
1885 3122 2053 3172 ethnici
2082 3123 2169 3173 lm·

1167 3213 1390 3268 peratores
1427 3213 1730 3252 exercuerunt
1748 3241 1762 3263 ‚
1794 3214 1872 3252 aut
1906 3207 1956 3253 in
1988 3206 2168 3272 religio-

1167 3302 1274 3334 nem
1325 3285 1598 3334 catholicam
1641 3284 1869 3352 Principes
1909 3287 2164 3340 acatholici.

1166 3365 1285 3432 Quid
1314 3369 1484 3417 evincit
1518 3369 1583 3415 vis
1623 3377 1781 3416 contra
1822 3386 1959 3418 omne
1983 3373 2060 3436 jus
2087 3387 2166 3419 ex-

1165 3450 1385 3498 trinsecus
1412 3447 1536 3496 illata
1550 3450 1574 3495 ?
1594 3446 1761 3498 Contra
1790 3468 1896 3499 vero
1917 3453 2161 3515 primatus,

1163 3549 1300 3598 quem
1331 3540 1506 3581 exercet
1535 3532 1771 3596 politicum
1795 3536 1998 3599 regimen
2014 3535 2063 3581 in
2083 3532 2163 3582 Ec-

1163 3614 1344 3664 clesiam
1382 3612 1668 3680 anglicanam
1689 3654 1703 3677 ‚
1737 3616 1906 3682 pendet
1934 3633 1986 3663 ex
2013 3616 2158 3681 ipsius

1162 3695 1371 3748 Ecclesiae
1404 3699 1728 3749 constitutione
1754 3703 1804 3749 et
1830 3706 2008 3747 natura.
