2514 4218
254 158 376 219 502
862 175 1065 214 macr.
1110 177 1180 213 mi
1225 172 1375 212 Locis
1420 172 1798 212 rnaoroclms.

263 320 646 396 adversariis,
680 339 844 380 secus
881 339 947 378 ac
981 318 1129 378 ferat
1162 338 1366 378 sensus
1407 317 1776 400 antiquitatis
1802 317 2045 400 ipsaque
2075 320 2161 379 rei
2188 330 2398 382 natura

260 421 334 482 de
369 441 483 502 qua
519 417 708 499 agitur
741 418 863 500 (l),
902 427 1200 499 postrema
1225 413 1428 490 verba7
1468 425 1731 494 etportae
1767 418 1963 493 inferi
2008 436 2130 475 non
2150 438 2402 496 proeva·

259 518 467 576 lelium
497 515 787 575 adversus
816 535 991 586 eam,
1009 534 1145 571 >non
1179 510 1253 571 ad
1282 521 1513 594 petram
1533 555 1550 585 .,
1588 509 1693 569 sed
1719 509 1795 569 ad
1830 510 2138 571 Ecclesiam
2164 514 2399 588 refert-ig

261 623 526 672 attamen
546 656 562 684 ‚
595 610 707 670 nisi
749 607 1002 670 velimus
1029 607 1327 666 Christum
1363 607 1451 665 uti
1483 605 1733 664 stultum
1768 604 2155 666 architectum
2193 609 2405 668 tradu-

263 728 428 782 cere,
481 706 583 788 qui
641 703 718 763 ad
775 703 1192 763 sustinendum
1251 700 1692 783 regendumque
1749 699 2055 760 aedificium
2114 714 2406 765 aeternum

262 814 496 886 petram
523 800 764 881 elegerit
790 798 1057 881 fragilem
1081 809 1142 858 et
1166 799 1434 880 ineptam
1453 844 1468 873 ,
1509 796 1815 857 fatendum
1844 807 1956 871 est,
1998 797 2214 861 exinde
2235 799 2407 861 infal-

262 898 601 958 libilitatem
647 897 806 956 Petri
839 918 941 955 seu
971 893 1121 954 rom.
1159 895 1484 971 pontificis,
1523 894 1588 953 in
1632 893 1700 951 iis
1731 914 1863 975 quae
1895 891 1972 952 ad
2002 893 2183 954 fidem
2220 895 2411 978 perti-'

265 1007 435 1071 nent,
474 993 787 1054 evidenter
826 991 1208 1052 constabiliri.
1240 995 1309 1050 In
1341 993 1644 1051 communi
1679 992 1842 1051 enim
1878 991 2201 1052 hominum
2232 1014 2411 1054 sensu

265 1114 388 1151 non
421 1101 585 1172 petra
618 1111 721 1150 seu
753 1088 1211 1149 fundamentum
1246 1086 1601 1148 soliditatem
1640 1087 2105 1170 firmitatemque
2142 1111 2308 1149 suam
2333 1088 2408 1150 ab

267 1186 510 1248 aedificio
544 1185 826 1267 acquirit,
861 1184 962 1245 sed
991 1206 1023 1244 e
1058 1205 1341 1245 converso
1371 1183 1681 1243 aedificium
1712 1206 1743 1242 a
1783 1182 2191 1246 fundamento,
2224 1184 2338 1244 Sed
2365 1185 2416 1244 si

268 1286 474 1344 Petrus
519 1283 582 1341 in
628 1281 765 1341 fidei
813 1280 1059 1341 decretis
1106 1279 1413 1340 reformari
1472 1279 1546 1338 ab
1597 1279 1847 1339 Ecclesia
1901 1291 2097 1361 posset
2126 1326 2142 1355 .,
2204 1292 2418 1363 praeter

271 1378 528 1439 absurda
542 1377 666 1452 illa7
698 1376 773 1436 de
797 1375 1008 1458 quibus
1031 1376 1208 1458 paulo
1232 1387 1370 1436 ante
1384 1375 1663 1447 diximusq
1692 1386 2058 1457 sequeretur,
2092 1398 2216 1436 non
2231 1376 2419 1438 Eccle-

271 1476 419 1535 siam
467 1495 569 1533 seu
614 1471 925 1532 aedificium
964 1494 997 1531 a
1037 1474 1249 1546 Petr0‚
1289 1471 1679 1532 fundamento
1720 1470 1973 1546 scilicet,
2025 1472 2415 1550 consolidari,

274 1570 376 1631 sed
417 1572 691 1644 Petrum,
731 1589 949 1649 nempe
995 1555 1460 1627 fundamentum
1501 1588 1535 1627 a
1582 1577 1984 1649 superstructo
2029 1565 2311 1642 aedificic,
2358 1567 2421 1629 id

278 1664 438 1749 quod
469 1663 688 1724 Christi
723 1662 1068 1724 adversatur
1101 1662 1430 1723 sententiae.
1472 1664 1551 1722 Eo
1585 1662 1766 1742 magis
1800 1662 1961 1744 quod
1996 1662 2262 1723 Christus
2289 1663 2423 1725 ideo

277 1760 530 1820 stultum
566 1759 865 1820 vocaverit
897 1758 1237 1834 hominem,
1271 1762 1433 1837 cujus
1470 1759 1681 1818 domus
1713 1757 1925 1819 cecidit
1960 1780 2032 1819 ex
2060 1760 2422 1821 irruentibus

276 1854 568 1917 imbribus
623 1867 682 1915 et
721 1854 1002 1914 flantibus
1041 1855 1272 1930 ventiS,
1318 1855 1453 1937 quia
1493 1854 1660 1915 illam
1700 1877 1826 1914 non
1863 1854 2199 1916 aedificasset
2246 1878 2424 1938 super

279 1953 514 2011 firmam
553 1961 784 2033 petram
803 1996 819 2025 ,
846 1949 949 2010 sed
975 1951 1169 2033 potius
1196 1950 1532 2011 inordinate
1562 1972 1740 2033 super
1775 1972 2016 2011 arenam
2047 1952 2423 2011 extruxisset.

280 2050 358 2108 At
396 2049 478 2106 ita
530 2068 592 2107 se
649 2046 912 2130 Christus
941 2047 1005 2105 in
1033 2046 1503 2109 adversariorum
1537 2046 1848 2130 hypothesi
1897 2046 2074 2130 plane
2107 2048 2379 2128 gessisset
2407 2092 2424 2122 ‚

284 2143 442 2226 quod
478 2142 574 2202 vel
607 2142 862 2225 cogitare
898 2141 1190 2202 absonum
1226 2156 1287 2203 et
1327 2144 1577 2226 impium
1617 2154 1788 2202 esset.

382 2237 524 2298 735.
575 2238 837 2297 Tertium
895 2237 1149 2320 denique
1201 2237 1372 2297 nobis
1431 2238 1773 2322 suppeditat
1815 2239 1870 2299 S.
1909 2240 2207 2314 JoanneS,
2247 2239 2382 2298 XXI
2409 2283 2426 2313 ‚

290 2334 365 2394 15
399 2345 459 2394 et
496 2355 619 2416 seq.
655 2334 718 2392 in
754 2333 867 2394 illis
907 2333 1102 2394 verbis
1137 2357 1171 2394 a
1207 2334 1444 2394 Christo
1480 2333 1746 2396 redivivo
1789 2334 1965 2394 Petro
1997 2332 2166 2394 dictis
2195 2356 2209 2393 ε
2239 2335 2431 2394 Pasce

283 2453 465 2513 agnos
494 2452 703 2490 mooe...
732 2452 912 2508 pasce
946 2453 1074 2491 oves
1100 2454 1291 2491 meas.
1326 2430 1579 2491 Pastoris
1606 2430 1783 2510 hujus
1831 2452 2051 2490 munus
2082 2452 2207 2490 non
2239 2429 2430 2489 solum

283 2527 348 2586 in
381 2526 899 2587 Sacramentorum
933 2527 1472 2604 administratione,
1504 2549 1713 2589 verum
1739 2526 1919 2587 etiam
1939 2572 1955 2602 ,
1998 2527 2119 2586 imo
2144 2525 2432 2607 praecipue

286 2624 349 2680 in
384 2643 534 2683 verae
560 2621 843 2682 doctrinae
870 2623 1200 2683 ministerio
1228 2624 1511 2683 consistit.
1546 2626 1724 2683 Porro
1752 2622 2021 2682 Christus
2047 2643 2156 2705 per
2181 2620 2432 2681 adducta

288 2716 470 2778 verba
509 2721 750 2779 Petrum
786 2720 1044 2788 universi
1087 2720 1276 2799 gregis
1311 2720 1435 2794 sui,
1475 2740 1764 2799 agnorum
1799 2730 1859 2778 et
1896 2719 2096 2781 ovium
2136 2729 2434 2801 pastorem

289 2815 627 2889 constituit3
666 2837 847 2898 quare
865 2862 882 2890 .,
921 2814 1059 2875 licet
1082 2815 1348 2898 Episcopi
1378 2825 1642 2898 pastores
1675 2815 1792 2874 sint
1815 2826 2089 2897 respectu
2118 2814 2272 2873 illius
2299 2832 2433 2892 gre-

293 2909 376 2988 gis
403 2911 689 2992 portionis
713 2957 729 2986 ,
772 2911 1186 2994 quaeipsorum
1221 2931 1371 2971 curae
1395 2912 1703 2970 commissa
1737 2922 1825 2971 est
1862 2934 1876 2973 z
1908 2912 2182 2984 Pascite,
2223 2913 2340 2988 qui
2364 2913 2432 2967 in

287 3007 452 3064 vobis
487 3018 571 3065 est
601 3029 839 3088 gre-qam
889 3009 1042 3076 Dei..
1083 3019 1349 3068 attamen
1389 3019 1450 3068 et
1487 3009 1598 3091 ipsi
1648 3009 1782 3089 agni
1819 3019 1921 3072 aut
1961 3028 2097 3067 oves
2134 3014 2274 3064 sunt
2308 3026 2434 3064 res-

286 3111 462 3182 pectu
497 3105 763 3184 supremi
800 3104 1081 3184 pastoris,
1126 3104 1347 3165 scilicet
1394 3105 1556 3165 Petri
1596 3125 1700 3164 seu
1742 3126 1896 3164 rom.
1940 3101 2234 3162 Pontificis
2259 3105 2430 3180 juxta

361 3351 427 3415 (l)
457 3350 554 3401 Cfr.
572 3352 689 3402 ibid.
706 3372 889 3404 necnon
916 3355 1199 3407 Emmanuel
1230 3355 1288 3406 Sa
1305 3395 1317 3417 ‚
1403 3373 1524 3406 rom.
1546 3354 1814 3415 pontificis,
1847 3372 1956 3403 cum
1981 3374 2081 3405 non
2108 3357 2194 3406 alia
2221 3356 2279 3405 de
2298 3371 2437 3404 causa

292 3429 490 3484 Scholia
503 3437 559 3483 in
575 3444 782 3500 quatuor
802 3437 847 3486 Ε
848 3438 1073 3504 vanqeh'a
1090 3478 1103 3501 ‚
1124 3442 1174 3488 in
1191 3440 1322 3489 hunc
1403 3439 1586 3488 dicatur
1610 3457 1634 3487 a
1649 3437 1837 3488 Christo
1852 3438 2062 3491 Domino
2079 3479 2094 3502 ‚
2119 3450 2275 3506 portas
2293 3441 2432 3489 inferi

295 3514 414 3579 loc.;
434 3520 646 3584 quamvis
665 3536 774 3568 vero
791 3519 1088 3571 Maldonatus
1109 3529 1157 3572 et
1176 3521 1319 3572 Corn.
1405 3521 1655 3586 praevalere
1693 3539 1790 3570 non
1842 3540 1976 3587 posse
2017 3523 2236 3574 adversus
2274 3523 2433 3572 Eccle-

295 3616 321 3647 a
354 3599 530 3666 Lapide
564 3601 828 3666 intelligant
854 3603 911 3652 de
933 3603 1168 3665 Ecclesia,
1203 3615 1321 3654 atta·
1404 3607 1519 3652 siam
1542 3640 1556 3663 ‚
1607 3622 1746 3670 quam
1795 3607 1924 3673 quod
1968 3607 2068 3657 haec
2111 3607 2334 3657 aedificata
2374 3608 2433 3655 sit

290 3697 400 3729 men
447 3682 615 3732 exinde
661 3683 887 3748 eolligunt
930 3684 1314 3736 infallibilitatem
1405 3702 1542 3752 supra
1567 3687 1749 3737 firmam
1779 3699 1976 3754 petram.
