2514 4218
334 198 447 257 166
947 218 1148 256 TRAc‘r.
1197 219 1264 254 ως
1309 217 1461 255 Locis
1505 221 1886 259 maome-icis.

329 359 466 419 dem
498 378 722 420 coaevus
759 360 969 441 aliquis
1009 358 1289 440 scriptor,
1327 358 1492 417 sicuti
1531 358 1606 418 de
1639 364 1862 440 Ignatio
1899 386 1929 422 a
1968 362 2169 442 Lojola
2201 364 2462 445 contigit.

330 454 543 515 Procul
565 455 743 515 etiam
767 477 800 514 a
826 454 954 513 loco
983 473 1075 513 res
1102 466 1276 534 gestae
1312 454 1520 536 saepius
1544 468 1898 533 narrantum
1941 459 2222 518 miracula
2249 459 2470 542 quippe

332 553 621 612 Francisci
656 550 890 612 Xaverii
931 551 995 609 in
1028 551 1256 634 Europa
1297 573 1369 611 ex
1401 551 1900 615 missionariorum
1933 555 2177 632 litteris7
2223 557 2332 616 hac
2374 578 2472 616 ra-

331 649 494 708 tione
514 669 633 707 suae
657 661 842 705 causae
869 646 1370 737 patrocinantium
1392 693 1408 723 7
1439 646 1798 708 claruerunt.
1827 650 1895 708 50
1919 651 2272 736 Plerumque
2293 653 2473 712 etiam

333 746 396 804 in
430 743 796 826 papistarum
832 743 1149 824 provinciis
1186 743 1495 803 abundant
1528 743 1840 822 miracula,
1878 744 1952 805 de
1988 745 2198 828 quibus
2236 748 2471 807 nullum

332 842 394 899 in
429 837 763 919 regionibus
797 840 1232 919 protestanticis
1271 841 1523 899 occurrit
1558 840 1889 920 vestigium.
1933 841 2239 901 Tentando
2278 844 2466 919 fiunt7

332 956 432 994 seu
459 933 789 1016 periculum
820 935 905 995 rei
931 935 1231 1012 faciende,
1258 936 1478 997 infelici
1504 938 1709 1019 saepius
1736 958 2002 999 successu
2022 983 2038 1014 7
2071 938 2268 1020 potius
2293 958 2474 1019 quam
2496 987 2514 1005 ‚

330 1041 489 1090 certa
520 1029 778 1112 quadam
807 1030 1028 1092 virtute
1054 1043 1114 1091 et
1143 1032 1251 1092 Dei
1273 1033 1561 1115 potentia.
1598 1035 1991 1116 Quaecumque
2015 1034 2191 1113 igitur
2215 1032 2476 1116 allegan-

328 1139 429 1187 tur
448 1173 465 1204 7
509 1127 596 1202 uti
627 1128 852 1188 incerta
893 1126 1166 1188 habenda
1194 1142 1334 1189 sunt
1354 1177 1370 1203 7
1409 1130 1507 1192 vel
1536 1130 1746 1193 saltem
1771 1153 2025 1213 quorum
2053 1129 2235 1191 lateat
2267 1151 2473 1208 causa,

328 1215 531 1284 utrum
561 1246 779 1308 nempe
814 1227 935 1285 Deo
964 1236 1199 1286 auctore
1236 1238 1468 1310 patrata
1498 1226 1748 1287 dicenda
1771 1228 1890 1287 sint
1914 1228 2028 1308 (1).
2069 1228 2139 1286 60
2177 1227 2328 1286 Hinc
2367 1249 2478 1288 nec

330 1324 491 1381 inter
533 1342 913 1382 romanenses
955 1320 1235 1382 videntur
1285 1323 1564 1383 miracula
1611 1323 1733 1384 sola
1792 1324 2018 1385 censeri
2069 1321 2479 1406 probationem

336 1417 726 1478 sufficientem
755 1418 1034 1499 perfectae
1066 1419 1410 1478 sanctitatis·
1440 1419 1805 1479 Christianus
1834 1422 2030 1502 Lupus
2057 1417 2260 1478 scribit
2287 1440 2302 1476 ι
2337 1417 2480 1478 Non

330 1517 589 1593 quoevis,
632 1515 767 1573 licet
809 1516 1132 1574 miraculis
1170 1516 1511 1590 illustrata,
1530 1517 1790 1592 justitia
1827 1517 1913 1575 ad
1957 1517 2481 1576 canonizationem

337 1609 552 1687 sufficit
567 1631 589 1679 ;
637 1632 753 1669 csse
781 1610 945 1669 dehet
976 1613 1278 1680 eminens,
1314 1621 1370 1668 ct
1409 1611 1491 1669 ab
1525 1613 1698 1669 omni
1729 1614 1916 1670 etiam
1944 1615 2136 1689 famae
2168 1631 2331 1670 noevo
2358 1614 2482 1669 im-

336 1707 652 1764 maculata
686 1706 796 1786 (2).
831 1706 1024 1787 Atque
1057 1705 1134 1764 ad
1173 1705 1347 1783 hujus
1372 1705 1707 1766 assertionis
1746 1707 2254 1767 confirmationem
2278 1727 2480 1766 exem-

337 1800 508 1883 plum
543 1801 783 1860 adducit
827 1800 1071 1861 Roberti
1106 1800 1530 1885 Lincolniensis
1574 1803 1868 1885 Episcopi,
1909 1804 2010 1884 qui
2051 1824 2175 1862 sese
2206 1801 2479 1884 opposuit

336 1897 606 1956 Romano
635 1898 903 1956 Pontifici
924 1942 940 1968 7
981 1896 1054 1958 de
1069 1918 1185 1979 quo
1210 1896 1412 1956 scribit
1440 1897 1725 1956 Henricus
1751 1897 2163 1978 Chryghtonus
2198 1918 2214 1955 τ
2246 1897 2387 1956 Hac
2410 1898 2481 1954 de

333 2015 561 2066 causa,
593 1998 875 2073 quamvis
909 1995 1212 2053 Robcrtus
1246 1995 1593 2072 perspicuis
1629 1994 1931 2073 efficlyeret
1956 1994 2318 2064 miraculis,
2356 2012 2480 2051 non

335 2099 421 2149 est
440 2094 784 2168 permissus
805 2091 1174 2147 canonizari
1197 2086 1304 2169 (3).
1334 2088 1402 2147 7⁰
1417 2086 1625 2148 Baillet
1651 2087 2100 2163 animadvertit7
2119 2088 2274 2147 viros
2302 2088 2481 2146 mira-

338 2184 484 2245 culis
519 2197 578 2245 et
609 2186 920 2243 sanctitate
947 2183 1131 2243 claros
1158 2183 1463 2244 interdum
1490 2185 1554 2243 in
1590 2184 1940 2243 Sanctorum
1978 2207 2360 2244 romanorum
2383 2205 2480 2244 ca-

335 2281 595 2362 talogum
632 2282 881 2340 minime
913 2281 1119 2341 referri
1142 2326 1157 2355 7
1191 2301 1260 2340 eo
1292 2281 1451 2362 quod
1477 2280 1852 2341 turbaverint
1883 2281 2105 2340 curiam
2131 2303 2439 2340 romanam
2459 2325 2477 2355 7

337 2389 439 2437 aut
461 2375 656 2458 aliqua
680 2378 910 2437 ratione
934 2375 1276 2436 scandalum
1296 2376 1617 2459 praebuisse
1639 2389 1992 2438 censeantur
2010 2377 2118 2460 (4).
2151 2378 2218 2437 80
2243 2379 2480 2438 Fatetur

330 2473 543 2551 Jesuita
576 2471 879 2532 Salmeron
904 2519 919 2549 7
962 2493 1132 2555 posse
1166 2472 1447 2532 miracula
1484 2495 1517 2532 a
1550 2472 1693 2534 falsa
1719 2475 1940 2556 patrari
1979 2474 2248 2533 Ecclesia.
2280 2474 2347 2531 90
2374 2473 2478 2530 Es-

340 2591 644 2652 pencaeus7
692 2570 840 2630 alter
880 2570 1186 2651 theologus
1238 2592 1551 2644 romanus7
1594 2571 1881 2648 affirmat,
1937 2569 2214 2630 miracula
2253 2571 2376 2629 Deo
2411 2590 2477 2628 ac

338 2668 596 2730 daemoni
621 2665 854 2726 Christo
886 2678 945 2725 et
973 2666 1320 2724 antichristo
1345 2687 1468 2724 esse
1497 2666 1830 2724 communia
1859 2664 2111 2746 (5).100
2142 2664 2477 2725 Admissum

339 2776 428 2826 est
458 2787 489 2823 a
517 2761 789 2823 Patribus
815 2763 1058 2836 Irenaeo7
1086 2760 1362 2842 Origene,
1394 2761 1686 2844 Cypriano
1715 2772 1774 2821 et
1800 2762 2143 2842 Augustino7
2171 2760 2477 2821 haereticos

341 2862 504 2942 signa
530 2882 595 2921 ac
631 2848 892 2943 prodigia
925 2868 1186 2941 patrasse
1208 2903 1224 2932 7
1263 2856 1422 2939 quod
1447 2879 1555 2917 nec
1590 2858 1927 2917 inficiantur
1962 2877 2339 2918 romanenses
2359 2855 2469 2938 (6).

341 2959 445 3017 110
479 2959 713 3017 Patrata
743 2966 882 3014 sunt
915 2954 977 3012 in
1008 2975 1215 3033 magna
1255 2955 1585 3035 quantitate
1613 2976 1644 3013 a
1674 2954 2021 3015 Jansenistis
2054 2953 2319 3034 (7).120
2353 2951 2474 3011 Sibi

404 3248 468 3313 (1)
507 3248 570 3296 lta
588 3248 747 3314 Paley,
768 3247 1038 3297 Evidenccs
1062 3245 1355 3309 ofchristia-
1438 3243 1613 3295 Saints
1632 3283 1645 3306 7
1682 3243 1707 3311 §
1734 3260 1828 3312 90.
1863 3254 1975 3293 tom.
2015 3261 2031 3289 1
2051 3281 2063 3302 7
2098 3262 2202 3309 pag.
2245 3242 2311 3310 95
2336 3281 2350 3306 ,
2380 3244 2466 3292 Pa-

330 3334 439 3397 nity
463 3368 477 3391 7
512 3350 642 3397 prop.
677 3349 732 3380 n.
773 3332 849 3380 ch.
888 3348 934 3387 1,
967 3330 1089 3393 apud
1119 3328 1317 3377 Kenrick
1335 3365 1349 3389 ‚
1441 3330 1501 3375 ris
1539 3323 1685 3394 1704.

330 3435 410 3482 op.
437 3418 519 3464 cit.
551 3431 654 3480 pag.
690 3432 804 3463 200.
1512 3411 1575 3477 (5)
1613 3410 1884 3475 Espencaeus
1905 3448 1919 3471 ,
1946 3412 1995 3457 in
2026 3426 2060 3456 11
2095 3410 2153 3458 ad
2174 3408 2305 3458 Tim.

393 3499 458 3563 (2)
480 3494 708 3549 Schol.in
727 3514 838 3545 can.
862 3508 976 3545 tom.
998 3513 1072 3554 m,
1098 3512 1202 3560 pag.
1228 3492 1347 3557 5717
1507 3493 1570 3556 (6)
1606 3491 1845 3557 Tournely
1882 3530 1894 3551 7
1943 3489 2015 3539 De
2049 3490 2184 3541 Eccl.
2236 3502 2353 3541 tom.
2399 3510 2414 3539 ι
2449 3528 2463 3554 7

330 3584 445 3632 edit.
471 3579 675 3632 Bruxell.
712 3577 860 3645 1673.
1435 3594 1543 3640 pag.
1592 3572 1706 3623 153.

402 3664 465 3728 (3)
503 3663 623 3712 Ibid.
1504 3656 1571 3722 (7)
1610 3657 1845 3707 Alluditur
1893 3658 1950 3704 ad
2003 3658 2225 3706 miracula
2281 3658 2461 3722 potissi-

401 3747 467 3810 (h)
505 3745 741 3794 Discours
756 3742 999 3790 surl’hise.
1024 3742 1083 3789 de
1110 3741 1155 3790 la
1182 3742 1256 3789 vie
1273 3742 1351 3788 des
1437 3758 1588 3801 mum,
1609 3756 1714 3806 quae
1745 3740 1862 3788 facta
1884 3740 2185 3805 perhibentur
2213 3740 2269 3788 ad
2302 3738 2457 3804 sepul-
