2514 4218
320 211 446 292 132
915 228 1105 267 rnAcr.
1152 227 1220 263 ms
1267 226 1417 264 roms
1461 228 1837 270 ruminalem.

231 446 236 451 ³
325 373 602 435 doctrinae
629 393 734 455 per
762 371 1181 432 successionem
1207 389 1626 450 personarum,
1654 393 1840 441 conc&
1861 373 1922 430 in
1945 371 2065 431 sola
2095 371 2449 453 successione

312 470 646 542 doctrinae,
684 490 779 526 ne
755 491 815 547 J
855 465 1022 523 Hoc
1006 486 1135 545 lpso
1171 464 1369 536 enim,
1396 463 1554 544 quod
1573 468 1742 542 juxta
1779 467 2138 526 adversarios
2175 447 2452 548 apostoli-

325 567 466 626 citas
513 565 778 625 consistit
822 563 884 619 in
933 561 1291 620 successione
1331 510 1650 634 doctrinae,
1700 582 1800 620 scu
1848 563 2042 644 potius
2077 564 2138 621 in
2173 562 2450 622 doctrinae

321 662 633 722 identitate
652 705 668 733 .‚
695 657 1011 735 consistere
1032 657 1303 716 eamdem
1331 666 1561 715 constat
1583 656 1648 715 in
1667 657 2025 716 successione
2045 679 2450 739 personarum.

328 757 581 836 Intelligi
605 754 823 835 quippe
847 753 1072 833 nequit,
1100 751 1394 834 quomodo
1418 751 1625 811 eadem
1641 752 1949 834 propagari
1963 753 2450 832 possitdoctrina,

319 855 463 937 quin
493 849 698 910 eodem
735 861 1003 932 tempore
1032 848 1142 907 sibi
1182 849 1437 909 invicem
1475 847 1789 906 succedant
1811 888 1846 921 ,-
1879 846 1980 928 qui
2023 847 2291 907 eamdem
2333 848 2451 908 do·-

318 949 570 1009 ctrinam
594 958 956 1028 propagent,
989 967 1127 1004 nam
1158 947 1340 1004 Fides
1369 966 1441 1003 eoe
1467 945 1759 1004 auditu...
1788 944 2072 1022 quomodo
2096 954 2298 1002 autem
2334 965 2453 1003 au-

318 1047 489 1104 dient
503 1047 632 1102 sine
646 1044 1027 1122 proedicante
1049 1040 1181 1121 (1)?
1217 1042 1401 1100 Unica
1431 1041 1606 1120 igitur
1632 1051 1692 1097 et
1713 1060 1847 1099 vera
1868 1028 2018 1098 ratio
2042 1038 2449 1120 cognoscendi,

316 1152 518 1201 utrum
556 1138 766 1200 eadem
803 1139 1007 1218 vigeat«
1031 1137 1298 1196 doctrina
1334 1183 1349 1210 ,
1392 1158 1524 1219 quae
1571 1134 1755 1195 semel
1793 1133 1866 1193 ab
1904 1133 2195 1216 Apostolis
2233 1134 2450 1194 tradita

317 1250 406 1299 est
431 1284 447 1313 ,
481 1237 759 1296 successio
785 1246 873 1294 est
895 1256 1099 1294 eorum
1125 1280 1140 1309 ,
1168 1234 1269 1315 qui
1306 1234 1432 1293 sine
1468 1232 1900 1314 interruptione
1936 1231 2011 1290 ab
2052 1230 2340 1313 Apostolis
2375 1230 2452 1291 ad

317 1357 422 1395 nos
452 1354 639 1416 usque
674 1342 1092 1415 perseverant,
1141 1351 1275 1389 cum
1311 1351 1452 1391 vero
1491 1328 1776 1407 ejusmodi
1810 1328 2091 1386 successio
2125 1326 2363 1385 nonnisi
2389 1327 2453 1385 in

314 1454 454 1493 vera
493 1430 707 1490 Christi
744 1427 991 1487 Ecclesia
1022 1427 1383 1509 reperiatur,
1423 1437 1587 1508 patet
1613 1425 1766 1484 hanc
1790 1435 1995 1483 notam
2027 1423 2175 1482 nulli
2214 1444 2452 1505 prorsus

319 1527 602 1602 societati,
623 1548 762 1608 quae
780 1524 995 1584 Christi
1029 1546 1147 1582 non
1170 1524 1268 1598 sit,
1294 1522 1491 1583 favere
1517 1514 1707 1603 posse.

399 1623 542 1683 230.
595 1623 682 1682 Ad
712 1623 796 1678 21¹¹
827 1667 842 1693 ,
873 1622 1031 1679 Dist.
1080 1618 1250 1677 Nulla
1294 1628 1383 1677 est
1419 1628 1573 1676 secta
1598 1662 1614 1692 ,
1652 1637 1780 1697 quae
1813 1638 1945 1676 eam
1979 1638 2039 1676 se
2075 1615 2291 1677 habere
2331 1637 2453 1675 non

299 1726 516 1800 jactet,
547 1739 709 1778 cone.
733 1742 752 1784 ‚·
787 1737 918 1798 quae
947 1736 1082 1774 vere
1114 1713 1352 1789 habeat,
1373 1713 1531 1794 quod
1554 1718 1738 1792 J'actat
1761 1734 1822 1772 se
1853 1712 2107 1787 habere,
2141 1735 2273 1794 neq.
2299 1715 2453 1772 Nam

300 1839 447 1877 *cum
478 1838 550 1876 ex
578 1813 755 1874 modo
779 1814 951 1873 dictis
975 1811 1205 1872 ostendi
1234 1822 1491 1893 nequeat
1516 1809 1739 1893 absque
1778 1832 2164 1893 personarum
2190 1809 2452 1891 legitima

312 1912 962 1974 successioneidentitas
986 1911 1266 1970 doctrinae
1289 1931 1423 1968 cum
1446 1929 1537 1982 ea,
1563 1929 1745 1990 quam
1760 1906 2019 1989 Apostoli
2036 1905 2449 1988 praedicarunt,

309 2011 419 2070 hac
449 2031 590 2071 vero
625 2019 862 2069 careant
894 2019 1064 2067 sectae
1106 2026 1345 2088 prorsus
1379 2024 1584 2064 omnes
1628 2004 1751 2065 sive
1784 2002 2073 2064 haereticae
2107 2004 2228 2063 sive
2264 2000 2451 2060 schis-

309 2107 572 2181 maticae,
621 2109 755 2184 jure
801 2104 1086 2177 infertur,
1128 2123 1436 2184 nunquam
1472 2099 1602 2160 illas
1640 2099 1951 2161 ostendere
1996 2119 2165 2181 posse
2211 2119 2274 2158 se
2313 2118 2445 2158 eam

240 2230 242 2235 ·
308 2203 607 2286 possidere
637 2200 1003 2273 doctrinam,
1045 2220 1174 2281 quae
1201 2197 1516 2280 apostolica
1549 2197 1644 2257 sit.

392 2298 535 2357 231.
587 2297 677 2357 Ad
701 2296 782 2355 3¹1¹
804 2343 820 2372 ,
858 2298 1017 2357 Dist.
1046 2295 1112 2354 ld
1139 2307 1249 2368 est,
1269 2293 1435 2353 nulla
1472 2305 1560 2353 est
1594 2305 1774 2369 secta,
1802 2315 1932 2375 quae
1961 2292 2068 2352 hoc
2104 2291 2282 2374 pallio
2306 2311 2447 2351 con-

298 2407 500 2477 tegere
537 2394 663 2452 nisa
691 2414 814 2451 non
843 2393 920 2451 sit
950 2391 1254 2474 propriam
1292 2389 1763 2473 perduellionem
1799 2389 2079 2450 adversus
2112 2388 2446 2469 legitimum

300 2512 463 2552 vverae
491 2488 757 2548 ‘Ecclesiae
794 2488 1229 2569 magisterium,
1266 2507 1477 2556 cone.‚·
1514 2507 1645 2568 quae
1687 2486 1874 2568 reipsa
1915 2485 1981 2544 id
2019 2486 2254 2558 fecerit,
2305 2504 2437 2563 neq.

310 2586 531 2647 Eodem
560 2583 740 2667 pallio
780 2586 869 2643 usi
906 2596 1047 2643 sunt
1077 2584 1310 2664 antiqui
1359 2583 1589 2641 Docetae
1612 2628 1627 2656 ,
1665 2581 2029 2642 Cerinthiani
2074 2601 2139 2640 ac
2185 2579 2444 2639 Gnostici

312 2705 429 2768 quo
482 2703 647 2740 suam
683 2691 953 2761 tegerent
994 2677 1458 2761 perduellionem
1519 2677 1801 2738 adversus
1845 2677 2243 2756 magisterium
2284 2675 2442 2757 Apo-

306 2778 595 2852 stolorum
621 2823 637 2852 ,
691 2787 758 2835 ut
791 2774 1007 2835 scilicet
1058 2784 1261 2832 eorum
1287 2773 1620 2833 doctrinam
1657 2784 1998 2835 revocarent
2034 2770 2109 2830 ad
2141 2771 2439 2854 puriorem

310 2873 886 2935 Christildoctrinam
920 2893 1234 2955 perperam
1256 2870 1331 2930 ab
1357 2870 1643 2953 Apostolis
1674 2869 1918 2929 rudibus
1944 2868 2307 2929 intellectam
2328 2866 2434 2948 (2).

293 2973 456 3032 Cum
486 2982 768 3055 praeterea
798 2980 966 3030 sectae
995 2967 1443 3028 contradictoria
1464 2966 1754 3041 doceant,
1780 2966 1917 3028 licet
1941 2966 2014 3026 ad
2037 2987 2217 3025 unam
2233 2985 2438 3024 omnes

305 3068 515 3128 eodem
537 3079 830 3151 praetextu
855 3087 971 3125 usae
998 3065 1244 3138 fuerint,
1275 3076 1622 3144 argumento
1654 3075 1743 3123 est
1765 3062 2159 3137 ineluctabili,
2194 3082 2288 3120 eas
2314 3082 2439 3119 non

306 3184 604 3224 revocasse
638 3163 956 3227 Ecclesiam
994 3160 1068 3219 ad
1102 3162 1445 3241 primaevam
1479 3159 1885 3242 Apostolorum
1924 3158 2246 3217 doctrinam
2268 3203 2282 3230 ,
2336 3156 2440 3217 sed

372 3344 439 3409 (l)
475 3343 613 3392 Rom.
643 3360 669 3390 x
692 3381 704 3403 ‚
745 3341 826 3406 14.
1415 3342 1747 3389 annunciante
1788 3337 2143 3402 Evanqelium,
2192 3355 2240 3386 se
2275 3344 2437 3386 autem

367 3426 428 3491 (2)
467 3425 533 3474 lta
563 3435 751 3474 testatur
782 3424 834 3474 S.
863 3425 1097 3482 Irenaeus,
1124 3423 1209 3472 lib.
1234 3439 1302 3485 ιιι,
1412 3425 1695 3471 sinceriores
1727 3431 1774 3469 et
1807 3420 2144 3486 prudentiores
2187 3418 2437 3486 Apostolis

294 3529 355 3560 n.
393 3525 452 3558 ια
472 3546 486 3568 ,
527 3508 732 3557 scribens
777 3508 834 3556 de
868 3508 1134 3557 haereticis:
1165 3506 1324 3554 Puta·
1413 3524 1530 3555 esse.
1549 3505 1779 3554 Eamdem
1811 3507 2096 3569 impietatem
2126 3519 2365 3553 renovasse
2379 3521 2434 3554 ex

303 3601 475 3642 verunt
487 3595 758 3656 semetipsos
764 3589 878 3655 plus
891 3591 1151 3649 invenisse,
1167 3605 1316 3654 quam
1412 3588 1768 3655 protestantibus
1786 3587 2091 3636 rationalistas
2106 3624 2119 3648 ,
2149 3585 2430 3635 ostendimus

303 3673 531 3742 Apostoli
544 3710 619 3735 ,...
642 3681 687 3721 et
705 3671 961 3738 Apostolos
984 3671 1197 3738 quidem,
1229 3671 1317 3721 ad·
1410 3675 1460 3720 in
1477 3681 1613 3721 tra-ct.
1646 3668 1728 3719 De
1744 3686 1858 3718 vera
1882 3669 2110 3736 reliqione
2122 3704 2139 3733 ,
2167 3687 2214 3736 p.
2235 3685 2289 3718 n.

296 3758 390 3808 hue
418 3774 523 3824 quoe
568 3763 684 3805 sunt
707 3753 989 3804 Judaeorum
1019 3755 1275 3804 aentientee
1296 3790 1311 3815 ,
