2514 4218
399 213 550 253 PARr.
599 215 638 251 1.
683 212 834 249 snc'r.
882 178 1116 249 11.'cA1³.
1165 212 1227 248 11.
1277 211 1344 248 DE
1389 209 1602 247 PR1MAT
1647 209 1869 247 PERPET.
2085 189 2202 248 397

91 359 406 419 succedunt
449 350 509 415 in
547 355 820 414 cathedra
851 356 1054 428 Petro5
1095 364 1290 436 patet,
1329 375 1452 411 non
1490 352 1601 411 alio
1641 353 1796 434 ipsos
1824 358 1956 432 jure
1993 355 2203 436 prima-

96 467 222 514 tum
265 455 421 513 hunc
456 463 689 525 tenere,
723 473 898 532 quam
929 473 996 510 eo
1027 472 1142 531 quo
1179 450 1381 509 Petrus
1406 448 1574 507 illum
1608 450 1826 530 accepit
1876 471 1940 509 ac
1985 453 2195 512 tenuit.

90 554 234 630 Ergo
284 572 356 609 ex
399 549 458 609 vi
508 547 890 607 institutionis
935 545 1182 617 Christi,
1234 555 1293 604 et
1339 565 1411 603 ex
1453 544 1611 602 Petri
1659 545 1722 601 in
1763 543 1907 603 urbe
1957 566 2200 607 romana

86 647 415 727 episcopatu
437 689 452 718 7
494 663 872 701 romanorum
894 640 1241 699 Pontificum
1278 640 1339 696 in
1381 639 1536 697 Petri
1564 639 1887 720 primatum
1919 642 2203 700 successio

83 741 250 798 unice
289 750 377 797 est
421 737 763 820 repetenda.
811 736 934 794 Hoc
972 745 1252 817 praeterea
1296 734 1490 791 omnia
1514 780 1528 806 ,
1568 755 1694 815 quae
1724 734 1822 795 vix
1861 735 2195 815 attigimuS,

82 835 203 895 sive
239 837 476 893 Patrum
506 833 837 893 testimonia
858 876 873 905 .,
905 831 1027 890 sive
1059 827 1454 889 ecclesiasticae
1479 828 1737 889 historiae
1764 840 1921 910 gesta
1955 829 2199 890 demon-

81 941 301 1003 strant3
340 951 587 1010 quorum
614 918 779 1010 plura
807 947 934 986 eam
977 934 1356 985 antevertant
1401 933 1631 983 aetatem
1651 969 1666 999 ,
1700 946 1813 1006 qua
1848 948 1962 1007 pax
1995 925 2195 987 Eccle-

80 1026 176 1084 siae
199 1048 230 1084 a
246 1024 632 1084 Constantino
659 1021 883 1081 reddita
912 1030 1018 1078 est.
1049 1021 1177 1093 Quo
1200 1018 1439 1101 quidem
1466 1020 1588 1078 solo
1613 1022 1750 1079 satis
1766 1022 1807 1079 ii
1829 1022 2190 1098 refutantur,

79 1122 179 1202 qui
213 1120 532 1201 primatum
581 1117 738 1177 hunc
775 1135 1154 1174 romanorum
1183 1116 1537 1174 Pontificum
1577 1114 1650 1174 ab
1678 1116 1935 1176 humana
1976 1120 2196 1199 origine

78 1227 342 1298 repetere
366 1223 748 1296 praesumunt.
788 1213 1158 1293 Quapropter
1190 1212 1533 1270 nonminus
1579 1232 1713 1272 vere
1760 1234 1938 1294 quam
1966 1213 2194 1294 elegan-

79 1322 168 1371 ter
206 1311 431 1393 scripsit
468 1311 526 1368 S.
555 1311 667 1367 Leo
689 1308 769 1367 M.
803 1309 1040 1366 :Sicuti
1062 1318 1384 1387 permanet
1428 1308 1591 1385 quod
1613 1312 1682 1366 in
1719 1308 1952 1368 Christo
1977 1310 2194 1373 Petrus

75 1408 358 1477 credidit,
383 1411 472 1465 ita
488 1414 812 1484 permanet
831 1402 994 1483 quod
1012 1407 1081 1460 in
1119 1402 1298 1461 Petro
1329 1402 1606 1461 Christus
1633 1407 1964 1464 instituit...
1991 1409 2197 1465 Manet

74 1524 207 1582 erqo
216 1503 524 1581 dispositio
535 1502 819 1568 ver-itatis,
846 1508 902 1557 et
919 1499 995 1557 B.
1015 1498 1259 1572 Petru3‚
1277 1500 1346 1555 in
1367 1507 1604 1577 accepta
1617 1500 1982 1576 fortitudine
1997 1513 2189 1580 pctroe

62 1618 482 1678 perseverans,
534 1606 803 1674 suscepta
845 1594 1127 1653 Ecclesiae
1165 1594 1582 1673 gubernacula
1625 1615 1748 1652 non
1788 1596 2038 1673 reliquit
2073 1596 2188 1677 (1).

72 1694 406 1753 Perseverat
429 1690 701 1752 videlicet
728 1692 936 1749 Petrus
969 1700 1028 1748 et
1053 1689 1202 1749 vivit
1232 1690 1292 1746 in
1332 1688 1755 1748 successoribus
1786 1690 1902 1749 suis
1923 1735 1940 1766 ,
1975 1691 2038 1750 in
2066 1691 2191 1773 qui-

69 1787 177 1846 bus
200 1796 259 1846 et
281 1808 385 1868 per
413 1808 556 1867 quos
588 1807 818 1865 gregem
853 1785 1195 1846 universum
1220 1784 1404 1866 pascit
1429 1805 1493 1843 ac
1516 1785 1663 1865 regit
1686 1786 1794 1868 (2)
1822 1787 2191 1870 Quapropter

70 1882 387 1942 Florentini
434 1883 630 1941 Patres
651 1927 667 1955 ,
707 1882 1074 1959 Definimus,
1121 1880 1397 1961 inquiunt
1419 1925 1435 1953 ‚
1488 1891 1758 1939 sanctam
1805 1885 2189 1962 apostolicam

70 1980 306 2053 Sedem„
346 1990 399 2037 et
435 2000 587 2037 rom.
627 1978 976 2057 Pontificem
1012 1980 1080 2035 in
1113 1981 1464 2036 universum
1504 1979 1703 2036 orbem
1731 1988 1922 2038 tenere
1937 1983 2188 2059 prima-

73 2086 234 2147 tum,
271 2085 330 2133 et
357 2078 560 2154 ipsum
600 2075 943 2151 Pontificem
979 2094 1306 2132 romanum
1334 2094 1721 2132 successorem
1761 2095 1875 2132 csse
1903 2076 1978 2134 B.
2014 2076 2193 2136 Petri

65 2173 372 2249 principis
411 2171 857 2247 Apostolorum,
896 2178 950 2226 et
985 2190 1194 2227 verum
1243 2167 1470 2227 Christi
1516 2171 1853 2238 vicarium,
1896 2173 2188 2249 totiusque

69 2266 350 2325 Ecclesioe
381 2275 592 2343 caput,
618 2275 675 2323 et
709 2268 980 2323 omnium
1023 2263 1512 2322 Christianorum
1544 2275 1783 2341 patrem
1809 2275 1863 2322 et
1896 2266 2187 2324 doctorem

69 2364 312 2420 existere
332 2404 352 2432 ,
404 2371 459 2418 et
493 2361 616 2438 ipsi
649 2362 718 2417 in
756 2360 831 2417 B.
870 2359 1046 2418 Petro
1078 2359 1393 2437 pascendi,
1444 2361 1689 2438 reyendi
1713 2370 1769 2418 et
1796 2361 2190 2439 yuhernandi

70 2456 467 2516 universalem
495 2455 829 2515 Ecclesiam
860 2475 900 2511 a
928 2455 1006 2513 D.
1036 2454 1120 2513 Ν.
1146 2455 1210 2513 J.
1254 2454 1318 2514 C.
1345 2456 1588 2532 plenam
1611 2465 1954 2533 potestatem
1986 2458 2185 2516 tradi-

65 2564 195 2612 tam
234 2574 348 2611 csse
362 2572 383 2620 ,·
423 2551 929 2631 quemadmodum
950 2552 1132 2608 etiam
1155 2555 1224 2608 in
1241 2552 1421 2630 yestis
1446 2555 1950 2611 oecumenicorum
1980 2555 2183 2612 Conci-

72 2652 329 2723 Ziorum‚
369 2657 424 2705 et
448 2649 517 2704 in
553 2648 745 2704 sacris
772 2646 1108 2705 canonibus
1146 2649 1485 2704 continetur
1506 2645 1613 2727 (3).

152 2743 287 2802 582.
336 2745 500 2801 Patet
522 2726 730 2821 igitur,
763 2739 921 2821 quod
951 2740 1117 2798 initio
1150 2742 1591 2822 proposuimuS,
1617 2744 1786 2801 Rom.
1833 2743 2137 2804 Pontifices
2158 2789 2178 2821 ,

72 2840 224 2897 Petri
268 2839 332 2895 in
364 2838 698 2918 episcopatu
733 2857 976 2894 romano
1021 2856 1372 2894 successores
1393 2881 1408 2909 ,
1438 2834 1590 2894 illius
1637 2837 1958 2917 primatum
1980 2836 2180 2900 divino

62 2941 193 3014 jure
221 2933 575 3006 obtinuisse,
618 2932 863 2991 minime
904 2952 1043 2991 vero
1075 2952 1144 2991 ex
1178 2931 1434 2990 humana
1481 2931 1601 2991 sive
1638 2931 2016 2992 ecclesiastica
2056 2933 2178 2996 sive

73 3030 303 3110 politica
338 3028 737 3111 dispositione.

142 3217 207 3281 (1)
242 3217 398 3271 Sorm.
416 3238 470 3269 ιιι
487 3255 506 3283 ,
526 3220 582 3269 de
595 3220 768 3269 Natali
792 3220 948 3286 ipsius
963 3256 978 3280 ‚
996 3231 1086 3269 etc.
1162 3227 1440 3284 potestatem
1459 3235 1641 3284 semper
1661 3235 1768 3267 cum
1785 3217 1923 3270 Pom·
1947 3218 2179 3270 Ecclesia

73 3299 197 3350 Edit.
213 3301 377 3362 Bauer,
402 3321 507 3369 cap.
536 3320 565 3351 2
582 3340 598 3364 ‚
625 3314 670 3352 et
698 3305 750 3354 3.
1170 3303 1345 3366 capitis
1389 3301 1719 3349 communione
1756 3309 1802 3349 et
1842 3304 2028 3352 unitate
2061 3305 2176 3351 reti-

141 3381 204 3445 (2)
236 3381 398 3432 Merito
427 3386 616 3449 proinde
632 3385 701 3434 De
712 3385 866 3434 Marca
880 3423 894 3446 ‚
911 3385 959 3432 in
977 3385 1085 3435 diss.
1168 3381 1376 3429 ’tendam
1401 3399 1417 3445 3
1445 3381 1512 3429 ad
1540 3381 1665 3446 quod
1685 3383 1787 3449 ipsse
1796 3386 2044 3451 proecipue
2065 3401 2177 3432 cum

75 3467 153 3514 cit.
171 3462 252 3511 De
264 3463 544 3515 discrimine
552 3467 709 3516 cleric.
725 3476 769 3515 et
784 3466 896 3517 laic.
913 3484 1013 3533 cap.
1031 3466 1080 3528 3,
1156 3471 1384 3529 potestate
1406 3462 1597 3527 liqanda·
1612 3474 1912 3516 contumaces
1927 3466 2042 3514 huic
2056 3468 2173 3515 uni-

72 3564 122 3594 n.
164 3561 192 3592 2
217 3583 230 3606 ,
261 3545 456 3594 affirmat
492 3565 544 3596 ea
575 3548 716 3598 verba
749 3566 766 3597 ι
809 3548 929 3597 Tibi
954 3548 1078 3596 dabo
1163 3545 1256 3591 tati
1279 3559 1438 3608 coqere
1460 3553 1631 3610 posset.

69 3626 224 3675 claves
240 3663 258 3688 ‚
295 3633 384 3677 etc.
413 3628 472 3676 ad
506 3646 651 3677 unum
689 3629 876 3679 Petrum
908 3630 1078 3680 directa
1224 3625 1296 3691 (3)
1319 3626 1373 3675 ln
1393 3625 1595 3677 Decreta
1613 3646 1696 3678 scu
1717 3629 2008 3695 definitione.
2038 3628 2174 3695 Apud

71 3727 165 3759 esse
196 3747 210 3771 ‚
257 3714 316 3759 ut
360 3711 538 3758 scirent
591 3726 750 3760 omnes
773 3748 786 3775 ‚
825 3708 1080 3775 Pontifici-3
1162 3714 1304 3764 Hard.
1345 3715 1469 3766 Acta
1510 3716 1697 3768 Concil.
1734 3729 1770 3767 t.
1814 3736 1856 3767 :x
1874 3756 1886 3779 ,
1924 3718 2014 3768 col.
2049 3715 2170 3786 986.
