2514 4218
251 184 418 244 ‘244
893 201 1091 241 rnAcr.
1140 206 1209 240 ms
1254 205 1402 243 tonis
1446 208 1825 248 rnEoLocicls.

299 351 479 430 Igitur
515 344 902 407 infallibilitas
949 345 1138 404 solum
1172 343 1327 403 tollit
1356 345 1542 404 animi
1580 347 2007 412 haesitationem
2038 396 2053 423 ‚
2103 363 2160 411 et
2199 364 2423 413 certum

298 469 434 507 eum
466 445 604 504 facit
641 444 715 503 de
758 443 1002 503 veritate
1026 485 1042 515 ‚
1082 441 1233 500 circa
1273 463 1452 523 quam
1489 463 1703 523 anceps
1733 466 1855 507 esse
1880 459 2096 530 posset.

381 542 519 602 367.
571 541 660 601 Ad
700 541 813 610 6¹1¹,
845 538 1006 596 Dist.
1043 537 1295 596 Insitum
1332 538 1518 596 menti
1549 537 1826 599 humanae
1850 563 1882 600 a
1909 545 2030 603 Deo
2053 555 2141 604 est
2169 543 2431 603 studium

298 639 559 702 veritatis
582 636 752 695 altius
769 633 1117 713 indagandae
1135 646 1194 694 et
1212 635 1424 693 rectius
1443 636 1861 715 cognoscendae
1875 659 1980 718 per
2002 640 2194 700 media
2214 641 2429 701 idonea

298 747 356 798 et
390 736 450 794 in
491 732 695 792 ordine
733 752 866 804 δυο,
902 751 1101 799 conc.;
1138 752 1507 812 quacumque
1538 731 1801 807 ratione,
1839 754 1972 813 neq.
2016 736 2298 797 Veritates
2328 760 2429 797 or·-

299 829 451 890 dinis
492 825 776 886 naturalis
814 848 847 884 a
890 838 1091 886 mente
1128 826 1390 886 humana
1436 828 1777 908 investigari
1828 829 2032 910 utique
2069 845 2317 911 possunt
2361 855 2427 892 ac

296 926 550 999 debent,
582 933 760 1004 atque
794 920 1039 982 ulterius
1080 922 1143 981 in
1173 944 1240 983 ea
1276 924 1725 1003 investigatione
1757 935 1818 984 et
1858 925 2190 1005 cognitione
2233 930 2433 1009 perfici

295 1023 422 1103 ipsa
458 1041 691 1101 semper
733 1029 950 1100 potest.
1002 1019 1106 1077 Ast
1135 1040 1258 1077 non
1291 1019 1372 1078 ita
1416 1041 1478 1079 se
1517 1042 1608 1080 res
1645 1019 1827 1079 habet
1865 1021 1929 1080 in
1964 1021 2310 1082 veritatibus
2336 1045 2435 1082 or-

296 1117 449 1176 dinis
476 1113 938 1198 supernaturalis
971 1135 1076 1173 seu
1099 1114 1403 1191 revelatiS‚
1429 1137 1558 1197 quae
1586 1138 1923 1198 progressus
1945 1118 2011 1175 in
2039 1138 2099 1177 se
2132 1118 2436 1200 incapaces

297 1212 543 1273 omnino
573 1222 713 1270 sunt
742 1256 756 1285 .,
789 1221 994 1292 utpote
1018 1231 1050 1268 a
1076 1212 1196 1283 D,eo
1220 1210 1388 1270 datis,
1417 1214 1614 1271 Potest
1643 1223 1843 1273 autem
1879 1211 2059 1271 homo
2086 1212 2301 1273 harum
2325 1213 2437 1273 sibi

294 1308 704 1393 perfectiorem
742 1306 1138 1386 cognitionem
1169 1328 1542 1388 comparare,
1583 1307 1686 1367 sed
1729 1308 1838 1367 sub
1878 1308 2210 1388 magisterio
2238 1309 2439 1370 Eccle·

297 1405 394 1465 siae
432 1409 675 1485 ejusque
701 1400 1054 1479 directione3
1090 1413 1282 1484 potest
1310 1414 1591 1484 praeterea
1619 1402 1919 1485 inquirere
1958 1405 2020 1463 in
2060 1425 2264 1464 earum
2294 1405 2438 1464 fun-

307 1501 584 1561 damenta
607 1545 623 1574 ,
705 1520 925 1558 nexum
949 1542 964 1572 ,
1023 1499 1467 1559 consecutiones
1532 1498 1760 1581 aliaque
1814 1500 2135 1577 ejusmodi,
2190 1502 2438 1561 minime

298 1620 438 1659 vero
470 1596 704 1658 easdem
733 1595 1004 1656 veritates
1029 1596 1244 1655 cudere
1266 1642 1282 1671 ·›
1321 1617 1387 1653 ac
1410 1596 1762 1655 intrinsecus
1787 1598 2063 1677 perficere
2087 1643 2101 1671 a
2141 1596 2302 1679 quod
2325 1596 2437 1656 ab·

300 1716 513 1752 sonum
543 1704 658 1752 est.
702 1695 856 1750 Dum
896 1690 1213 1751 voluerunt
1252 1694 1652 1751 Protestantes
1692 1692 1933 1773 proprio
1971 1704 2158 1751 marte
2196 1694 2259 1751 in
2300 1693 2439 1753 fidei

298 1791 571 1852 veritates
594 1790 933 1869 inquirere,
973 1809 1186 1869 easque
1221 1787 1615 1849 determinare
1636 1833 1652 1863 .,
1689 1789 1924 1848 reficere
1952 1833 1969 1863 ,
2001 1810 2068 1848 eo
2106 1811 2227 1848 non
2262 1790 2434 1871 pauci

300 1886 591 1968 progressi
617 1894 779 1959 sunt,
807 1894 871 1941 ut
894 1883 1034 1943 alias
1058 1896 1191 1966 post
1214 1883 1353 1943 alias
1370 1885 1674 1944 amiserint
1693 1930 1708 1955 ἢ
1727 1906 1918 1966 neque
1943 1884 2296 1943 retinuerint
2319 1884 2434 1942 nisi

297 1981 714 2042 christianismi
749 2001 969 2039 nomen
1006 1992 1066 2040 et
1109 1980 1355 2040 larvam.
1387 1982 1511 2039 Hoc
1546 2002 1722 2062 porro
1761 1991 1851 2039 est
1872 2026 1888 2054 7
1930 1979 2090 2062 quod
2117 1979 2190 2037 ab
2221 1979 2435 2041 adver-

294 2080 479 2152 sari0,
538 2098 714 2159 quem
765 2077 1219 2158 impugnamus,
1270 2075 1484 2135 dicitur
1528 2075 1602 2135 de
1654 2097 1796 2135 vera
1834 2078 2119 2154 reliyionc
2153 2079 2436 2154 temporis

291 2196 564 2235 successu
609 2175 686 2233 ab
735 2174 1085 2232 hominibus
1141 2176 1357 2233 melius
1396 2176 1779 2253 exploratum
1814 2183 1871 2230 et
1911 2175 2220 2252 coym‘tum
2243 2214 2264 2243 ,
2311 2173 2437 2231 Deo

293 2273 399 2330 Izoc
449 2272 724 2330 studium
770 2271 1147 2341 moderante,
1205 2269 1418 2351 quibus
1473 2268 1665 2329 verbis
1709 2269 1834 2351 ipse
1887 2269 2254 2351 impietatem
2302 2288 2438 2327 cum

293 2366 664 2449 blasphemia
690 2366 1066 2424 consociavit.
1088 2366 1146 2424 Si
1172 2366 1299 2447 quis
1326 2376 1526 2424 autem
1548 2364 1832 2439 conferat,
1864 2386 1994 2446 quae
2021 2386 2092 2424 ex
2120 2363 2436 2445 Scripturis

293 2462 671 2523 adducuntur
708 2461 787 2523 ad
829 2461 1118 2541 ejusmodi
1146 2462 1512 2544 impietatem
1559 2460 2063 2521 cohonestandam
2087 2506 2102 2535 .,
2158 2459 2439 2519 eumdem

293 2558 726 2642 deprehendet,
747 2578 924 2640 quem
950 2559 1216 2641 superius
1234 2557 1673 2633 adnotavimuS,
1702 2558 2134 2637 Scripturarum
2161 2553 2433 2613 abusum.

376 2654 523 2714 368..
573 2653 669 2714 Ad
698 2655 807 2728 7¹¹¹,
845 2656 1009 2713 Disc.
1051 2654 1224 2736 Apud
1260 2656 1694 2727 ProtestanteS‚
1732 2673 1895 2713 conc.
1923 2678 1949 2726 ‚-
1988 2651 2144 2732 apud
2179 2649 2442 2709 Catholi-

293 2771 388 2810 cos
412 2795 427 2825 ‚
455 2771 585 2830 wey.
614 2750 844 2809 Novam
880 2751 1041 2807 enirn
1067 2747 1355 2826 ejusmodi
1380 2747 1575 2807 lucem
1605 2746 1982 2806 rationalistis
1997 2790 2018 2818 ,
2056 2745 2438 2826 symbolistis⁷

292 2845 566 2927 mytliicis
598 2843 855 2905 libenter
890 2865 955 2903 ac
1001 2843 1158 2902 ultro
1198 2844 1608 2925 relinquimus.
1655 2842 1835 2901 Nobis
1867 2842 2027 2902 enim
2081 2841 2216 2901 fidei
2267 2841 2440 2902 avitae

293 2941 635 3024 simplicitas
674 2952 763 3001 sat
798 2951 907 3000 est.
950 2940 1243 3000 Cultiores
1293 2953 1491 3000 autern
1532 2940 1801 3000 homines
1829 2986 1844 3015 a
1883 2962 2027 3023 quos
2069 2937 2434 3000 adversarius

293 3037 597 3117 designat,
639 3037 927 3098 subtiliori
965 3060 1068 3097 sua
1106 3038 1320 3097 artium
1353 3059 1417 3097 ac
1467 3037 1802 3098 litterarum
1834 3035 2164 3115 cognitione
2203 3033 2363 3115 prius
2402 3055 2434 3092 a

292 3135 855 3215 supernaturalismo
892 3135 955 3193 in
997 3133 1449 3194 naturalismum
1486 3132 1700 3216 dilapsi
1736 3143 1909 3201 sunt,
1947 3128 2163 3190 deinde
2208 3151 2280 3189 ex
2322 3151 2433 3189 na-

293 3228 596 3290 turalismo
621 3234 686 3292 in
703 3230 1177 3313 symbolismum,
1203 3223 1273 3290 ex
1289 3230 1669 3312 symbolismo
1688 3228 1752 3287 in
1774 3226 2239 3307 mythicismum,
2258 3246 2435 3307 quem

289 3324 694 3387 distinxerunt
719 3340 997 3411 praeterea
1021 3327 1082 3385 in
1107 3326 1451 3386 historicum
1476 3338 1534 3386 et
1565 3324 1899 3407 poeticum,
1936 3322 2017 3380 ita
2039 3333 2106 3381 ut
2136 3321 2435 3401 Scriptura

291 3421 568 3483 universa
599 3423 803 3484 effecta
835 3425 907 3484 sit
935 3444 1215 3503 magnum
1254 3430 1463 3506 poema
1485 3467 1502 3498 7
1539 3432 1603 3481 ut
1631 3419 1760 3479 Ilias
1789 3418 2084 3479 homerica
2118 3415 2214 3481 vel
2239 3415 2432 3477 AEneis

291 3516 597 3598 virgiliana
630 3518 741 3599 (l).

359 3709 423 3774 (l)
457 3707 584 3759 Huic
624 3711 850 3775 principio
899 3718 1049 3761 totum
1107 3713 1318 3760 innititur
1403 3720 1599 3777 systema
1665 3709 2054 3760 rationalistarum
2103 3726 2156 3758 ac
2192 3702 2429 3773 mythico·-
