2514 4218
283 220 363 280 72

865 241 1060 279 TRACT.
1112 240 1179 276 DE
1224 238 1373 278 touls
1416 241 1794 282 THEOLOGIGIS.

289 382 563 458 modum,
601 405 718 466 quo
746 382 1125 465 perficiuntur
1156 377 1256 458 (ob
1281 379 1538 440 defectus
1551 385 2076 468 nimirum‚quibus
2101 408 2254 469 saepe
2277 387 2394 447 ho-

290 478 478 539 mines
516 477 751 538 obnoxii
789 487 927 536 sunt
950 478 973 549 )
996 520 1011 547 ,
1043 474 1333 534 incertum
1358 474 1431 534 de
1461 475 1695 556 singulis
1724 480 1931 541 saltem
1968 482 2282 542 individuis
2322 483 2397 541 sit

288 585 390 633 aut
429 595 551 634 esse
587 584 798 655 queat,
843 581 1044 628 utrum
1076 590 1144 628 ex
1176 569 1462 652 principio
1498 575 1921 652 supernaturali
1950 579 2147 657 gratiae
2188 588 2288 636 aut
2326 599 2399 636 ex

288 669 541 728 naturali
574 663 914 737 affectione,
959 674 1158 723 utrum
1204 686 1278 724 ex
1316 676 1473 724 recto
1518 665 1614 726 vel
1654 688 1836 747 pravo
1880 671 2033 746 fine,
2080 684 2278 731 utrum
2328 693 2399 731 ex

287 752 520 825 intenso
559 764 651 825 vel
689 760 928 820 remisso
969 760 1164 818 animo
1200 760 1556 842 procedant,
1606 762 1673 820 fit
1698 773 1762 820 ut
1795 763 1964 823 nobis
1996 778 2151 825 certo
2193 767 2400 827 saltem

289 871 349 920 et
385 860 604 940 absque
639 857 802 916 omni
841 854 1197 937 deceptionis
1234 855 1543 916 formidine
1565 901 1580 932 7
1612 856 1684 916 de
1712 858 1974 920 interiori
2000 861 2181 919 animi
2209 861 2402 921 condi-

289 956 449 1014 tione
483 974 686 1012 eorum
708 997 723 1026 ,
756 951 858 1033 qui
888 951 1259 1010 sanctitatem
1291 951 1544 1010 exterius
1571 954 1956 1033 profitentur,
1987 956 2122 1014 satis
2139 966 2403 1017 constare

292 1071 414 1108 non
451 1048 655 1130 possit.
690 1048 818 1106 Huc
840 1044 1090 1122 accedit,
1126 1045 1284 1126 quod
1311 1045 1473 1105 nulla
1507 1046 1691 1106 ferme
1724 1048 1796 1106 sit
1834 1060 2025 1126 secta,
2059 1072 2162 1110 seu
2195 1061 2263 1109 ut
2300 1072 2407 1112 vo—

294 1155 432 1203 cant
451 1189 467 1220 ,
501 1141 867 1226 particularis
898 1141 1264 1214 communic,
1293 1162 1422 1222 quae
1450 1163 1645 1202 veram
1673 1144 2063 1220 sanctitatem,
2084 1167 2147 1204 ac
2161 1145 2408 1228 proinde

290 1245 479 1299 vitam
506 1237 615 1298 sibi
636 1259 759 1297 non
777 1235 1069 1310 vindicet,
1102 1246 1277 1317 atque
1298 1235 1361 1293 in
1386 1235 1496 1295 alia
1525 1238 1728 1318 quavis
1752 1237 1823 1296 ab
1848 1260 1913 1298 ea
1936 1251 2199 1318 separata
2221 1241 2408 1301 inesse

291 1358 415 1395 non
438 1335 686 1415 deneget
712 1332 820 1413 (l).
850 1331 1072 1391 Deinde
1089 1342 1149 1391 et
1177 1330 1322 1389 illud
1350 1330 1690 1391 addendum
1708 1380 1724 1401 ,
1750 1333 1907 1414 quod
1930 1335 2090 1394 nulla
2117 1347 2269 1395 secta
2298 1336 2373 1395 sit
2392 1381 2408 1411 ,

293 1453 424 1512 quae
468 1451 633 1489 suam
678 1449 801 1487 non
836 1431 1019 1506 jactet
1071 1448 1302 1484 morum
1351 1425 1705 1507 probitatem
1750 1439 1811 1487 et
1855 1430 2252 1510 integritatem
2294 1451 2413 1513 prae

289 1526 532 1609 reliquis
565 1523 1049 1606 quibuscumque.
1085 1523 1222 1595 Quae
1254 1542 1390 1581 cum
1416 1522 1498 1580 ita
1529 1542 1591 1581 se
1618 1521 1910 1599 habeant,
1957 1547 2032 1585 ne
2071 1529 2134 1583 in
2170 1548 2233 1586 re
2265 1527 2415 1586 tanti

292 1622 580 1681 momenti
604 1622 665 1679 in
681 1619 952 1699 ambiguo
975 1637 1364 1691 versaremur,
1390 1619 1541 1677 Deus
1562 1628 1723 1677 certo
1746 1619 2081 1679 testimonio
2106 1621 2415 1681 Ecclesiam

362 1844 428 1909 (1)
456 1842 632 1892 Saltem
660 1845 725 1890 ita
747 1845 990 1889 senserunt
1008 1856 1106 1887 non
1127 1841 1189 1886 ita
1215 1839 1311 1903 pri-

294 1927 404 1975 dem
433 1936 567 1975 sectae
598 1941 758 1972 omnes
776 1959 791 1987 ,
815 1933 868 1971 ut
896 1940 978 1971 suo
1010 1922 1111 1970 loco
1137 1938 1313 1985 expen-

296 2007 453 2056 dimus
474 2044 487 2065 .‚
523 2024 624 2072 quae
655 2006 868 2070 professae
915 2010 1025 2052 suut
1066 2003 1317 2051 intoleran-

294 2092 409 2138 tiam
430 2089 704 2153 religiosam.
719 2086 903 2134 Etenim
920 2093 1080 2150 praeter
1107 2103 1157 2133 ea
1175 2122 1188 2144 ‚
1217 2101 1316 2151 quae

296 2171 534 2219 attulimus
553 2172 602 2216 in
619 2165 821 2217 tract.De
839 2183 951 2215 vera
965 2166 1103 2230 reliq.
1118 2176 1239 2231 part.
1257 2182 1313 2225 u,

298 2271 431 2319 prop.
455 2265 520 2301 ιιι
538 2290 551 2312 ,
572 2271 621 2300 n.
658 2248 757 2317 294
778 2289 795 2311 ,
811 2267 917 2299 cum
938 2252 1061 2297 notis
1084 2250 1280 2297 adnexis
1300 2284 1314 2308 ,

295 2335 479 2400 Anglic.
515 2334 697 2382 Palmer
726 2335 778 2380 in
820 2350 899 2396 op.
935 2334 1014 2380 cit.
1056 2330 1319 2378 Tractatus

299 2414 537 2463 Ecclesiae
567 2413 754 2462 Christi
770 2450 783 2473 ‚
803 2413 915 2460 edit.
941 2428 969 2458 2
988 2412 1142 2459 Lond.
1173 2409 1318 2477 1839,

302 2506 409 2546 sect.
444 2496 473 2544 3
497 2533 510 2557 ‚
542 2513 643 2562 quae
672 2505 740 2544 est
771 2493 853 2543 De
885 2492 1040 2542 salute
1079 2491 1230 2541 solnm
1265 2495 1323 2541 in

300 2577 527 2626 Ecclesia
559 2615 572 2638 ‚
621 2595 719 2625 non
776 2576 915 2624 modo
959 2579 1059 2639 ipse
1092 2575 1324 2624 eamdem

302 2661 562 2709 doctrinam
594 2659 835 2724 profitetur
860 2694 873 2716 ‚
908 2659 988 2705 sed
1022 2659 1210 2721 insuper
1249 2674 1324 2704 os·

302 2742 455 2791 tendit
478 2778 492 2802 ,
520 2740 675 2789 adhuc
712 2739 923 2787 eamdem
948 2737 1156 2802 profiteri
1195 2737 1329 2784 inde-

306 2823 559 2890 pendentes
577 2859 590 2884 ,
622 2820 860 2882 Quakeros
876 2856 889 2880 ,
922 2830 965 2868 et
991 2820 1202 2867 ecclesias
1228 2817 1328 2866 bri-

307 2908 550 2962 tannicas,
590 2920 691 2970 quae
728 2905 778 2951 in
815 2901 992 2968 synodo
1041 2900 1328 2948 Londinensi

308 3005 390 3038 an.
419 2986 545 3053 1592
571 3024 584 3046 ‚
619 2996 707 3034 art.
769 2980 858 3048 18,
905 2983 1154 3032 anathema
1200 2983 1329 3030 ‹lixe-

309 3080 420 3118 runt
468 3070 707 3117 contrariae
754 3068 991 3115 sententiae
1029 3083 1042 3128 3
1087 3064 1331 3113 confirmat

309 3152 582 3200 testimoniis
610 3150 844 3198 Pearsonii
861 3187 875 3211 ,
902 3146 1147 3211 Beveridge
1167 3184 1179 3205 ‚
1206 3145 1330 3193 Wil-

311 3236 430 3283 sonii
454 3270 468 3293 ‚
496 3243 582 3282 etc.
609 3233 783 3282 Verum
804 3233 975 3298 juverit
1008 3229 1144 3278 verba
1166 3227 1332 3277 afferre

313 3319 575 3366 recentioris
609 3319 904 3381 protestantis
923 3352 937 3377 ‚
968 3331 1137 3378 nempe
1158 3312 1220 3360 D.
1256 3311 1332 3359 Pi-

312 3399 504 3465 let-Joly
551 3401 748 3446 ministri
786 3399 1065 3447 Genevensis
1100 3432 1115 3455 ‚
1156 3396 1236 3460 qui
1281 3393 1334 3442 in

316 3481 538 3547 opusculo
556 3519 569 3540 ‚
594 3482 668 3528 cui
702 3483 779 3527 tit.
798 3479 1035 3540 Facilite,
1063 3476 1297 3525 certitude
1322 3514 1335 3536 ‚

318 3564 483 3611 raison
527 3578 587 3610 en
622 3562 817 3609 matiere
852 3561 907 3608 de
929 3561 1035 3625 soi,
1072 3555 1333 3624 1839‚ad-

315 3645 525 3694 hortatur
567 3643 854 3705 catholicos,
897 3651 954 3691 ut
1000 3640 1339 3708 ingrediantur

316 3730 442 3776 viam
459 3726 631 3776 salutis
652 3765 663 3787 ‚
689 3743 789 3793 quae
807 3723 937 3790 juxta
956 3727 1107 3790 ipsum
1133 3722 1217 3772 alia
1241 3738 1336 3770 non

1407 1848 1471 1887 est
1490 1848 1652 1902 praeter
1677 1857 1799 1897 eam,
1821 1857 1962 1905 quam
1983 1839 2421 1907 praebetprotestan-

1408 1922 1590 1970 tismus.
1623 1920 1744 1969 Cum
1781 1925 1907 1970 enim
1940 1925 1991 1971 in
2031 1941 2083 1973 eo
2117 1941 2277 1990 opusc.
2301 1924 2425 1973 hanc

1408 2005 1718 2066 proposuisset
1744 2006 2045 2069 quaestionem
2076 2023 2089 2053 τ
2125 2005 2232 2070 Que
2247 2004 2428 2070 faut-il

1406 2099 1497 2148 que
1513 2082 1567 2149 je
1593 2084 1723 2148 fasse
1739 2101 1870 2150 pour
1891 2090 1987 2133 etre
2011 2091 2160 2136 sance
2175 2086 2199 2135 P
2221 2087 2424 2136 Conten-

1407 2166 1495 2226 dit,
1512 2169 1749 2215 neminem
1765 2185 1897 2232 posse
1916 2178 2015 2216 tuto
2027 2169 2423 2234 acquiescere,do·

1409 2266 1496 2298 nec
1511 2251 1739 2299 invenerit
1756 2251 1972 2299 idoneam
1992 2254 2091 2317 ejus
2105 2251 2386 2300 solutionem
2409 2267 2426 2313 ;

1410 2331 1597 2379 tandem
1629 2332 1902 2393 concludit,
1933 2348 2035 2397 pag.
2065 2330 2128 2399 75
2167 2349 2180 2380 ε
2206 2331 2255 2379 Ο
2277 2349 2426 2393 vous,

1413 2430 1526 2463 mon
1563 2414 1675 2463 cher
1713 2415 1844 2480 frere
1879 2415 2148 2481 catholique
2181 2419 2373 2465 romain
2411 2451 2427 2476 ‚

1413 2498 1500 2562 qui
1518 2495 1637 2545 Iisez
1654 2514 1729 2545 ces
1756 2496 1939 2562 liques,
1963 2514 2109 2546 cenez
2135 2505 2179 2545 et
2215 2513 2428 2561 noyez...

1419 2580 1477 2628 V
1471 2595 1557 2627 oue
1585 2578 1627 2626 le
1653 2595 1801 2644 voyez
1819 2617 1832 2639 ,
1863 2594 1972 2627 sous
1982 2581 2129 2644 peine
2157 2578 2299 2628 d'elre
2316 2578 2431 2645 plus

1416 2677 1480 2708 ou
1506 2662 1662 2708 moins
1693 2661 1935 2726 hypocrite
1953 2698 1967 2722 ‚
2002 2661 2042 2708 il
2060 2661 2171 2727 faut
2193 2679 2283 2727 que
2312 2679 2428 2711 vous

1417 2757 1558 2806 soyez
1578 2741 1694 2807 plus
1717 2757 1780 2789 ou
1803 2743 1960 2790 moins
1975 2751 2261 2809 protestavit.
2297 2741 2433 2792 Mais

1418 2832 1807 2871 trouverez-vous
1841 2822 1888 2871 la
1921 2827 2054 2890 paim
2082 2825 2211 2873 dans
2229 2834 2304 2874 cet
2337 2830 2434 2875 etat

1421 2905 1653 2970 avnbiquf'
1673 2903 1731 2952 V
1726 2913 1823 2953 otre
1839 2907 1945 2954 ἂνω
1965 2906 2137 2955 est-elle
2149 2907 2433 2973 tranquille?

1421 2985 1753 3034 Pemez-vous
1768 3003 1857 3051 que
1875 2986 1915 3034 le
1941 2984 2180 3053 Seiqneur
2201 2990 2435 3037 admettra

1423 3085 1494 3116 un
1515 3069 1800 3134 compromic
1822 3078 1950 3116 entre
1976 3069 2017 3116 le
2041 3087 2298 3135 memonqe
2320 3079 2363 3118 et
2385 3070 2432 3119 la

1422 3151 1569 3201 verite
1591 3151 1685 3200 P...
1705 3150 1778 3198 Le
1794 3150 1922 3198 salut
1946 3152 2064 3201 d'un
2079 3152 2139 3200 tel
2153 3152 2336 3201 homme
2357 3170 2431 3201 se-

1425 3237 1524 3284 rait
1553 3250 1649 3283 une
1661 3235 1822 3300 prime
1846 3234 1904 3282 de
1918 3235 2098 3299 felicit&
2123 3253 2181 3283 en
2194 3237 2371 3301 savem·
2382 3237 2439 3284 de

1425 3317 1751 3384 l'hypocrisie‚
1771 3326 1863 3367 etc.
1881 3317 1971 3366 Sed
1987 3318 2073 3368 cfr.
2094 3335 2198 3385 quae
2223 3320 2436 3369 adversus

1424 3401 1515 3450 hoc
1535 3401 1810 3468 opusculum
1822 3399 2044 3465 praeclare
2059 3403 2235 3467 scripsit
2250 3401 2437 3451 D.Bau-

1424 3484 1539 3549 dry,
1581 3485 1631 3530 in
1671 3501 1748 3548 op.
1786 3481 2136 3531 Gemi-§semem
2167 3483 2284 3532 d'un.
2311 3499 2439 3532 coeur

1426 3563 1689 3629 camelique
1705 3580 1792 3612 sur
1814 3562 1878 3611 les
1893 3566 2119 3632 prejuqes
2141 3565 2257 3615 d’un
2272 3565 2439 3616 minis-

1426 3658 1495 3695 tre
1519 3645 1577 3695 de
1599 3645 1790 3695 Geneve
1811 3682 1824 3708 ,
1851 3646 1979 3712 Lyon
2018 3644 2156 3711 1840.
