2514 4218
301 128 422 190 498
925 143 1121 185 rme-r.
1171 145 1239 180 nn
1283 143 1434 182 Locls
1477 142 1857 183 rnnoroeicoe.

387 293 529 353 727.
572 291 642 348 20
678 287 1088 349 Controversia
1138 286 1346 367 agitari
1394 284 1573 362 solet,
1628 296 1830 346 utrum
1875 287 2161 366 ejusmodi
2211 290 2443 355 decreta

303 391 426 452 vim
464 387 725 448 habeant
757 406 962 444 omnes
990 395 1050 443 et
1084 382 1342 463 singulos
1380 380 1625 461 cogendi
1660 381 1737 440 ad
1762 385 2164 465 praestandum
2202 387 2444 457 interio-

301 508 427 547 rem
467 483 799 544 intellectus
827 502 892 541 ac
928 479 1253 543 voluntatis
1290 500 1595 538 assensum
1622 524 1638 554 ,
1681 488 1819 539 ante
1850 501 2188 563 expressam
2222 497 2326 545 aut
2349 495 2443 546 ta-

302 584 475 643 citam
526 579 789 640 Ecclesiae
838 577 1341 658 acceptationem,
1383 586 1665 656 tanquam
1701 573 1922 653 judicia
1962 577 2443 660 irreformabilia‚

301 701 410 739 nec
457 699 553 737 ne.
605 676 716 749 Qui
755 684 963 734 tenent
1013 695 1164 732 rom.
1202 671 1565 733 ,Pontificem
1613 692 1687 731 ex
1726 670 2006 733 cathedra
2054 674 2442 739 definientem

301 772 670 834 infallibilem
701 792 857 845 esse,
891 769 1228 842 affirmant,
1263 769 1363 851 qui
1402 766 1708 827 fallibilem
1743 766 2060 829 adstruunt
2081 815 2097 845 ,
2142 785 2380 853 negant.

383 869 527 930 728.
579 867 644 927 30
683 868 795 940 Qui
829 867 892 925 in
946 864 1288 946 dogmaticis
1332 862 1775 924 definitionibus
1825 885 1898 924 ex
1944 865 2222 928 cathedra
2269 868 2442 930 editis

305 989 455 1026 rom.
517 964 784 1025 Pontifici
835 961 1315 1022 infallibilitatem
1358 960 1696 1040 adjudicant
1741 972 1888 1033 ante,
1929 961 2194 1026 Ecclesiae
2233 987 2443 1049 accep-

300 1063 586 1123 tationem
618 1071 720 1120 aut
753 1058 1165 1142 probationem
1189 1104 1205 1134 ,
1239 1058 1486 1118 minime
1520 1057 1868 1140 dispescunt
1904 1079 2206 1120 summum
2248 1064 2444 1124 Ponti-

305 1161 473 1220 ficem
518 1157 591 1217 ab
642 1156 891 1218 Ecclesia
941 1157 1102 1238 ipsa,
1149 1156 1232 1215 ita
1269 1166 1337 1215 ut
1372 1176 1638 1215 seorsum
1681 1165 1951 1236 spectent
1996 1154 2189 1216 solum
2226 1171 2439 1241 caput,

300 1277 562 1315 seorsum
606 1275 748 1314 vero
787 1251 1057 1312 membra
1092 1273 1194 1312 seu
1235 1273 1479 1334 corpus3
1502 1321 1505 1326 ,
1529 1251 1642 1311 hoc
1688 1253 1849 1311 enim
1897 1252 2146 1334 perinde
2186 1266 2338 1315 esset
2375 1277 2442 1317 ac

301 1352 505 1434 capitis
549 1350 623 1409 ab
670 1372 739 1434 eo
785 1349 1137 1431 dignitatem
1183 1349 1430 1408 auferre.
1478 1350 1630 1408 Nam
1680 1360 1921 1409 eatenus
1968 1372 2119 1409 rom.
2172 1352 2441 1413 Pontifex

302 1459 479 1530 caput
525 1446 792 1507 Ecclesiae
831 1457 955 1520 est,
1008 1457 1299 1528 quatenus
1339 1466 1543 1504 unum
1580 1466 1716 1504 cum
1743 1466 1812 1504 ea
1843 1467 2052 1528 corpus
2097 1449 2438 1525 constituit,

301 1566 374 1605 ex
410 1545 601 1627 capite
640 1542 855 1602 scilicet
886 1563 953 1601 ac
990 1540 1270 1601 membris
1308 1538 1650 1600 coalescens.
1690 1542 1838 1601 Cum
1871 1543 2119 1624 proinde
2146 1566 2218 1605 ex
2251 1544 2443 1606 officio

299 1662 450 1699 rom.
510 1639 778 1698 Pontifex
828 1637 1086 1719 aliquam
1133 1635 1256 1696 edit
1302 1635 1694 1720 dogmaticam
1746 1637 2195 1716 definitionem,
2254 1663 2439 1724 eaque

299 1736 588 1794 universae
617 1733 880 1793 Ecclesiae
903 1732 1270 1793 credendum
1294 1731 1518 1816 aliquid
1546 1745 1649 1793 aut
1674 1734 2061 1813 reJiciendum
2088 1736 2269 1796 veluti
2299 1738 2438 1798 fidei

298 1832 658 1891 contrarium
691 1830 972 1912 proponit
997 1875 1013 1904 ,
1054 1829 1377 1888 necessario
1418 1841 1703 1912 tanquam
1734 1830 1976 1890 unitatis
2009 1843 2282 1893 centrum
2323 1833 2438 1892 mi-

299 1928 541 1987 nisterio
576 1927 839 2006 fungitur
879 1924 990 1985 sibi
1021 1947 1053 1983 a
1083 1925 1316 1984 Christo
1355 1926 1687 1985 commisso.

384 2024 525 2083 729.
572 2022 638 2081 40
674 2021 923 2096 Quando
955 2043 1103 2081 rom.
1133 2021 1400 2082 Pontifex
1437 2044 1568 2082 suas
1604 2021 1743 2082 fidei
1775 2021 2149 2084 definitiones
2180 2024 2437 2101 emittit,

303 2120 541 2202 propria
572 2139 696 2178 non
730 2117 886 2192 edit,
929 2117 1032 2178 sed
1051 2139 1117 2178 ea
1139 2162 1155 2193 ,
1181 2136 1310 2199 quae
1341 2118 1403 2176 in
1423 2117 1795 2182 revelationis
1818 2118 2084 2202 deposito
2107 2141 2215 2202 per
2243 2121 2438 2203 Scrip-

302 2227 499 2276 turam
532 2225 592 2274 et
616 2214 998 2275 traditionem
1022 2213 1098 2273 ad
1138 2235 1244 2273 nos
1266 2213 1531 2276 derivata
1566 2227 1982 2293 asservantur,
2017 2216 2262 2299 profert.
2284 2215 2455 2291 Quod

305 2313 354 2372 si
381 2313 445 2372 in
480 2311 853 2375 revelationis
891 2310 1158 2394 deposito
1178 2312 1396 2373 veritas
1421 2311 1597 2385 fidei,
1623 2333 1756 2394 quae
1787 2335 1820 2372 a
1853 2334 2007 2374 rom.
2037 2314 2318 2374 Pontifice
2343 2314 2454 2375 de-

302 2408 601 2483 cernitur,
640 2408 1012 2484 continetur,
1058 2407 1183 2488 fieri
1228 2408 1476 2468 omnino
1521 2409 1769 2492 nequit,
1813 2421 1881 2469 ut
1925 2409 2108 2471 fidem
2155 2410 2449 2474 diversam

302 2503 563 2566 Ecclesiae
590 2503 830 2587 reliquae
858 2505 1248 2585 profiteantur
1276 2504 1352 2565 ab
1376 2504 1501 2581 illa,
1527 2527 1708 2588 quam
1736 2506 1946 2568 definit
1967 2529 2117 2568 rom.
2150 2508 2449 2586 Pontifex,

304 2621 548 2684 quaeque
578 2603 903 2662 necessario
934 2601 1113 2661 etiam
1147 2602 1489 2663 continetur
1522 2603 1587 2662 in
1615 2592 1939 2666 traditione
1968 2604 2231 2666 Ecclesiae
2261 2627 2451 2665 roma-

303 2717 430 2772 nae,
485 2718 653 2779 quae,
707 2709 998 2779 quatenus
1050 2719 1199 2757 rom.
1256 2700 1603 2760 Pontificem
1651 2700 2003 2784 Episcopum
2044 2701 2264 2779 habet,
2311 2724 2447 2786 pars

304 2796 638 2853 essentialis
674 2794 852 2853 totius
891 2793 1155 2853 Ecclesiae
1195 2805 1305 2854 est.

383 2889 525 2949 730.
577 2889 642 2948 50
677 2891 800 2949 Imo
836 2901 897 2949 et
931 2888 1080 2948 illud
1114 2889 1448 2969 adjicimuS,
1479 2892 1864 2974 quaestionem
1891 2893 2045 2954 hanc
2080 2898 2151 2953 in
2182 2905 2448 2954 concreto

306 2995 375 3043 ut
413 2986 613 3061 aiunt,
669 2998 730 3046 et
774 2986 839 3045 in
884 2986 1052 3068 praxi
1100 2987 1199 3047 vix
1250 3009 1746 3069 supervacaneam
1791 3012 1914 3050 non
1956 2989 2161 3052 videri.
2207 2989 2444 3051 Etenim

305 3100 439 3139 cum
470 3081 674 3164 aliquis
703 3103 865 3142 error
892 3093 994 3141 aut
1025 3081 1255 3143 haeresis
1282 3082 1495 3144 alicubi
1526 3087 1792 3169 exurgit,
1836 3074 1990 3145 illius
2017 3085 2271 3168 regionis
2299 3107 2443 3170 prae-

308 3175 498 3251 suleS,
541 3179 602 3237 in
652 3201 766 3260 qua
800 3178 1036 3239 haeresis
1081 3178 1417 3256 suboritur,
1454 3182 1633 3264 primi
1666 3194 1734 3241 ut
1784 3181 2108 3264 plurimum
2156 3194 2298 3244 sunt
2340 3183 2443 3266 qui

305 3292 468 3332 arma
490 3286 727 3334 sumant
751 3274 1026 3339 adversus
1054 3275 1368 3358 profanam
1389 3278 1741 3356 novitatem;
1767 3277 1877 3359 ipsi
1902 3279 2441 3340 commonefaciunt

299 3505 397 3555 cfr.
430 3521 534 3573 quae
567 3507 678 3554 scite
706 3524 804 3555 non
838 3510 993 3557 minus
1030 3526 1176 3575 quam
1214 3527 1326 3575 pru·
1409 3507 1482 3560 De
1512 3512 1568 3558 vi
1593 3527 1650 3559 ac
1677 3511 1861 3561 ratione
1882 3514 2131 3578 primatus
2153 3550 2166 3575 ‚
2197 3531 2300 3580 cap.
2342 3512 2399 3563 15
2422 3550 2434 3573 ‚

297 3589 456 3638 denter
483 3590 569 3639 hac
591 3589 649 3639 de
676 3608 723 3638 re
741 3590 982 3653 observat,
1015 3603 1118 3659 post
1139 3592 1324 3643 Canum
1410 3590 1436 3658 S
1480 3608 1559 3642 10.

287 3681 333 3719 et
382 3670 731 3723 Bell-‘irminam
752 3709 767 3733 ‚
805 3673 966 3724 Petrus
1013 3675 1321 3737 Ballerinius‚
