2514 4218
389 210 547 249 PAR'r.
593 211 636 247 1.
683 209 832 247 sncr.
876 210 944 245 11.
991 208 1111 246 cAP.
1158 205 1244 243 ιιι.
1293 202 1365 242 DE'
1405 206 1534 242 uxr.
1579 204 1646 241 m·
1691 202 1810 241 mn.
1855 202 2015 239 Pam.
2134 181 2250 241 491

138 364 278 413 runt
314 354 388 412 IV
431 349 657 421 seculo,
701 349 875 408 fuisse·
911 345 1286 407 accidentalia
1327 357 1386 405 et
1429 346 1784 417 accessoria;
1831 343 1911 402 sic
1947 363 2257 424 perperam

138 449 388 507 infertur
407 491 424 520 7
464 442 920 503 accidentalibus
947 441 1176 521 juribus
1206 442 1494 523 primatus
1516 438 1798 522 pontificii
1824 459 1888 497 ea
1914 458 2036 496 esse
2058 458 2262 498 accen-

138 542 319 603 senda
341 586 356 614 ,
404 559 529 622 quae
561 550 694 621 post
729 561 827 598 sex
875 549 975 596 aut
1010 547 1235 618 septem
1276 535 1464 594 secula
1504 534 1810 594 Pontifices
1845 543 2251 592 exercuerunt.

142 635 406 710 Accedit,
451 635 723 712 adjuncta
767 632 1155 715 posteriorum
1193 630 1520 690 seculorum
1557 650 1622 688 ac
1660 629 1743 688 rei
1776 626 2164 687 ecclesiasticae
2198 637 2264 687 et

137 730 381 813 politicae
422 741 639 789 statum
692 729 788 789 vix
839 750 958 786 non
1000 725 1380 785 necessariam
1436 724 1689 784 effecisse
1731 743 1945 783 novam
2000 721 2258 804 discipli-

138 848 312 900 nam,
347 846 472 907 quae
501 825 716 883 sensim
746 844 810 883 ac
845 823 968 881 sine
997 841 1170 880 sensu
1207 821 1462 901 antiquae
1505 819 1745 878 suffecta
1785 829 1903 895 est,
1938 823 2260 899 antequam

140 921 465 980 Isidorianae
494 918 821 979 decretales·
841 917 1312 995 confingerentur
1345 915 1452 995 (l).
1476 916 1556 973 Ex
1593 914 1682 972 his
1704 913 1918 995 liquet,
1952 914 2094 996 quid
2123 935 2267 973 sen-

138 1014 401 1074 tiendum
438 1016 513 1073 sit
549 1014 620 1073 de
661 1012 879 1094 duplici
906 1010 1128 1089 jurium
1165 1009 1340 1070 classe
1361 1055 1376 1084 ,
1419 1032 1596 1092 quam
1619 1009 1946 1069 febroniani
1976 1010 2263 1089 excogita-

138 1121 307 1183 runt3
338 1120 405 1168 ut
443 1109 672 1168 silentio
696 1119 1133 1190 praetereamuS‚
1165 1126 1292 1187 quae
1318 1105 1847 1166 animadvertenda
1883 1116 2079 1165 essent
2110 1105 2261 1164 circa

138 1205 236 1264 illa
273 1228 568 1286 supremae
596 1204 977 1283 inspectionis
1011 1213 1071 1260 et
1105 1205 1380 1281 supremi
1402 1205 1740 1282 provisorii
1765 1204 2082 1282 regiminis
2097 1205 2265 1280 jura,

139 1323 266 1381 quae
303 1302 414 1382 ipsi
455 1299 767 1360 commenti
791 1309 964 1371 sunt,
999 1318 1230 1357 necnon
1270 1298 1344 1356 de
1384 1299 1770 1372 devolutione,
1803 1319 1979 1379 quam
2026 1305 2265 1370 vocant,

130 1397 350 1473 jurium
383 1393 823 1455 accidentalium
859 1415 889 1451 a
918 1391 1384 1474 metropolitanis
1416 1404 1476 1451 et
1504 1392 1741 1472 synodis
1768 1391 2260 1474 provincialibUS‚

139 1513 267 1573 quae
289 1490 562 1572 supponit
585 1488 742 1570 quod
771 1488 962 1547 adhuc
993 1489 1054 1546 in
1079 1488 1474 1547 controversia
1498 1498 1617 1561 est3
1650 1498 1716 1544 ut
1742 1488 2266 1569 praetermittamus

139 1587 378 1668 insuper
410 1583 730 1643 absurdum
750 1629 765 1658 ‚
817 1584 973 1665 quod
1018 1605 1090 1643 ex
1131 1584 1375 1642 istorum
1411 1583 1840 1643 neotericorum
1872 1581 2098 1643 theoria
2123 1604 2265 1665 pro—

143 1681 308 1755 fluit.
343 1678 657 1740 Ecclesiam
690 1678 906 1738 scilicet
938 1679 1273 1760 posterioris
1309 1680 1490 1753 aetatis
1520 1701 1639 1737 non
1670 1700 1790 1737 esse
1829 1699 1995 1760 aeque
2030 1677 2265 1738 fidelem

138 1778 523 1858 interpretem
567 1774 883 1835 voluntatis
919 1774 1170 1848 Christi,
1210 1795 1276 1833 ac
1316 1774 1492 1833 fuerit
1527 1764 1769 1833 Ecclesia
1807 1774 2125 1856 primitiva.

219 1872 362 1931 715.
422 1870 510 1930 Ad
550 1870 656 1944 3¹¹²,
705 1871 859 1929 Dist.
913 1870 971 1928 Si
1023 1869 1284 1928 Christus
1330 1871 1408 1928 ita
1466 1869 1861 1928 constituisset
1917 1868 2264 1949 dignitatem

140 1966 568 2048 primatialem.
606 1985 799 2033 conc.,·
835 1965 882 2023 si
929 1965 1011 2046 ita
1051 1986 1176 2023 non
1219 1965 1555 2039 constituit,
1595 1987 1726 2045 neq.
1774 1963 1988 2024 Inutile
2028 1987 2266 2046 prorsus

144 2071 232 2119 est
279 2082 586 2140 congerere
633 2072 734 2118 aut
768 2059 882 2119 sibi
928 2061 1255 2140 confingere
1286 2059 1686 2136 incommoda,
1723 2081 1854 2141 quae
1888 2081 1958 2119 ex
1991 2081 2263 2142 suprema

142 2155 482 2214 auctoritate
505 2157 584 2214 ita
614 2157 926 2214 constituta
957 2157 1370 2237 provenirent,
1403 2156 1451 2214 si
1478 2155 1653 2238 plane
1681 2167 1911 2215 constet
1944 2155 2018 2215 de
2047 2155 2262 2214 Christi

143 2250 404 2312 Ecclesiae
439 2250 735 2313 architecti
774 2261 834 2310 et
870 2250 1184 2310 conditoris
1216 2251 1540 2313 voluntate.
1586 2254 1721 2311 Jam
1766 2274 1906 2312 vero
1947 2250 2114 2310 nullo
2150 2250 2265 2311 alio

142 2344 332 2405 limite
364 2345 547 2406 voluit
585 2344 846 2403 Christus
877 2346 1265 2427 primatialem
1304 2347 1701 2406 circumscribi
1733 2347 2082 2427 dignitatern
2113 2367 2263 2429 prae·

142 2452 234 2500 ter
263 2440 447 2515 illum,
477 2462 651 2521 quem
672 2442 996 2522 praefigeret
1013 2446 1134 2519 ejus
1154 2441 1370 2500 abusus
1397 2442 1460 2500 in
1492 2441 1948 2502 destructionem
1975 2441 2259 2502 Ecclesiae.

141 2535 302 2594 Nihil
348 2536 508 2595 enim
558 2536 824 2595 Pontifex
867 2547 1061 2618 potest
1089 2537 1314 2597 efficere
1340 2583 1355 2612 .‚
1389 2538 1547 2619 quod
1585 2549 1847 2617 vergeret
1896 2538 1979 2596 in¹
2004 2537 2262 2598 Ecclesiae

138 2630 627 2703 destructionemz,
668 2652 732 2689 ac
752 2675 768 2706 .,
795 2631 839 2689 si
867 2631 1005 2712 quid
1027 2631 1324 2710 ejusmodi
1354 2633 1686 2708 moliretur,
1713 2633 1865 2692 nulli
1886 2644 2263 2693 censerentur

134 2728 260 2803 ejus
305 2737 485 2783 actus,
534 2729 605 2784 At
641 2727 700 2784 in
754 2726 1201 2788 aedificationem
1242 2729 1441 2788 omnia
1483 2740 1694 2811 potest.
1744 2731 1867 2788 Hoc
1919 2741 2153 2789 tantum
2203 2740 2263 2789 et

134 2820 299 2880 nullo
327 2819 438 2879 alio
466 2821 653 2881 limite
682 2823 1128 2905 circumseptam
1158 2824 1345 2885 voluit
1375 2825 1637 2884 Christus
1674 2825 1877 2883 Vicarii
1901 2826 1987 2883 sui
2013 2826 2261 2885 auctori·

130 2926 333 2975 tatem.
380 2916 863 2976 Adversariorum
886 2940 1060 3001 porro
1098 2931 1187 2979 est
1220 2921 1492 2980 evincere
1520 2919 1883 3003 disciplinam
1904 2966 1921 2997 ‚
1965 2933 2054 2980 tot
2093 2943 2260 2981 secu-

129 3011 320 3070 lorum
375 3034 482 3070 usu
541 3024 715 3094 atque
778 3016 1269 3074 oecumenicorum
1318 3015 1704 3074 Conciliorum
1770 3017 2110 3079 auctoritate
2159 3019 2262 3078 fir-

133 3117 350 3165 matam
375 3152 391 3181 ,
449 3129 684 3187 vergere
742 3109 804 3166 in
860 3108 1286 3170 detrimentum
1341 3111 1723 3171 Ecclesiarum
1780 3112 2253 3194 particularium.

131 3200 498 3279 Experientia
545 3214 741 3263 autem
781 3204 1071 3280 ostendit,
1115 3206 1274 3265 haud
1313 3208 1512 3287 exigua
1549 3207 1687 3268 inde
1723 3207 1875 3273 bona
1916 3210 1977 3267 in
1998 3209 2259 3269 Ecclesiae

131 3294 581 3358 aedificationem
613 3299 946 3360 dimanasse
981 3301 1092 3379 (2).
2065 3318 2068 3322 ’

195 3483 266 3547 (1)
306 3482 684 3548 Cfr.Ballerinii,
714 3505 792 3553 op.
810 3500 856 3537 et
876 3489 966 3538 loc.
996 3492 1070 3537 cit.
1085 3492 1164 3538 De
1246 3491 1490 3553 zaccaria,
1536 3511 1615 3559 op.
1660 3505 1703 3543 et
1747 3495 1838 3546 loc.
1881 3499 1960 3546 cit.
2003 3496 2114 3545 diss.
2168 3514 2253 3557 ιιι,

127 3564 393 3612 collectione
415 3566 730 3632 Isidoriana3
753 3571 943 3620 Bianchi
965 3608 979 3631 ‚
1010 3571 1164 3619 Dell’-
1246 3593 1348 3640 cap.
1379 3575 1409 3623 3
1438 3586 1482 3624 et
1509 3572 1561 3639 4.

126 3650 320 3696 ester-ior
339 3648 528 3713 polizia
556 3651 676 3699 della
711 3653 868 3703 chiesa
892 3694 906 3718 ,
938 3667 1051 3705 tom.
1074 3675 1120 3706 iv
1145 3697 1159 3718 ‚
1315 3658 1380 3721 (2)
1419 3658 1517 3710 cfr.
1545 3661 1845 3728 Roskovany,
1879 3679 1954 3726 op.
1985 3663 2062 3709 cit.
2089 3659 2114 3727 §
2140 3660 2223 3712 56.

126 3729 208 3777 lib.
232 3748 293 3792 ιι,
323 3748 425 3796 cap.
449 3732 506 3794 3,
532 3731 559 3798 ξ
586 3730 643 3796 5,
680 3753 783 3800 pag.
813 3733 910 3799 450
936 3749 978 3787 et
1008 3754 1161 3806 seqq.;
