2514 4218
291 176 327 233 4
816 193 1137 234 'ruminus
1181 193 1249 228 ΒΕ
1293 191 1446 228 Loc1s
1491 192 1874 230 TnEoLoc101S.

1191 349 1400 416 PARS
1447 350 1496 415 12

962 547 1336 606 SECTIO
1422 547 1743 605 PRIOR.

1038 725 1110 765 DE
1141 721 1399 766 ECCLESIA
1429 724 1663 766 CHRISTI.

374 936 431 995 8.
461 931 699 991 Christi
715 929 973 991 Ecclesiae
990 931 1231 989 nomine
1247 930 1635 1010 significamus
1660 929 1996 988 societatem
2015 929 2205 1001 illam,
2233 952 2409 1012 quam

293 1030 552 1090 Christus
576 1030 778 1101 JesuS.,
813 1029 977 1106 cujus
1010 1026 1274 1088 divinam
1317 1027 1656 1085 missionem
1696 1025 2119 1085 vindicavimus
2145 1027 2208 1085 in
2236 1038 2405 1086 tract.

287 1126 377 1185 De
426 1144 564 1182 vera
597 1124 908 1202 Reliyione
923 1165 944 1194 ,
992 1122 1249 1180 instituit
1270 1167 1285 1196 ἢ
1328 1133 1395 1180 ut
1440 1121 1772 1204 depositum
1806 1133 2127 1181 asservaret
2163 1123 2409 1182 coelestis

289 1218 565 1277 doctrinae
602 1218 665 1276 in
699 1228 883 1276 terras
908 1216 981 1275 ab
1010 1238 1070 1275 se
1102 1216 1342 1292 delatae,
1381 1228 1556 1299 atque
1594 1237 1878 1296 organum
1912 1238 2013 1275 seu
2051 1215 2311 1275 medium
2339 1218 2409 1276 si-

290 1313 415 1372 mul
447 1324 599 1373 esset
627 1358 642 1387 7
691 1334 806 1394 quo
843 1312 966 1372 haec
1011 1312 1134 1394 ipsa
1171 1311 1433 1372 doctrina
1487 1324 1932 1374 conservaretur
1966 1314 2189 1392 integra
2234 1323 2409 1395 atque

290 1419 727 1490 propagaretur.

372 1505 429 1562 9.
478 1506 562 1563 De
602 1503 711 1562 hac
753 1503 1022 1564 societate
1058 1502 1227 1562 nobis
1266 1503 1688 1586 inquirendum
1719 1515 1807 1564 est
1831 1550 1846 1579 7
1884 1525 2155 1586 quaenam
2182 1504 2256 1561 sit
2289 1509 2409 1582 ejus

290 1600 447 1677 origo
476 1619 577 1658 seu
604 1599 934 1673 instituti03
971 1599 1266 1681 quomodo
1310 1600 1386 1658 sit
1422 1601 1777 1673 constituta3
1820 1622 2097 1682 quaenam
2134 1601 2253 1660 sint
2289 1605 2409 1676 ejus

287 1705 471 1767 notae3
498 1714 624 1775 quae
650 1698 770 1773 ejus
798 1694 962 1754 dotes
986 1706 1046 1754 et
1065 1697 1286 1755 munia.
1311 1694 1579 1755 Totidem
1603 1695 1726 1756 haec
1747 1697 1934 1777 capita
1957 1707 2158 1770 eruut,
2190 1696 2250 1754 in
2282 1715 2409 1776 quae

290 1790 547 1871 priorem
572 1789 724 1849 hanc
750 1791 1067 1851 sectionem
1096 1789 1532 1850 distribuemuS.

1180 1982 1421 2041 CAPUT
1465 1985 1508 2040 Ι.

613 2156 680 2194 1>E
723 2155 943 2193 CHRISTI
984 2154 1258 2192 ECCLESIAE
1302 2154 1690 2192 INSTITUTIONE
1731 2156 1796 2191 ΕΤ
1841 2155 2092 2200 ORIGINE.

374 2323 471 2383 10.
518 2322 596 2382 Ut
614 2343 686 2382 ex
703 2322 827 2404 ipsa
848 2321 1002 2380 tituli
1026 2322 1403 2404 inscriptione
1429 2333 1615 2403 patet„
1640 2322 2033 2383 controversia
2054 2320 2149 2381 hic
2171 2323 2412 2382 minime

291 2419 541 2500 agitatur
576 2416 650 2476 de
686 2415 933 2475 Ecclesia
969 2416 1290 2475 universim
1325 2427 1559 2498 sumpta
1582 2461 1598 2490 7
1642 2437 1883 2498 quaeque
1929 2416 2003 2475 ab
2043 2417 2169 2497 ipso
2203 2416 2411 2475 mundi

292 2512 531 2574 exordio
550 2533 684 2571 cum
712 2510 1227 2594 protoparentibus
1260 2512 1468 2591 coepit,
1498 2511 1671 2589 longo
1693 2511 2037 2570 saeculorum
2066 2522 2255 2569 tractu
2283 2533 2412 2592 per-

289 2607 554 2682 crebuit,
594 2627 659 2665 ac
690 2627 907 2666 novam
931 2603 1400 2687 peculiaremque
1435 2603 1542 2662 sub
1572 2606 1767 2683 Moyse
1802 2604 2011 2681 adepta
2053 2606 2299 2664 formam
2344 2608 2403 2665 in

288 2701 474 2763 electo
499 2700 607 2761 Dei
641 2698 859 2783 populo
889 2720 1072 2780 usque
1110 2697 1185 2757 ad
1219 2697 1519 2757 Christum
1552 2699 1963 2779 perseveravit.
2004 2702 2087 2759 De
2114 2699 2220 2758 hac
2249 2703 2405 2760 enim

287 2796 536 2857 Ecclesia
557 2840 574 2871 .‚
610 2816 708 2856 seu
735 2794 925 2876 potius
954 2793 1026 2854 de
1058 2793 1212 2852 hisce
1242 2793 1488 2854 diversis
1528 2793 1787 2871 ejusdem
1824 2794 2084 2854 Ecclesiae
2115 2796 2360 2855 statibus
2387 2843 2402 2872 ,

291 2892 454 2951 nulla
491 2889 821 2951 intenditur
866 2888 1035 2948 nobis
1066 2888 1174 2963 lis3
1212 2889 1539 2969 praesertim
1582 2910 1716 2947 cum
1764 2888 1823 2948 hi
1866 2900 2049 2948 status
2088 2889 2401 2967 desierint,

204 2997 207 3000 “
290 2998 359 3046 ut
388 2986 579 3046 locum
613 2985 886 3046 cederent
915 2985 1088 3044 tertio
1110 3029 1125 3059 a
1155 2985 1218 3042 in
1254 3006 1369 3066 quo
1401 2983 1656 3044 Ecclesiae
1691 3006 1798 3066 per
1825 2985 2118 3044 Christum
2146 2986 2207 3045 in
2239 2989 2404 3048 terris

292 3082 472 3141 totius
505 3102 662 3141 nunc
685 3079 1055 3163 perfectionis
1080 3078 1347 3139 cumulus
1377 3081 1640 3139 accessit.

378 3177 472 3235 ll.
520 3176 879 3236 Disserentes
917 3175 1091 3256 igitur
1121 3174 1193 3235 de
1231 3186 1525 3257 postremo
1549 3175 1659 3234 hoc
1699 3175 1960 3236 Ecclesiae
1995 3188 2182 3254 statu,
2226 3200 2401 3260 quem

294 3293 325 3328 a
363 3292 466 3329 suo
508 3271 842 3331 institutore
889 3292 954 3330 ac
997 3269 1304 3330 fundatore
1357 3271 1598 3352 posthac
1651 3270 1980 3331 vocabimus
2025 3272 2238 3332 Christi
2297 3276 2401 3334 Ec-

294 3364 530 3425 clesiam
586 3377 686 3424 aut
724 3365 986 3425 absolute
1025 3364 1372 3441 Ecclesiam,
1411 3366 1885 3447 investigabimus
1928 3372 2048 3445 ejus
2084 3368 2399 3447 originem,

293 3471 361 3519 ut
397 3481 526 3520 eam
569 3459 899 3541 colligamus
936 3461 1326 3543 antiquiorem
1364 3483 1488 3522 esse
1534 3462 1737 3544 quavis
1787 3463 2116 3543 Scriptura,
2162 3486 2290 3546 quae
2328 3463 2403 3523 de

294 3554 415 3635 ipsa
466 3554 756 3636 loquitur,
794 3567 854 3614 et
898 3555 1087 3615 eidem
1148 3556 1544 3638 praescribere.
1599 3558 1783 3634 Hujus
1840 3556 2077 3639 quidem
2141 3559 2400 3620 veritatis

292 3648 513 3709 semina
538 3669 601 3708 ac
627 3648 786 3711 velut
810 3649 1258 3712 fundamentum
1289 3651 1531 3728 jecimus
1557 3651 1618 3710 in
1654 3650 1896 3731 allegato
1935 3662 2103 3712 tract.
2144 3655 2234 3714 De
2262 3673 2402 3711 vera
