2514 4218
2096 134 2214 193 287

508 159 669 196 PART.
718 155 758 193 l.
808 154 930 194 CAP.
984 156 1060 193 lV.
1109 157 1180 192 DE
1225 156 1500 194 ECCLESIAE
1544 156 1793 194 no'rIBUS.

181 305 323 365 432.
370 301 459 362 Ad
489 300 578 358 2¹¹¹
599 344 616 374 ,
663 299 820 359 Dist.
859 297 1216 380 Quamplura
1244 295 1499 357 Concilia
1523 307 1651 356 acta
1690 317 1804 356 suar
1827 298 2114 373 miserunt
2139 299 2215 359 ad

99 405 481 484 Imperatores
501 442 517 470 ‚
558 404 625 454 ut
658 396 1148 455 confirmarentur
1192 394 1256 452 in
1290 392 1495 453 ordine
1531 392 1608 453 ad
1647 402 1851 453 eorum
1888 393 2215 455 custodiam

96 510 158 559 et
189 494 589 566 executionem
608 538 624 567 7
669 511 861 560 conc.‚·
882 491 947 550 in
965 488 1170 549 ordine
1193 488 1270 549 ad
1302 488 1685 549 intrinsecum
1720 487 1902 548 robur
1930 510 1997 548 ac
2028 491 2218 551 firmi-

97 603 279 652 tatem
313 590 381 657 iis
420 586 830 661 tribuendam,
872 607 1000 667 neq.
1040 582 1179 643 Ideo
1217 585 1379 644 enim
1408 584 1709 644 interdum
1744 595 2002 668 potestas
2033 586 2217 647 civilis

92 685 382 746 canonicis
408 680 804 742 sanctionibus
833 680 1055 760 adjecta
1077 689 1167 738 est
1187 723 1204 752 ,
1233 677 1355 738 non
1387 691 1454 738 ut
1469 680 1592 739 istis
1618 680 2048 742 vimconferret
2065 680 2219 740 obli-

94 780 272 862 gandi
314 778 511 863 fideles
533 822 552 853 a
593 799 709 860 qua
749 799 823 838 ex
867 773 1192 855 semetipsis
1226 783 1492 834 'carerent
1511 820 1527 847 .,
1575 796 1789 835 verum¹
1821 787 1888 836 ut
1928 797 2218 836 canonum

95 875 421 937 custodiam
466 874 839 934 confirmaret
879 882 1335 950 transgressores
1373 869 1676 951 puniendo
1700 915 1716 946 ,
1761 872 1849 930 uti
1883 869 2220 932 declaratur

95 974 157 1050 in
192 971 498 1054 capitulari
532 967 891 1031 childeberti
933 966 1081 1046 regis
1114 987 1130 1024 ε
1188 966 1267 1026 Ut
1281 967 1486 1046 plebs,
1524 988 1659 1046 quoe
1696 969 2018 1028 sacerdotis
2046 991 2222 1049 prae—

95 1078 264 1149 cepta
303 1089 422 1127 non
457 1070 547 1125 ita
578 1076 649 1125 ut
685 1071 908 1144 oportet
936 1062 1228 1135 custodit,
1261 1073 1458 1122 nost-ro
1498 1065 1682 1122 etiam
1718 1067 2070 1145 corrigatur
2096 1067 2220 1124 im·

86 1167 265 1244 perio
287 1161 398 1244 (1).
429 1160 596 1236 Quod
618 1159 835 1241 pariter
853 1155 1042 1239 liquet
1071 1178 1144 1218 ex
1168 1155 1383 1216 celebri
1409 1157 1802 1219 Valentiniani
1828 1161 1908 1220 ΙΙΙ
1935 1159 2184 1222 Novella
2199 1205 2218 1237 ,

96 1260 159 1317 in
204 1280 316 1340 qua
346 1258 556 1337 legitur
583 1276 597 1313 ε
631 1254 796 1315 Erat
823 1253 1067 1332 quidem
1100 1256 1237 1332 ipsa
1275 1258 1567 1313 sententia
1595 1276 1715 1334 per
1750 1255 1988 1315 Gallias
2037 1261 2221 1315 etiam

98 1358 227 1413 sine
260 1352 574 1433 imperiali
602 1352 900 1408 sanctione
945 1350 1240 1407 valitura.
1286 1348 1456 1427 Quid
1495 1353 1661 1407 enim
1709 1355 1871 1409 tanti
1906 1353 2221 1432 Pontificis

98 1449 341 1528 (Leonis
376 1446 494 1522 M.)
531 1447 884 1503 auctoritati
910 1465 1033 1502 non
1073 1442 1316 1502 liceret?
1349 1443 1471 1501 Sed
1494 1454 1768 1503 nostram
1805 1467 2037 1525 quoque
2051 1469 2222 1527 proe-

97 1547 417 1624 ceptionem
447 1541 569 1599 koec
598 1543 757 1598 ratio
778 1539 1084 1619 probavit.
1099 1582 1136 1597 ..
1172 1559 1280 1596 nec
1308 1560 1570 1617 usquam
1597 1541 1782 1599 alteri
1813 1542 2222 1602 ecclesiasticis

97 1639 276 1698 rehu-s
309 1657 490 1696 arma
523 1637 768 1694 miscere
800 1644 910 1692 aut
933 1637 1254 1714 praeceptis
1291 1636 1535 1692 romani
1565 1634 1879 1695 Antistitis
1918 1638 2097 1696 liceat
2129 1640 2225 1697 ob-

98 1716 267 1793 viare
302 1731 411 1812 (2).
453 1733 644 1813 Atque
677 1729 786 1790 bac
818 1729 893 1789 de
930 1750 1099 1789 causa
1134 1729 1430 1810 Principes
1466 1751 1583 1817 prol
1607 1731 1977 1811 synodalium
1999 1735 2221 1793 consti-

97 1829 395 1888 tutionum
431 1825 871 1887 confirmatione
912 1823 1171 1885 Concilia
1220 1835 1281 1883 et
1321 1825 1592 1907 Episcopi
1636 1843 2072 1910 nonnunquam
2119 1851 2222 1889 ro-

99 1928 328 2004 garunt.
360 1925 510 1982 Sane
542 1920 811 1981 Conciliis
839 1920 1212 1999 oecumenicis
1249 1941 1401 2001 pene
1417 1920 1698 2008 ‘omnibus
1731 1923 2219 2003 efflagitantibuS‚

98 2020 393 2100 Principes
432 2018 509 2077 ad
544 2017 764 2076 tuenda
810 2015 1136 2095 dogmatica
1187 2014 1454 2091 decreta,
1496 2027 1671 2098 atque
1705 2017 1781 2076 ad
1815 2013 2224 2081 haereticorum

99 2113 583 2195 compescendam
615 2108 917 2172 audaciam
959 2110 1149 2171 edicta
1183 2111 1671 2193 promulgarunt3
1725 2135 1872 2174 num
1913 2115 2091 2196 igitur
2128 2118 2225 2199 ip-

91 2292 151 2341 Et
183 2290 352 2339 clarius
374 2289 528 2339 adbuc
542 2288 787 2338 Masculus
804 2326 818 2348 ,
847 2289 964 2337 Loc.
983 2304 1112 2336 com·

92 2371 282 2422 munib.
311 2388 413 2436 cap.
447 2371 504 2419 de
546 2372 831 2434 Maqistrat.
869 2381 978 2421 sect.
1021 2370 1112 2418 ult.

91 2452 218 2501 Hoec
234 2487 249 2511 ‚
293 2453 447 2517 inquit
461 2487 479 2512 ‚
518 2452 793 2499 constitutio
812 2510 818 2528 x
835 2449 1110 2518 disciplina

87 2533 421 2584 ecclesiastices
431 2550 524 2599 per
547 2533 802 2599 Principes
816 2534 948 2584 nihil
971 2533 1114 2582 aliud

93 2625 237 2673 esset,
270 2633 414 2681 quam
444 2617 711 2664 versionem
732 2615 893 2680 facere
905 2651 924 2677 ‚
951 2624 998 2664 et
1028 2608 1108 2665 ar'-

91 2699 343 2748 bitrariam
364 2697 624 2767 ⁴reliqiom's
654 2683 1002 2746 constituendas
1020 2715 1110 2764 po-

91 2788 303 2830 testatem
318 2818 334 2843 ‚
362 2778 654 2845 Pontificum
671 2781 947 2845 maqisterio
973 2798 1110 2847 erep-

33 2860 36 2867 “
91 2873 210 2924 tam,
222 2863 585 2929 maqistratibus
598 2862 872 2928 adsiquare.
889 2863 1109 2922 Demum,

94 2948 251 2998 ceteris
264 2947 464 3005 omissis,
477 2943 806 3010 Wegscheider
821 2946 935 3009 ipse,
952 2941 978 3009 §
999 2961 1016 2992 ι
1025 2942 1109 3000 83,

97 3026 256 3075 scribit
279 3026 720 3092 :Reformatores...
753 3024 804 3073 E
805 3025 990 3075 celesioe
1016 3027 1114 3092 ipsi

93 3107 369 3172 facultatem
411 3110 685 3159 tribuerunt
707 3147 722 3175 ,
755 3111 961 3158 minime
1002 3126 1113 3160 vero

100 3204 208 3239 cum
249 3191 388 3241 civili
415 3201 646 3260 potestate
666 3231 680 3254 ,
736 3209 847 3259 quse
883 3192 951 3240 ad
993 3195 1112 3259 jus-

101 3270 261 3318 titiam
292 3281 535 3323 externam
563 3285 741 3342 spectat
757 3314 773 3338 ‚
807 3277 1114 3326 commiscen-

102 3348 213 3397 dam
233 3385 248 3409 ‚
287 3341 389 3400 tum
412 3357 720 3408 ministros...
754 3357 988 3416 vocandi,
1027 3357 1113 3406 eli-

101 3429 250 3494 9eudi
273 3439 318 3480 et
342 3433 635 3501 ordinandi,
666 3448 770 3489 tum
798 3443 1114 3490 caeremonias

103 3521 242 3577 atque
269 3516 393 3563 ritus
410 3553 424 3577 ‚
442 3519 569 3567 sicut
595 3537 780 3572 omnem
796 3524 1115 3591 disciplinam

104 3593 487 3659 ecclesiasticam,
507 3599 573 3648 ad
583 3599 847 3669 Evangelii
869 3615 1112 3673 proecepta

103 3683 455 3743 temporumque
479 3685 688 3732 rationes
712 3687 1010 3738 immutandi
1024 3707 1046 3751 ;
1071 3698 1116 3739 et

1196 2290 1245 2333 in
1259 2298 1356 2335 not.
1373 2287 1457 2350 (L)
1475 2288 1614 2337 refert
1626 2289 1758 2338 artic.
1775 2289 2028 2340 Smalcald.
2044 2291 2100 2340 E
2100 2309 2223 2341 van-

1198 2367 1322 2416 lium
1349 2369 1523 2417 tribuit
1549 2368 1657 2430 his,
1690 2370 1778 2435 qui
1799 2380 2023 2437 proesunt
2050 2372 2222 2423 Eccle-

1193 2451 1316 2511 siis,
1354 2450 1637 2499 mandatum
1678 2452 1884 2502 docendi
1923 2451 2185 2520 Evanqelii
2205 2494 2219 2517 ‚

1193 2532 1466 2580 remittendi
1476 2542 1676 2598 peccata
1691 2572 1705 2594 ‚
1721 2535 2110 2597 administrandi
2128 2539 2222 2586 Sa-

1193 2624 1470 2678 cramenta,
1511 2603 1748 2681 praeterea
1778 2618 2181 2684 jurisdictionem
2206 2657 2221 2681 ,

1193 2696 1414 2747 videlicet
1449 2698 1731 2747 mandatum
1767 2703 2224 2753 excommunicandi

1194 2795 1270 2828 eos
1292 2817 1306 2841 ‚
1362 2796 1565 2846 quorum
1613 2790 1726 2830 nota
1758 2792 1872 2831 suut
1901 2786 2147 2848 crimina,
2179 2794 2227 2835 et

1193 2863 1524 2927 resipiscentes
1568 2880 1761 2911 rursum
1803 2864 2101 2917 absolvendi.
2143 2867 2224 2917 Ac

1196 2943 1490 3009 liquet‚hanc
1496 2954 1776 3012 potestatem
1776 2948 1894 3011 jure
1907 2947 2079 2998 divino
2091 2954 2221 3000 com-

1195 3045 1390 3077 munem
1419 3047 1517 3078 esse
1549 3030 1771 3080 omnibus
1789 3068 1802 3091 ‚
1842 3033 1932 3097 qui
1953 3042 2183 3099 proesunt
2202 3072 2216 3095 ‚

1194 3113 1297 3160 sive
1310 3123 1538 3161 vocentur
1551 3122 1768 3180 pastores
1787 3153 1802 3177 ,
1817 3115 1921 3164 siae
1927 3117 2217 3182 presbyteri,

1194 3194 1298 3243 sive
1322 3192 1578 3261 Episcopi.
1597 3196 1751 3256 Quam
1770 3196 1891 3246 male
1921 3200 1996 3247 isti
2022 3187 2112 3248 sibi
2138 3217 2221 3248 co-

1194 3275 1419 3338 lum-eant,
1441 3280 1564 3344 p'atet
1581 3295 1635 3326 ex
1662 3280 1738 3338 iis,
1762 3296 1863 3346 quae
1885 3280 1944 3330 de
1962 3292 2220 3347 protestan-

1196 3363 1314 3410 tium
1348 3369 1594 3429 systemate
1624 3360 1892 3423 scripsimus
1917 3402 1931 3424 ‚
1972 3383 2079 3414 cum
2112 3380 2219 3429 age·

1196 3461 1353 3493 remus
1385 3444 1442 3492 de
1466 3442 1787 3493 ecclesiastica
1820 3444 2112 3494 hierarchia.

1260 3527 1335 3590 (1)
1373 3525 1510 3574 Tom.
1540 3542 1592 3586 1,
1630 3524 1847 3594 Capitul.
1878 3546 1986 3593 pag.
2020 3524 2077 3576 6.

1267 3608 1329 3672 (2)
1367 3607 1488 3658 Inter
1516 3611 1652 3674 epist.
1670 3605 1722 3660 S.
1740 3609 1906 3660 Leonis
1925 3646 1938 3669 ,
1976 3609 2089 3659 edit.
2113 3609 2217 3659 Bal-

1199 3688 1470 3740 leriniorum
1502 3708 1575 3757 ep.
1602 3708 1646 3741 xl
1665 3729 1678 3753 ‚
1711 3709 1818 3757 pag.
1845 3687 1962 3753 643.
