2514 4218
443 251 597 292 mu·-
643 252 683 287 1.
728 244 849 285 cAP.
901 245 963 282 11.
1011 249 1080 286 DE
1124 248 1345 286 camsi-1
1388 248 1542 311 noer..
1590 247 1837 295 consur.
2106 226 2183 284 55

75 397 379 457 Ecclesiam
402 413 568 452 suam
605 390 878 450 continue
912 390 1318 470 propagando,
1358 390 1422 448 in
1447 388 1660 470 triplici
1689 409 1793 447 suo
1826 389 2009 467 gradu
2040 390 2179 472 Epi-

74 510 376 571 scoporum
395 475 416 560 ‚⁵
450 485 926 566 presbyterorum
956 495 1016 543 et
1040 486 1441 544 ministrorum
1465 482 1780 563 insignivit.
1812 484 1977 562 Ergo·

155 584 250 643 99.
297 584 375 642 Ac
400 583 591 662 primo
624 578 863 661 quidem
893 577 968 636 ad
998 598 1186 636 sacras
1214 578 1435 639 litteras
1473 579 1629 660 quod
1658 578 1898 652 attinet,
1930 578 2179 660 legimus

56 665 503 750 'Mattl1.XV111‚
519 676 809 734 Christum
822 694 891 732 ex
908 671 1203 754 omnibus„
1215 673 1508 755 discipulis
1531 695 1673 755 quos
1689 674 1731 731 si
1739 671 1795 731 bi
1811 672 2192 751 adjunxerat,v

73 771 260 832 claves
289 772 449 850 regni
474 770 748 829 caelorum
765 813 782 842 ,
809 787 908 826 seu
929 776 1284 847 potestatem·
1306 766 1523 846 ligandi
1552 780 1726 849 atque
1759 767 2024 828 solvendi
2046 769 2194 828 solis—

75 867 363 948 Apostolis
396 865 737 936 tradidisset,
780 858 949 926 lbid„
973 860 1185 934 XXVI,
1230 859 1366 918 solis
1403 863 1687 941 Apostolis
1726 863 2035 923 contulisse
2065 886 2181 945 po-

75 972 355 1021 testatem
376 958 791 1018 Eucharistiam
817 953 1196 1031 conficiendi3
1222 974 1285 1013 ac
1307 953 1550 1018 demum
1569 958 1803 1015 XXVIII
1807 1001 1828 1030 ,
1858 957 1990 1017 solis
2018 960 2169 1040 Apo·

77 1055 238 1115 stolis
272 1053 614 1114 mandatum
637 1049 861 1109 dedisse
882 1049 1361 1109 etauctoritatem
1380 1049 1626 1109 docendi
1653 1071 1857 1112 omnes
1886 1063 2089 1132 gentes
2117 1074 2181 1112 ac

75 1149 434 1232 baptizandi,
455 1146 659 1229 quibus
675 1153 956 1225 praeterea
979 1165 1039 1203 se
1061 1143 1402 1204 adfuturum
1420 1146 1486 1204 in
1504 1146 1615 1204 hoc
1635 1167 1880 1206 munere
1902 1147 2180 1208 obeundo

76 1267 259 1327 usque
293 1243 368 1303 ad
396 1240 957 1308 consummationem
985 1240 1160 1299 seculi
1194 1242 1460 1322 promisit
1487 1241 1595 1321 (1).
1634 1243 1797 1301 Hanc
1823 1252 2179 1323 potestatem

78 1340 323 1400 contulit
357 1337 614 1397 Christus
653 1334 991 1394 immediate
1033 1335 1318 1417 Apostolis
1354 1337 1471 1395 suis
1512 1336 1718 1396 eadem
1755 1337 1982 1396 ratione
2006 1381 2023 1411 ,
2069 1358 2182 1418 qua

80 1437 202 1518 ipse
218 1454 345 1495 eam
356 1441 693 1491 consecutus
705 1439 831 1490 erat
844 1451 876 1489 a
886 1431 1055 1490 Patre
1066 1452 1190 1489 suo,
1209 1432 1289 1490 Ut
1303 1432 1460 1491 enim
1475 1430 1688 1511 legitur
1701 1432 1910 1492 Matth.
1925 1433 2183 1506 XXVIII,

81 1529 338 1590 Christus
371 1527 727 1608 praemiserat
768 1546 782 1583 t
827 1527 993 1584 Data
1024 1537 1109 1586 est
1138 1527 1298 1585 mihi
1333 1530 1530 1586 omnis
1562 1538 1815 1606 potestas
1852 1532 1920 1585 in
1955 1528 2092 1586 coelo
2131 1538 2188 1585 ec

80 1630 150 1685 in
176 1634 338 1681 terra
356 1641 378 1689 ,·
397 1632 599 1680 euntes
627 1641 762 1701 erqo
787 1621 1008 1690 docete,
1035 1631 1148 1680 etc.
1168 1632 1342 1703 atque
1356 1632 1422 1680 ut
1446 1621 1699 1681 habetur
1711 1624 1882 1681 Joan.
1911 1623 2036 1697 XX,
2061 1622 2136 1679 21
2161 1666 2178 1690 q

80 1717 223 1778 dixit
261 1716 340 1775 eis
380 1740 397 1775 ε
436 1717 608 1774 Sicut
648 1718 817 1774 misit
851 1737 944 1774 me
983 1717 1209 1785 Pater,
1257 1728 1313 1774 et
1354 1739 1451 1797 eqo
1490 1720 1661 1776 mitto
1691 1738 1808 1776 vos.
1852 1717 2002 1775 Haec
2041 1738 2182 1775 cum

76 1815 339 1885 dixisset,
357 1808 710 1889 insufflavit,
726 1822 782 1869 ec
804 1812 966 1869 dimit
986 1815 1069 1869 eis
1092 1832 1113 1870 .·
1131 1815 1380 1891 accipite
1396 1814 1700 1891 Spiritum
1723 1814 2038 1885 Sanctum,
2066 1822 2177 1870 etc.

75 1907 158 1966 Ex
179 1906 269 1965 his
293 1906 468 1986 igitur
490 1903 818 1964 luculenter
841 1899 1066 1964 constat
1084 1951 1099 1980 ‚
1130 1907 1425 1966 Christum
1446 1908 1511 1966 in
1533 1908 1899 1967 institutione
1923 1908 2183 1968 Ecclesiae

75 2023 189 2061 suae
234 2011 363 2059 tum
407 2000 744 2059 missionem
772 2044 789 2073 ,
842 2010 970 2058 tum
1019 1999 1583 2061 administrationem
1635 2004 2142 2062 Sacramentorum
2163 2049 2179 2077 ,

71 2108 201 2156 tum
226 2095 476 2178 denique
514 2106 909 2177 opportunam
949 2096 1352 2156 auctoritatem
1383 2096 1459 2156 ad
1487 2096 1749 2174 ejusdem
1783 2097 2047 2156 Ecclesiae
2087 2119 2182 2157 re-

74 2192 267 2270 gimen
287 2235 307 2265 ‚
338 2214 460 2250 non
482 2190 727 2272 popule,
757 2201 859 2249 aut
886 2190 1236 2250 secularibus
1262 2190 1620 2273 principibus
1644 2236 1659 2264 ‚
1699 2190 1773 2249 ab
1808 2191 1944 2272 ipsis
1969 2189 2183 2250 deinde

76 2285 297 2345 delecto
311 2285 487 2344 coetui
507 2286 1053 2344 communicandam
1070 2331 1086 2358 ‚
1115 2285 1219 2344 sed
1235 2286 1402 2344 unice
1420 2286 1459 2344 A
1466 2285 1708 2366 postolis
1732 2286 1846 2343 suis
1865 2306 2183 2367 eorumque

75 2380 141 2438 in
183 2378 511 2438 Sacerdotio
525 2379 942 2438 successoribus
974 2378 1310 2438 immediate
1337 2380 1664 2438 contulisse.
1697 2381 1928 2439 Accedit
1947 2424 1963 2454 ‚
1988 2380 2183 2440 Eccle-

72 2473 217 2532 siam
250 2474 483 2554 praecise
524 2494 648 2532 non
690 2474 930 2554 coepisse
965 2474 1029 2532 in
1068 2496 1170 2532 sua
1192 2519 1209 2549 .,
1242 2485 1309 2532 ut
1341 2476 1534 2548 aiunt,
1583 2473 1812 2533 formali
1859 2475 2084 2532 ratione
2118 2495 2184 2532 ac

73 2567 320 2628 solemni
352 2568 827 2647 inauguratione,
871 2568 978 2626 nisi
1011 2569 1107 2627 die
1136 2572 1537 2643 PentecosteS‚
1575 2589 1709 2626 cum
1742 2568 1819 2627 ad
1848 2568 2009 2627 Petri
2040 2588 2185 2627 con-

73 2662 296 2723 cionem
341 2663 451 2721 tria
493 2661 801 2721 hominum
847 2662 1028 2721 millia
1078 2684 1185 2744 per
1231 2661 1594 2744 baptismum
1636 2663 1700 2720 in
1740 2684 1869 2722 eam
1917 2655 2208 2744 cooptata*

73 2768 209 2817 sunt
241 2759 367 2838 (2);
396 2757 688 2839 quomodo
721 2757 896 2837 igitur
931 2759 998 2816 iis
1024 2757 1295 2817 nondum
1327 2758 1706 2818 existentibus
1737 2757 2004 2818 fidelibus
2037 2779 2181 2817 con—

73 2852 222 2913 ferre
247 2852 509 2940 Christus
540 2853 731 2935 potuit
760 2853 1164 2912 auctoritatem
1190 2852 1315 2912 aliis
1343 2853 1888 2913 communicandam
1911 2852 1940 2910 P

158 2947 295 3006 100.
344 2949 557 3007 Verum
588 2968 678 3006 res
701 2946 1050 3006 luculentius
1079 2948 1270 3007 adhuc
1296 2959 1458 3029 patet
1483 2970 1556 3009 ex
1588 2950 1737 3008 facto
1770 2948 2059 3008 constanti
2097 2945 2172 3006 ab

76 3040 360 3123 Apostolis
394 3041 468 3100 ad
497 3063 602 3100 nos
634 3062 817 3122 usque
845 3040 1062 3124 absque
1098 3043 1527 3124 interruptione
1562 3045 1919 3103 continuato.
1954 3045 2177 3126 Ex‘quo

74 3137 227 3196 enim
239 3137 477 3197 societas
494 3136 805 3196 christiana
828 3138 1029 3219 coepit,
1044 3139 1242 3198 statim
1264 3140 1669 3221 conspicimUS,
1693 3138 1996 3219 Apostolos
2024 3160 2176 3214 eam,

78 3250 249 3308 quam
286 3253 320 3291 a
349 3232 577 3291 Christo
604 3231 802 3313 adepti
837 3243 1039 3307 erant,
1081 3234 1484 3293 auctoritatem
1521 3254 1824 3307 exercere,
1862 3244 2070 3315 atque,
2111 3243 2179 3291 ut

81 3321 528 3401 diffunderetur,
571 3325 806 3386 delectis
836 3349 866 3385 a
896 3348 955 3386 se
987 3327 1321 3387 hominibus
1360 3329 1807 3390 communicare.
1839 3330 1907 3389 Et
1934 3328 2173 3410 quidem

148 3539 214 3603 (l)
251 3538 349 3587 Cfr.
379 3544 513 3590 etiam
552 3542 650 3591 loca
676 3543 890 3608 parallelo
932 3543 1078 3592 Marc.
1163 3543 1365 3593 Ecclesia
1387 3543 1601 3595 inchoata
1621 3583 1634 3607 ,
1664 3556 1803 3614 atque
1829 3549 1960 3595 utita
1975 3545 2126 3594 dicam
2156 3579 2171 3603 ,

79 3636 171 3675 xv1,
192 3635 266 3685 173
281 3618 396 3669 Luc.
411 3637 531 3678 xxiv,
551 3621 636 3688 47,
656 3634 701 3672 et
715 3642 842 3691 seqq.
865 3626 1016 3689 Acta,
1034 3622 1081 3673 8.
1164 3628 1226 3674 inu
1247 3627 1504 3693 embryone
1536 3630 1722 3695 suisque
1746 3627 1888 3679 veluti
1917 3627 2172 3676 elementis·

148 3700 212 3764 (2)
246 3699 363 3750 Ante
399 3703 448 3749 id
491 3708 706 3769 temporis
745 3724 838 3755 non
872 3717 966 3756 erat
996 3708 1083 3754 nisi
