2514 4218
197 201 314 261 174

809 223 1010 260 TRACT.
1042 220 1112 257 DE
1156 218 1315 257 LOCIS
1358 221 1740 263 THEOLOGICIS.

193 352 364 411 docet
383 349 663 431 Origenes
690 350 801 432 (l).
845 352 902 412 S.
928 348 1254 429 Cyprianus
1279 346 1542 429 loquitur
1564 350 1940 434 hypothetice
1958 399 1975 426 ‚
1999 364 2064 413 ut
2087 354 2330 432 inferat,

192 446 424 507 etiamsi
460 446 716 507 haeretici
765 443 1220 526 prophetarent,
1266 465 1331 502 ac
1389 442 1677 505 daemonia
1724 449 2000 527 ejicerent
2029 497 2044 525 a
2120 462 2180 511 et
2213 451 2336 512 vir-

191 554 352 603 tutes
380 564 621 623 magnas
659 543 921 602 facerent
950 541 1013 597 in
1048 540 1291 600 nomine
1328 539 1576 616 Christi,
1619 552 1821 603 tamen
1854 545 1980 606 haec
2014 547 2163 607 nihil
2198 549 2338 630 ipsis

192 640 474 722 proficere
509 637 583 699 ad
620 636 869 696 salutem
898 636 1014 715 (2).
1057 637 1116 695 S.
1161 637 1518 717 Augustinus
1551 637 1958 703 haereticorum
1992 644 2157 725 signa
2194 666 2337 704 con-

191 735 409 797 temnit
440 733 604 817 velut
629 733 927 812 figmenta
963 736 1355 793 mendacium
1396 732 1752 805 hominum,
1792 737 1882 795 vel
1906 749 2187 816 portenta
2210 743 2341 820 f'al-

194 835 427 892 lacium
470 832 813 910 spirituum
839 829 966 910 (3)3
1010 841 1314 913 comparat
1344 851 1549 891 eorum
1583 831 1849 914 prodigia
1886 854 2022 893 cum
2064 834 2340 916 prodigiis

200 947 569 1012 paganorum
600 935 660 985 et
684 924 1025 986 Judaeorum
1050 926 1162 1007 (4).
1193 929 1396 1010 Itaque
1422 927 1634 988 falsum
1658 940 1747 988 est
1768 974 1785 1003 ‚
1810 929 1916 989 hos
1949 933 2147 991 Patres
2178 932 2343 991 affir-

196 1044 410 1099 masse,
426 1023 732 1085 haereticos
756 1024 921 1106 signa
945 1046 1012 1085 ac
1034 1024 1298 1107 prodigia
1315 1037 1598 1108 patrasse.
1634 1027 1915 1110 Nuspiam
1938 1027 2050 1088 hoc
2077 1026 2340 1090 absolute

194 1120 516 1181 affirmant.
551 1121 643 1180 Sic
678 1143 872 1204 neque
902 1143 1317 1197 romanenseS‚
1348 1133 1415 1181 ut
1442 1121 1702 1205 loquitur
1730 1123 2095 1185 adversarius
2114 1114 2140 1193 ,⁵
2165 1124 2341 1207 idfa-

193 1228 398 1278 tentur
417 1262 433 1292 .,
471 1228 648 1300 atque
684 1218 842 1278 inter
866 1217 973 1277 hos
1001 1217 1361 1299 Tournelyus
1387 1241 1696 1301 nunquam
1710 1222 1997 1281 concessit
2016 1243 2187 1296 ,vera
2226 1222 2342 1280 mi·-

195 1312 394 1374 racula
412 1310 486 1372 ab
516 1313 806 1374 haereticis
833 1314 960 1374 fieri
991 1336 1161 1396 posse
1181 1361 1196 1389 ,
1220 1314 1339 1374 imo
1372 1337 1646 1397 expresse
1671 1318 1927 1396 negavit.
1956 1317 2351 1399 Hypothetice

194 1421 395 1469 autem
417 1420 477 1470 et
499 1410 624 1491 ipse
638 1409 919 1492 loquitur,
943 1409 1087 1470 dum
1116 1412 1221 1486 ait,
1244 1410 1431 1493 quod,
1455 1413 1564 1472 etsi
1585 1411 1996 1472 admitteretur
2010 1435 2149 1473 vera
2172 1413 2345 1473 fuisse

196 1505 472 1566 miracula
493 1550 509 1579 ,
540 1526 670 1588 quae
695 1527 730 1565 a
756 1507 1098 1568 Novatianis
1124 1518 1353 1590 patrata
1387 1507 1801 1590 perhibentur,
1839 1507 1964 1568 haec
1991 1521 2192 1570 tamen
2222 1531 2344 1568 non

197 1601 263 1660 in
292 1601 576 1662 haereseos
597 1646 614 1677 .,
648 1601 752 1662 sed
781 1602 844 1660 in
872 1602 1010 1663 fidei
1040 1604 1553 1663 confirmationem
1581 1604 1731 1664 facta
1761 1615 1955 1664 essent
1982 1605 2092 1685 (5).

282 1695 428 1757 277.
482 1697 567 1756 Ad
610 1698 765 1771 Ilm,
804 1700 963 1758 Dist.
1010 1700 1151 1774 Quae
1194 1711 1398 1759 tamen
1433 1699 1683 1778 juridice
1721 1699 1861 1759 falsa
1906 1710 2138 1760 ostensa
2170 1713 2343 1777 sunt,

198 1815 406 1863 conc.,·
443 1815 583 1855 vera
605 1840 621 1868 ,
663 1817 796 1876 neq.
827 1794 913 1854 De
941 1794 1033 1855 his
1059 1794 1199 1855 alibi
1228 1797 1567 1880 scripsimus
1597 1796 1712 1878 (6).

261 1953 337 2031 ’(1)
378 1967 521 2017 Com.
573 1965 806 2027 Celsum,
844 1967 926 2016 lib.
957 1986 1021 2030 n,
1071 1988 1121 2017 n.
1163 1966 1224 2018 51
1326 1985 1432 2033 pag.
1476 1964 1578 2032 670
1635 1986 1648 2015 ε
1698 1968 1838 2015 Mais
1891 1967 1932 2015 le
1983 1966 2099 2033 plus
2145 1966 2350 2015 ridicule

202 2065 249 2103 et
279 2053 364 2104 52.
405 2054 517 2103 edit.
551 2052 708 2101 Maur.
743 2063 863 2101 tom.
886 2070 901 2099 1
928 2089 942 2112 ‚
973 2070 1071 2119 pag.
1113 2049 1231 2116 425.

202 2135 442 2202 {ntegrum
473 2137 574 2202 ejus
606 2144 789 2183 textum
820 2134 1126 2195 adducerem,
1147 2137 1234 2184 nisi

206 2229 324 2270 esset
355 2220 497 2267 nimis
519 2218 745 2283 prolixus.

277 2303 347 2367 (2)
384 2301 496 2351 Lib.
513 2299 585 2351 De
607 2302 739 2350 unit.
760 2299 925 2350 eccles,
948 2301 1063 2350 edit.
1081 2301 1234 2350 Maur.

206 2402 314 2450 pag.
360 2400 473 2451 ¹99·

274 2467 341 2531 (3)
383 2466 494 2516 Lib.
526 2466 606 2515 De
634 2467 762 2516 unit.
796 2464 986 2516 Ecclea.
1008 2464 1115 2532 cap.
1147 2482 1233 2534 29,

210 2568 261 2598 n.
300 2547 383 2615 49.

272 2632 341 2695 (lo)
380 2629 503 2680 Ibid.
526 2629 706 2679 Contra
721 2630 777 2677 F
772 2639 982 2678 austum.
998 2630 1120 2691 Imo,
1139 2630 1235 2680 lib.

208 2715 294 2763 xm
314 2752 327 2774 ‚
362 2730 468 2778 cap.
504 2710 535 2761 5
562 2751 576 2774 ‚
611 2712 811 2779 loquens
840 2712 898 2760 de
924 2711 1234 2760 Manichaeis:

209 2794 465 2847 Miracula
484 2833 498 2855 ,
524 2795 682 2863 inquit
698 2830 714 2856 ‚
748 2811 848 2842 non
866 2794 1055 2860 facitis.

282 2879 349 2943 (ὅ)
387 2879 485 2928 Cfr.
525 2881 579 2927 in
606 2888 740 2928 tract.
772 2875 844 2927 De
884 2875 1071 2925 Eccles.
1104 2895 1152 2941 p.
1187 2894 1202 2924 1
1222 2914 1236 2935 ,

212 2971 373 3028 quaest.
405 2977 442 3010 11
462 3000 476 3022 ‚
510 2970 600 3012 art.
631 2961 660 3010 3
683 2998 699 3025 ‚
739 2959 891 3010 concl.
918 2977 935 3007 1
960 2997 973 3018 ‚
1016 2962 1067 3007 in
1102 2959 1237 3008 solut.

217 3042 435 3093 difficult.
469 3041 585 3111 §4‚
618 3044 730 3094 edit.
770 3041 915 3092 Paris,
948 3061 1027 3090 seu
1064 3041 1236 3090 Venet.

225 3121 398 3190 1765,
433 3142 540 3193 pag.
570 3144 655 3194 77.

299 3207 373 3271 (6)
411 3207 469 3255 In
499 3219 635 3258 tract.
680 3208 763 3257 De
800 3224 914 3257 vera
942 3205 1152 3272 reliq.p.
1187 3225 1202 3253 1
1224 3242 1238 3269 ,

216 3307 320 3357 cap.
357 3290 387 3339 3
410 3328 424 3352 ‚
462 3309 514 3339 n.
552 3288 660 3358 167.
699 3291 875 3340 Mirum
907 3289 1102 3356 proinde
1141 3299 1238 3349 est,

1325 2058 1370 2098 et
1394 2049 1435 2098 le
1456 2049 1573 2116 plus
1597 2050 1943 2099 condamnable
1976 2051 2033 2098 de
2071 2067 2146 2098 ces
2173 2067 2348 2099 ouvra-

1327 2149 1410 2198 90⁸
1449 2140 1520 2181 est
1565 2132 1869 2200 l'escposition
1924 2132 2005 2180 des
2045 2133 2351 2199 predictiom

1325 2223 1371 2262 et
1413 2215 1495 2263 des
1533 2233 1816 2281 promesses.
1860 2216 1932 2264 Le
1975 2217 2042 2265 P.
2090 2217 2351 2283 Lamberty

1328 2298 1565 2347 embrasse
1592 2299 1636 2347 le
1655 2298 2008 2347 millenarisme
2029 2337 2042 2360 ,
2065 2308 2108 2347 et
2123 2302 2349 2358 sentient,

1326 2398 1507 2429 comme
1525 2381 1591 2430 les
1607 2390 1881 2448 protestans
1900 2419 1913 2444 ,
1943 2399 2035 2448 que
2057 2381 2098 2431 le
2130 2383 2270 2450 Papo
2285 2392 2353 2432 est

1327 2462 1645 2513 l'anteehrisc.
1663 2462 1715 2512 Il
1743 2464 1825 2512 n’a
1869 2481 1968 2531 pas
1994 2464 2136 2512 home
2162 2464 2221 2512 de
2239 2469 2353 2531 pre-

1327 2550 1519 2596 coniser
1554 2548 1621 2596 les
1676 2546 1982 2596 convulsione
2030 2564 2208 2596 comme
2253 2565 2350 2596 une

1328 2645 1485 2678 oeuvre
1500 2628 1821 2677 sumaturelle
1838 2637 1885 2676 et
1899 2629 2069 2683 divine
2083 2665 2099 2690 ,
2120 2638 2164 2678 et
2193 2668 2207 2691 ‚
2225 2630 2349 2678 dam

1328 2727 1400 2758 tm
1424 2728 1648 2759 morceaw
1673 2711 1774 2777 sbrt
1812 2710 1922 2777 lonq
1945 2751 1958 2772 ‚
2002 2711 2043 2759 il
2082 2723 2193 2761 veut
2220 2713 2351 2778 faire

1329 2793 1546 2842 admirer
1579 2811 1760 2860 comme
1784 2794 1867 2843 elea
1888 2796 2118 2861 prodiqes
2149 2812 2219 2844 un
2250 2813 2351 2845 me-

1329 2876 1471 2941 lanqe
1504 2877 1717 2926 honteuw
1748 2877 1807 2926 de
1830 2877 1988 2942 sables
2009 2917 2021 2939 ‚
2052 2879 2109 2927 de
2140 2886 2274 2927 tours
2294 2879 2352 2926 de

1324 2961 1483 3026 forces
1511 2969 1557 3009 et
1586 2962 1849 3028 d’impiete.
1884 2963 2039 3012 Ausci
2067 2979 2118 3011 ce
2143 2978 2351 3028 passaqe

1322 3044 1478 3109 fut-il
1514 3043 1669 3093 bldme
1711 3045 1835 3093 dam
1864 3045 1907 3093 le
1928 3045 2069 3112 parti
2101 3046 2251 3092 meme
2294 3044 2351 3092 de

1329 3127 1540 3176 l'auteur
1556 3166 1569 3187 ‚
1599 3136 1644 3176 et
1667 3126 1761 3175 l‘on
1783 3145 1816 3193 y
1847 3144 1878 3175 α
1913 3127 2008 3174 mis
2032 3125 2113 3174 des
2138 3135 2349 3176 cartem.

1337 3209 1420 3258 On
1440 3227 1503 3258 ne
1527 3218 1647 3278 peut
1668 3227 1804 3260 assez
1830 3210 2065 3258 s’etonner
2089 3210 2235 3274 qu’au
2253 3220 2350 3260 x1x⁰

1333 3293 1474 3340 siecle
1491 3331 1507 3357 ‚
1535 3310 1608 3341 un
1625 3292 1810 3341 homme
1833 3328 1848 3351 ‚
1867 3295 1958 3357 qui
1972 3307 2032 3339 ne
2049 3294 2242 3358 pascuit
2255 3309 2351 3359 pas

219 3373 403 3422 Palmer
429 3375 525 3422 vim
542 3391 716 3439 ponere
733 3377 784 3423 in
811 3373 1041 3440 ejusmodi
1068 3373 1242 3422 fictitiis
1326 3392 1458 3442 pour
1485 3376 1577 3442 sou
1607 3413 1620 3435 ‚
1668 3391 1736 3421 un
1766 3372 2002 3438 reliqieux
2018 3413 2032 3436 ‚
2068 3391 2140 3422 un
2178 3374 2350 3424 theolo-

222 3455 597 3507 Jansenistarum
616 3458 859 3524 prodigiis,
900 3468 944 3507 et
964 3457 1091 3524 quod
1115 3460 1248 3523 pejus
1328 3460 1445 3523 qien
1468 3496 1482 3518 ‚
1502 3460 1578 3508 ait
1599 3457 1815 3521 imaqine
1831 3455 2058 3505 d’eoealter
2082 3474 2253 3506 encore
2267 3456 2353 3506 des

225 3551 316 3598 est,
344 3542 484 3589 inniti
514 3540 775 3589 auctoritati
797 3541 1031 3590 Lamberti
1052 3539 1261 3589 effrontis
1345 3542 1505 3588 soenes
1519 3538 1831 3601 revellentes,
1853 3539 1934 3587 des
1952 3542 2238 3607 imposturae
2254 3556 2358 3589 ma-

223 3623 494 3673 Jansenistae
512 3662 526 3684 ‚
559 3623 618 3673 de
647 3641 741 3691 quo
772 3626 834 3672 ita
860 3624 1026 3690 legitur
1064 3626 1117 3672 in
1145 3623 1257 3671 Me·
1342 3621 1534 3687 nis'estee
1552 3657 1567 3681 ‚
1596 3621 1678 3670 des
1713 3620 2005 3688 blasphemes
2031 3623 2358 3672 monstrueiw.

222 3709 398 3755 moires
436 3723 567 3774 pour
607 3707 762 3754 servir
804 3707 835 3754 ὰ
883 3706 1027 3755 thiat.
1093 3705 1255 3756 eccles.
1343 3703 1467 3754 Talis
1502 3722 1635 3771 porro
1652 3715 1720 3753 est
1737 3716 1915 3766 auctor,
1948 3724 2088 3774 quem
2120 3705 2253 3754 nobis
2271 3721 2356 3768 op-

220 3789 437 3854 pendam
451 3789 490 3838 le
508 3788 851 3838 dix-huitieme
870 3787 1027 3849 siecle,
1052 3799 1165 3838 tom.
1187 3806 1252 3850 lv,
1340 3791 1471 3854 ponit
1505 3787 1703 3838 Palmer.
