2514 4218
296 137 416 200 318

916 153 1123 194 TRAC'rf
1160 158 1230 193 DE
1274 158 1426 195 LOCIS
1459 159 1840 200 THEOLOGICIS·

295 324 477 387 super
497 301 652 361 hane
679 310 926 382 petram
943 320 964 369 ;
987 301 1067 358 ita
1103 300 1356 381 syriaca,
1385 297 1614 360 arabica
1634 346 1651 377 7
1684 306 1905 386 persica
1930 349 1953 380 ,
1984 306 2294 392 aethiopica
2310 313 2399 393 (1)
2420 360 2437 389 ,

295 422 406 462 nec
429 421 551 458 non
581 419 861 472 armena,
902 396 1124 479 coptica
1170 407 1230 456 et
1267 395 1522 457 ruthena
1559 398 1674 478 (2).

380 496 523 557 473.
576 498 694 556 Nec
736 492 1060 575 quidquam
1097 493 1354 571 evincit,
1389 493 1549 576 quod
1593 494 1804 575 legitur
1840 499 1999 580 apud
2036 502 2384 584 Apostolum
2423 527 2440 565 t

296 595 486 655 Petra
511 604 711 652 autem
729 602 861 649 erat
880 592 1152 650 Christus
1171 615 1190 658 ;
1222 614 1363 650 nam
1388 613 1459 651 ex
1485 613 1577 667 eo⁷
1609 592 1774 674 quod
1803 592 1950 653 inibi
1974 596 2238 659 Christus
2251 613 2444 680 petroe

292 693 539 751 nomine
567 687 929 768 intelligatur
961 733 976 763 7
1020 710 1141 746 non
1175 688 1342 763 fluit,
1379 689 1699 771 ipsummet
1746 689 1858 749 hoc
1912 694 2152 754 nomine
2197 697 2445 778 intelligi

295 787 513 849 Matth.
543 788 672 844 XVI
690 831 704 860 ,
724 797 825 844 aut
846 786 907 844 in
928 786 1135 868 quovis
1166 786 1278 845 alio
1312 787 1747 867 Scripturarum
1775 786 1924 863 locQ
1950 787 2307 875 ubicumque
2330 817 2446 857 vox

283 894 478 965 petroe
518 883 801 956 occurrit7
838 882 997 964 quod
1040 893 1193 943 esset
1238 882 1581 943 absurdum.

380 978 524 1039 474.
578 979 934 1060 Augustinus
958 980 1161 1062 utique
1181 980 1393 1062 aliique
1411 980 1679 1040 recensiti
1699 981 1897 1040 Patres
1914 1003 2019 1063 per
2026 993 2272 1062 petram
2290 985 2451 1066 apud

297 1076 644 1137 Matthaeum
698 1074 1122 1136 intellexerunt
1149 1076 1487 1147 Christum,
1527 1099 1650 1134 non
1686 1076 1762 1136 ad
1803 1075 2238 1138 excludendum
2262 1080 2453 1141 colla·-

298 1187 431 1235 tum
493 1176 668 1234 Petro
707 1174 1069 1255 primatum,
1119 1174 1224 1235 sed
1263 1173 1338 1234 ad
1392 1173 1770 1234 indicandam
1823 1175 2109 1255 originem
2155 1177 2451 1237 firmitatis

292 1293 482 1354 quam
532 1281 878 1331 consecutus
941 1281 1032 1330 est
1086 1272 1316 1330 Petrus,
1365 1271 1592 1331 Deinde
1645 1293 1786 1333 vero
1852 1273 1987 1354 quia
2034 1274 2093 1332 S.
2134 1275 2350 1334 Doctor
2389 1275 2452 1333 in

297 1370 632 1429 mutatione
642 1380 831 1450 μείνω
852 1379 911 1429 et
930 1369 1124 1442 Petri,
1143 1390 1214 1428 ex
1229 1368 1597 1451 ignoratione
1621 1366 1834 1448 linguae
1855 1369 2108 1450 syriacae,
2128 1371 2452 1452 suspicatus

301 1477 391 1526 est
414 1466 655 1548 aliquod
681 1465 864 1525 latere
886 1466 1266 1548 mysterium3
1299 1477 1428 1524 tum
1456 1465 1635 1525 etiam
1656 1511 1672 1541 ‚
1699 1466 1832 1548 quia
1853 1487 1986 1525 cum
2012 1468 2135 1549 ipse
2162 1479 2454 1550 pugnaret

302 1561 583 1623 adversus
629 1562 963 1621 Donatistas
991 1608 1008 1628 ,
1072 1564 1173 1644 qui
1227 1563 1743 1622 Sacramentorum
1790 1562 1910 1625 vim
1946 1584 2018 1621 ex
2050 1564 2455 1623 ministrorum

300 1660 615 1719 sanctitate
630 1657 1004 1731 derivabant,
1033 1658 1255 1719 veritus
1279 1670 1394 1730 est,
1421 1680 1516 1729 ne,
1543 1659 1589 1717 si
1606 1659 1667 1717 in
1686 1663 1862 1717 Petro
1870 1660 2141 1738 fundata
2162 1659 2456 1721 diceretur

305 1756 556 1816 Ecclesia
587 1801 603 1831 .,
646 1755 983 1838 praesidium
1033 1755 1098 1814 in
1148 1777 1216 1815 eo
1276 1756 1365 1814 sui
1425 1755 1637 1816 erroris
1684 1756 2062 1829 invenirent,
2113 1756 2324 1816 maluit
2380 1755 2457 1817 ad

295 1852 680 1934 *eripiendum
725 1853 839 1912 illis
887 1851 1302 1935 quodcumque
1356 1853 1668 1932 effugium,
1724 1852 2096 1912 fundamenti
2137 1874 2240 1913 seu
2274 1864 2458 1936 petrae

303 1951 599 2011 rationem
624 1950 699 2008 ad
720 1949 1022 2010 Christum
1038 1971 1332 2009 revocare.
1362 1952 1491 2008 Non
1508 1950 1588 2009 ita
1615 1961 1816 2010 tamen
1833 1950 1968 2009 huic
1986 1949 2467 2032 interpretationi

305 2046 479 2107 haesit
507 2048 863 2127 Augustinus
896 2093 913 2121 a
945 2059 1012 2106 ut
1038 2046 1357 2108 litteralem
1404 2059 1464 2106 et
1501 2046 1740 2107 obviam
1764 2047 2134 2119 excluderet3
2175 2044 2466 2129 siquidem

308 2145 511 2205 Enar.
564 2147 633 2202 in
662 2145 766 2203 Ps.
814 2143 1054 2217 LXIX,
1098 2144 1179 2203 ita
1215 2143 1415 2203 scribit
1446 2167 1460 2203 z
1522 2146 1766 2215 Petrus,
1814 2147 1927 2224 qui
1951 2150 2139 2224 paulo
2169 2154 2308 2203 ante
2330 2165 2467 2203 eum

302 2246 611 2322 confessus
641 2252 775 2301 erat
793 2243 1034 2300 Filium
1066 2242 1187 2300 Dei
1208 2285 1231 2314 ,
1261 2252 1316 2299 et
1344 2245 1413 2299 in
1439 2243 1547 2300 illa
1584 2245 1943 2322 confessione
1974 2243 2314 2321 appellatus
2336 2249 2469 2299 erat

300 2349 483 2419 petra
505 2379 528 2409 ,
573 2360 766 2417 supra
797 2358 986 2418 quam
999 2339 1422 2417 fabricaretur
1456 2339 1731 2398 Ecclesia
1771 2336 1895 2419 (3);
1956 2349 2017 2397 et
2046 2336 2186 2396 alibi
2220 2337 2460 2420 passim.

306 2435 591 2495 vCeterum
624 2436 684 2493 S.
718 2436 937 2495 Doctor
958 2434 1284 2517 primatum
1311 2435 1471 2495 Petri
1500 2446 1841 2495 constanter
1874 2434 2111 2516 agnovit
2139 2479 2155 2509 ‚
2182 2434 2303 2496 sive
2325 2453 2463 2492 cum

311 2701 401 2750 hoo
414 2707 502 2761 est,
520 2693 843 2762 Pontificibus
861 2696 997 2744 Rom.
1019 2697 1355 2744 auctoritatem

313 2794 360 2834 et
390 2785 772 2852 proeroyativam
807 2780 1108 2845 sinqularem
1140 2796 1198 2827 ac
1223 2780 1354 2827 clivi-

315 2868 677 2917 namAEstenim
696 2874 947 2931 protestans
959 2863 1352 2930 rationalista,qui

318 2954 379 3000 iia
389 2951 757 3011 scribit).Eadem
770 2948 1351 2998 ferebabetRosenmiiller.

388 3034 457 3097 (1)
500 3034 602 3082 Csr.
638 3032 833 3081 XValton
856 3069 870 3090 .,
903 3027 1168 3096 Polyqlocta
1189 3068 1202 3091 ‚
1234 3042 1349 3081 tom.

320 3135 379 3179 v,
406 3118 464 3165 ad
496 3118 625 3165 hunc
668 3115 763 3165 loo.
797 3115 909 3163 Sine
950 3114 1351 3163 animadversione

322 3200 545 3267 peculiari
576 3199 752 3249 dimitti
779 3217 877 3247 non
907 3198 1044 3247 debet
1070 3199 1217 3246 versio
1245 3214 1349 3261 per-

320 3284 418 3335 sica
442 3318 457 3348 ,
498 3302 604 3351 quae
652 3287 716 3333 sic
762 3286 975 3350 energice
1018 3280 1172 3332 reddit
1207 3282 1348 3330 verba

319 3367 499 3418 Christi
529 3383 545 3418 ε
577 3364 647 3417 Et
672 3384 754 3432 eyo
774 3368 869 3416 tibi
892 3367 1002 3417 dico
1035 3384 1055 3415 .·
1089 3365 1139 3413 T
1136 3382 1173 3413 u
1197 3382 1246 3413 es
1262 3382 1350 3432 pe-

250 3456 252 3458 ’
325 3461 403 3501 tra
432 3449 685 3516 reliqionis
710 3467 827 3499 meoe
866 3450 957 3515 (id
978 3457 1076 3510 est,
1100 3447 1276 3515 lapis),
1307 3457 1353 3496 et

1509 2695 1575 2759 (2)
1612 2695 1709 2744 cfr.
1756 2693 1898 2744 Card.
1944 2692 2019 2741 Du
2062 2692 2262 2753 Peri-on,
2305 2710 2383 2759 op.
2420 2705 2465 2743 et

1435 2778 1529 2826 loc.
1561 2781 1640 2827 cit.
1677 2796 1783 2843 pag.
1820 2776 1940 2845 469.
1981 2777 2139 2826 Placet
2174 2776 2274 2824 haec
2305 2778 2464 2826 omnia

1435 2862 1712 2910 confirmare
1758 2862 2049 2909 confessione
2095 2862 2237 2926 ipsius
2282 2859 2411 2908 Bezae
2446 2898 2460 2921 ,

1435 2947 1518 3011 qui
1550 2955 1722 2994 textum
1753 2943 1804 2994 S.
1838 2944 2049 2992 Matthaei
2082 2946 2143 2990 ita
2169 2953 2460 2991 commenta-

1433 3035 1509 3076 tus
1539 3039 1606 3078 est
1637 3043 1651 3078 ε
1696 3027 1947 3077 Dominus
1990 3027 2182 3091 syriace
2224 3025 2456 3089 loquens,

1432 3111 1569 3160 nulla
1587 3127 1704 3159 usus
1719 3118 1786 3159 est
1801 3110 2221 3174 aynominati0m3
2234 3107 2323 3156 sed
2331 3117 2460 3157 utro-

1430 3194 1575 3259 bique
1595 3194 1724 3242 dixit
1755 3192 1952 3260 Cepha3
1979 3190 2380 3256 quemadmodum
2414 3198 2461 3239 et

1430 3276 1746 3327 vernaculum
1777 3292 1985 3332 nomen,
2025 3271 2194 3323 Pierre
2219 3311 2235 3335 ,
2268 3282 2366 3321 tam
2401 3273 2459 3321 de

1428 3363 1630 3428 proprio
1650 3398 1666 3421 ‚
1693 3376 1839 3425 quam
1862 3358 1920 3407 de
1946 3357 2235 3426 appellativo
2258 3356 2464 3406 dicitur.

1439 3443 1508 3492 In
1548 3459 1703 3509 qraeco
1754 3458 1939 3508 quoqne
1972 3458 2188 3511 sermone
2220 3437 2379 3507 πέτρος
2422 3447 2468 3488 et

318 3534 699 3600 fundamentum
736 3532 788 3581 E
789 3532 974 3584 cclesioe
998 3548 1116 3581 mcoe
1153 3548 1298 3598 cuper
1314 3540 1358 3580 te
1442 3523 1588 3593 πέτρα
1604 3542 1703 3575 non
1718 3543 1771 3574 re
1791 3564 1803 3589 ‚
1823 3526 1907 3575 sed
1920 3525 2262 3575 terminatione
2277 3530 2465 3572 tantum

325 3626 601 3666 extructum
631 3617 754 3678 erit,
787 3625 832 3664 et
851 3625 1003 3683 ρον-ιω
1030 3615 1183 3681 inseri
1214 3613 1352 3663 illam

327 3716 427 3748 non
454 3700 711 3749 destruent.

1447 3610 1699 3677 differunt.

1523 3693 1591 3759 (3)
1628 3692 1689 3743 Ν.
1721 3691 1770 3757 4.
