2514 4218
243 204 361 266 526
864 224 1061 263 mmor.
1110 226 1177 262 nn
1221 224 1373 264 iocis
1421 225 1801 284 rnnoioclms.

243 392 409 430 suam
450 368 861 451 pronunciavit
906 367 1164 451 Agatho,
1206 379 1271 427 ut
1305 391 1524 451 nempe
1558 369 1785 447 deflexa
1811 374 2010 450 fuerit
2043 377 2364 453 apostolica

243 468 412 527 Sedes
449 488 489 525 a
523 469 627 525 via
666 469 936 524 veritatis
982 470 1050 524 in
1093 467 1364 545 qualibet
1405 470 1632 526 erroris
1671 479 1854 547 parte
1869 513 1891 541 ,
1929 471 2377 554 insequentibus

240 562 446 623 seculis
470 583 776 644 nunquam
801 564 1021 643 pariter
1041 562 1348 642 contigisse
1374 562 1838 646 exploratissima
1877 587 1968 626 res
2005 578 2094 627 est
2114 613 2130 643 ,
2167 590 2378 651 quam-

243 681 362 743 que
394 658 704 719 ostendere
729 658 1120 739 aggredimur.

327 756 467 816 777.
514 756 663 815 Cum
712 776 852 816 vero
890 755 1159 834 negativa
1206 756 1399 837 potius
1448 756 1525 814 sit
1570 760 1691 834 ejus
1730 754 2034 838 probatiO,
2083 780 2214 841 quae
2258 772 2378 824 tota

243 853 396 914 sistit
439 852 503 911 in
547 850 842 912 erroribus
893 850 1027 910 fidei
1075 849 1523 913 adversantibus
1585 850 1917 928 diluendiS,
1967 852 2178 936 quibus
2224 878 2373 918 rom.

247 949 599 1009 Pontificum
643 969 865 1007 nornen
907 948 1135 1030 aspergi
1182 946 1365 1023 solet,
1410 947 1699 1007 nonnulla
1744 949 2154 1030 praemittenda
2195 963 2334 1012 sunt
2359 998 2376 1030 ,

245 1056 314 1103 ut
340 1044 601 1105 dicendis
628 1044 832 1126 lumen
863 1042 1155 1123 affulgeat.
1187 1043 1677 1127 Quandoquidem
1709 1065 1851 1104 vero
1887 1067 2007 1104 non
2039 1046 2114 1107 de
2144 1047 2381 1129 quibus·

247 1139 394 1201 libet
435 1139 728 1200 erroribus
770 1140 1011 1222 quaestio
1036 1150 1160 1214 est,
1199 1138 1303 1199 sed
1339 1139 1413 1200 de
1453 1141 1523 1199 iis
1562 1151 1834 1215 tantum,
1886 1141 1984 1223 qui
2030 1142 2093 1201 in
2134 1143 2383 1204 decretis

250 1237 589 1319 dogmaticis
624 1259 694 1297 ex
734 1235 1012 1296 cathedra
1047 1236 1268 1296 emissis
1295 1282 1310 1311 ,
1357 1236 1499 1296 dum
1537 1236 1753 1297 scilicet
1787 1238 2095 1298 Pontifices
2138 1240 2382 1299 univer-

251 1356 378 1394 sam
411 1335 691 1394 docerent
719 1332 1067 1407 Ecclesiam,
1102 1332 1170 1392 iis
1215 1332 1578 1408 exciderint,
1625 1332 1744 1392 duo
1780 1334 2035 1393 efficiant
2069 1334 2385 1396 adversarii

250 1452 488 1491 necesse
522 1439 672 1490 esset
707 1428 781 1487 ad
819 1429 1125 1488 Pontifices
1161 1450 1234 1488 ex
1262 1428 1538 1488 cathedra
1567 1427 1876 1511 loquentes
1909 1430 2119 1490 erroris
2145 1431 2388 1490 insimu-

251 1525 482 1587 landOS.
524 1525 822 1585 Deberent
849 1528 1054 1604 primo
1090 1524 1400 1584 ostendere
1428 1570 1445 1599 ,
1472 1545 1731 1584 errorem
1772 1523 2066 1604 objectum
2107 1527 2188 1586 ita
2224 1538 2384 1587 certo

252 1623 391 1684 fidei
427 1643 685 1682 errorem
717 1642 873 1688 esse,
911 1619 1073 1679 nulla
1104 1631 1170 1678 ut
1197 1620 1382 1702 possit
1406 1630 1543 1701 apta
1574 1620 2061 1701 interpretatione
2095 1625 2330 1703 purgari
2366 1648 2383 1696 ς

253 1718 510 1778 secundo
524 1761 545 1789 ,
583 1737 708 1776 esse
740 1727 1018 1798 praeterea
1049 1736 1309 1774 errorem
1344 1714 1702 1774 definitionis
1739 1714 2115 1795 dogmaticae,
2152 1739 2253 1778 seu
2281 1719 2387 1778 de-

256 1814 535 1876 finitionis
579 1815 650 1873 em
690 1814 975 1873 cathedra
1019 1811 1170 1872 latae.
1234 1811 1602 1872 Alterutrum
1653 1812 1812 1871 enim
1864 1812 1910 1870 si
1952 1812 2142 1890 desit,
2199 1813 2389 1873 multo

255 1933 399 1973 vero
436 1911 617 1991 magis
654 1911 700 1969 si
731 1920 1009 1968 neutrum
1037 1907 1488 1991 comprobetur,
1519 1907 1683 1966 nulla
1720 1918 2000 1989 poterunt
2026 1909 2251 1968 ratione
2281 1908 2390 1967 ad-

257 2007 499 2069 versarii
515 2003 1017 2079 infallibilitatem,
1045 2026 1225 2086 quam
1249 2003 1625 2063 Pontificibus
1649 2004 1893 2062 summis
1915 2003 2389 2080 adstruebamuS,

258 2103 626 2185 impugnare.
650 2104 828 2160 Porro
853 2122 987 2160 cum
1020 2100 1217 2160 nullus
1239 2101 1315 2159 sit
1338 2100 1574 2182 penitus
1597 2121 1760 2159 error
1796 2122 1870 2160 ex
1891 2110 2000 2175 tot,
2032 2122 2282 2182 quorum
2317 2100 2392 2160 ab

260 2197 606 2259 adversariis
635 2198 978 2256 incusantur
1009 2198 1314 2257 Pontifices
1334 2242 1349 2271 ,
1382 2197 1446 2255 in
1475 2219 1591 2279 quo
1622 2195 1798 2256 modo
1830 2219 1980 2272 una,
2006 2195 2183 2256 modo
2210 2195 2394 2256 altera

262 2316 335 2355 ex
362 2295 660 2355 recensitis
686 2292 1117 2353 conditionibus
1140 2339 1154 2369 ,
1196 2293 1372 2353 modo
1388 2294 1567 2353 etiam
1595 2293 1782 2353 ambae
1806 2316 1927 2352 non
1950 2292 2390 2369 desiderentur,

255 2394 388 2469 jure
418 2389 849 2467 concludimus,
883 2389 1047 2449 nullo
1069 2390 1246 2450 modo
1284 2390 1517 2450 ostendi
1550 2411 1754 2472 posse,
1780 2389 2035 2474 aliquem
2053 2390 2396 2450 Pontificem

262 2485 326 2546 in
365 2485 702 2567 dogmaticis
740 2486 987 2546 decretis
1027 2508 1269 2546 errasse.

346 2583 382 2642 7
389 2582 487 2642 78.
533 2585 878 2665 Priusquam
912 2582 1313 2666 expendamus
1352 2602 1578 2642 errores
1617 2604 1766 2642 rom.
1792 2581 2168 2642 Pontificibus
2205 2581 2398 2664 impa-

267 2689 388 2737 ctos
408 2724 424 2753 ,
457 2679 983 2739 animadvertimus
1004 2725 1019 2754 ,
1047 2678 1262 2738 horum
1284 2678 1611 2759 catalogum
1634 2678 1707 2738 ab
1733 2678 1900 2737 initio
1929 2679 2065 2738 satis
2100 2678 2396 2762 prolixum

267 2786 608 2835 contextum
638 2775 807 2835 fuisse
836 2774 910 2834 ab
934 2774 1279 2834 adversariis
1309 2775 1620 2856 pontificiae
1651 2775 2007 2834 auctoritatis
2032 2775 2152 2856 (l),
2185 2772 2400 2835 deinde

268 2869 439 2931 valde
476 2872 893 2945 imminutum,
941 2870 1128 2930 donec
1169 2881 1501 2929 contractus
1542 2882 1629 2929 est
1668 2870 1744 2929 ad
1790 2870 1937 2930 duos
1978 2871 2071 2930 vel
2105 2883 2223 2931 tres
2262 2882 2401 2929 tan-

271 2976 400 3026 tum
415 3012 433 3042 ,
462 2967 736 3027 videlicet
760 2966 836 3027 ad
858 2967 1015 3026 Petri
1036 2967 1290 3049 lapsum,
1316 2987 1452 3026 cum
1467 2967 1702 3047 negavit
1727 2966 2048 3042 Christum,
2071 2967 2147 3027 ad
2170 2966 2400 3048 lapsum

270 3061 416 3122 item
458 3057 706 3137 Liberii‚
750 3085 817 3123 ac
853 3063 1095 3124 demum
1136 3063 1381 3122 Honorii
1425 3063 1530 3145 (2).
1571 3065 1707 3123 Jam
1761 3085 1900 3123 vero
1945 3085 2018 3124 ex
2062 3062 2154 3122 his
2189 3061 2406 3121 iterum

342 3324 413 3389 (1)
451 3323 572 3373 Eum
609 3326 715 3374 vide
757 3326 884 3392 apud
922 3325 1262 3374 Bellarminum
1283 3361 1297 3385 ,
1387 3341 1526 3373 mone
1551 3323 1632 3372 De
1652 3322 1886 3372 Eccleea'oe
1908 3323 2119 3385 unitate,
2155 3341 2295 3389 quem
2316 3323 2405 3372 ha-

275 3406 358 3457 De
396 3424 515 3456 rom.
555 3408 746 3473 Pontis.
785 3409 872 3458 lib.
920 3426 998 3470 w,
1042 3426 1146 3475 cap.
1187 3406 1220 3458 8
1258 3416 1304 3458 'et
1385 3407 1490 3456 buit
1506 3408 1566 3457 ad
1586 3409 1771 3457 comitia
1796 3406 1904 3455 cleri
1930 3406 2142 3472 gallicani
2162 3407 2236 3455 die
2251 3422 2296 3455 tx
2315 3406 2408 3455 No-

278 3508 416 3559 seqq.
447 3491 864 3557 magdeburgenses
882 3495 931 3541 in
951 3494 1048 3542 solo
1082 3492 1132 3541 S.
1164 3491 1304 3542 Petro
1387 3488 1544 3540 vemb.
1564 3486 1778 3549 1681,ad
1791 3505 1939 3538 unum
1953 3490 2024 3539 vel
2037 3490 2408 3539 duosl‘ontifices

280 3575 549 3641 quindecim
581 3575 737 3639 lapsus
774 3586 1137 3637 enumerat-unt,
1168 3586 1215 3624 et
1241 3579 1305 3624 ita
1388 3581 1580 3623 revocat
1608 3589 1858 3621 numerum
1891 3590 2052 3622 eorum
2071 3610 2085 3633 ‚
2129 3575 2208 3640 qui
2249 3582 2405 3621 contra

282 3642 425 3721 porro
458 3656 811 3724 insequentibus
836 3675 955 3706 rom.
986 3658 1309 3708 Pontificibus.
1393 3672 1572 3706 morem
1610 3659 1822 3705 omnium
1856 3657 2276 3722 praedecessorum,
2314 3669 2397 3720 per

350 3738 415 3802 (2)
453 3737 573 3789 Sane
607 3738 854 3789 Bossuetus
917 3741 967 3788 in
999 3739 1168 3789 celebri
1220 3758 1312 3789 ser·
1399 3742 1492 3790 vim
1509 3749 1589 3788 aut
1612 3757 1694 3805 per
1730 3740 2076 3806 subreptionem
2089 3739 2283 3796 seducti,
2305 3752 2401 3786 non
