2514 4218
2019 249 2133 309 165

469 273 630 309 PART.
679 272 720 308 1.
768 270 889 310 GAP.
937 270 1025 309 111.
1074 273 1140 308 ΒΕ
1184 272 1454 328 EcctEsm:
1497 271 1676 308 NOTIS.

31 435 326 498 processus
356 411 775 487 conficiend03‚
814 423 988 494 atque
1032 411 1386 472 eliminanda
1416 433 1541 494 quae
1571 425 1882 471 occurrunt
1917 413 2127 491 dubia,

30 509 290 592 pluribus
334 508 613 588 impensis
640 529 784 588 opus
816 507 919 581 sit,
964 505 1176 566 exinde
1197 506 1484 582 haeretici,
1516 507 1618 588 qui
1660 505 1815 565 ultra
1857 510 2129 569 corticem

29 627 150 663 non
183 604 519 675 intuentur,
567 623 768 660 ansam
806 611 1181 682 sumpserunt
1213 601 1597 682 suspicionem
1634 600 1706 661 de
1753 602 1940 683 turpis
1982 601 2129 663 lucri

29 718 221 757 amore
250 717 321 756 ex
354 707 517 777 parte
532 697 926 755 Romanorum
947 693 1295 752 Pontificum
1319 694 1644 774 ingerendi.

107 791 248 849 265.
298 790 434 869 Obj.
467 790 739 850 secunda.
776 791 839 848 1ο
861 785 1135 848 Miracula
1152 831 1171 861 ‚
1204 808 1335 868 quae
1360 801 1685 870 congerunt
1708 811 2084 852 romanenses
2109 837 2127 868 ,

28 885 301 945 historico
354 886 748 945 destituuntur
805 881 1189 942 fundamento
1210 927 1227 954 ,
1280 893 1455 964 atque
1512 884 1587 943 ad
1637 886 1864 946 critices
1913 887 2135 968 regulas

30 991 228 1040 exacta
257 981 431 1062 plane
452 989 823 1043 evanescunt.
853 977 921 1034 20
943 977 1092 1035 Sane
1114 971 1287 1084 longe
1302 977 1529 1037 distant
1551 981 1898 1056 testimonia,
1923 982 2133 1064 quibus

28 1075 354 1155 evangelica
387 1074 658 1143 miracula
688 1070 1055 1177 probantur,
1095 1070 1169 1130 ab
1211 1072 1279 1131 iis
1300 1093 1476 1154 quae
1498 1075 1818 1153 posteriora
1852 1077 2130 1137 miracula

29 1169 461 1229 commendant.
499 1169 811 1274 Scriptores
851 1166 1063 1239 coaevi,
1105 1118 1320 1226 oculati
1354 1160 1745 1276 plurimorum
1784 1181 1995 1247 testeS‚
2040 1192 2132 1232 res

29 1276 214 1343 gestas
235 1262 527 1323 referunt'
510 1283 571 1320 1n
594 1261 717 1342 ipsa
738 1280 852 1341 qua
874 1259 1152 1319 dicuntur
1173 1261 1479 1341 contigisse
1496 1263 1733 1342 regione
1754 1264 1911 1324 inter
1934 1264 2133 1326 hostes

28 1360 241 1419 Christi
276 1360 350 1420 ad
381 1357 592 1420 novam
636 1354 1030 1415 inducendam
1076 1355 1437 1436 religionem.
1472 1356 1538 1415 30
1578 1359 1793 1417 Contra
1839 1380 1977 1419 vero
2020 1353 2134 1420 alia

28 1454 301 1515 miracula
333 1445 675 1534 plerumque
704 1461 835 1533 post
871 1449 1212 1510 saeculorum
1249 1450 1480 1533 lapsum
1515 1463 1833 1511 narrantur
1869 1474 1943 1513 ex
1977 1453 2136 1534 vulgi

28 1549 200 1609 fama.
243 1547 308 1607 4⁰
346 1547 474 1628 Ipsa
516 1546 712 1621 enim,
757 1565 884 1628 quae
922 1545 1177 1606 maxime
1210 1545 1512 1628 probanda
1559 1545 1872 1621 videntur,
1925 1557 2133 1628 utp'ote

29 1642 303 1726 pontificii
326 1640 631 1700 tribunalis
663 1640 916 1700 examini
956 1638 1251 1718 subjecta,
1290 1640 1389 1700 vix
1425 1650 1562 1699 ante
1589 1640 1848 1699 seculum
1873 1639 1948 1700 ab
1972 1640 2163 1730 obitu·

27 1747 270 1819 possunt
289 1736 351 1794 in
378 1736 535 1795 curia
565 1734 797 1815 allegari
821 1760 838 1809 ς
876 1756 993 1816 quo
1021 1736 1087 1794 fit
1108 1780 1125 1810 ‚
1162 1746 1228 1793 ut
1254 1734 1660 1816 progrediente
1684 1746 1950 1817 tempore
1974 1756 2136 1818 quae-

28 1831 174 1893 dam'
193 1832 402 1891 Sancto
438 1830 606 1891 alicui
640 1831 787 1892 mira
823 1829 1159 1893 tribuantur
1179 1875 1196 1904 .,
1233 1825 1308 1890 de
1347 1828 1556 1911 quibus
1586 1852 1662 1890 ne
1697 1831 1967 1911 cogitavit
2003 1832 2137 1913 qui—

23 2108 140 2140 nova
162 2092 378 2138 instantia
403 2106 485 2155 pro
513 2089 801 2154 expeditione
833 2088 1030 2138 aliarum

23 2172 291 2221 litterarum
318 2170 712 2220 dimissorialium
753 2172 812 2220 ad
848 2189 1035 2237 proces-

27 2272 129 2302 sum
168 2254 509 2303 conficiendum
552 2255 816 2302 auctoritate
848 2264 1031 2319 aposto-

26 2335 114 2384 lica
165 2321 301 2400 super
346 2334 591 2383 virtutibus
628 2343 673 2382 et
702 2335 941 2382 miraculis
983 2337 1033 2383 in

26 2419 193 2481 specie,
238 2413 293 2463 6⁰
324 2414 546 2464 Confecto
586 2417 754 2480 pariter
785 2415 876 2463 hoc
914 2432 1035 2463 novo

25 2514 238 2562 processu
265 2507 310 2546 et
343 2497 401 2545 ad
442 2497 615 2545 Urbem
645 2499 909 2545 transmisso
929 2534 943 2556 ,
965 2513 1036 2545 ea-

27 2579 133 2628 dem
159 2580 332 2627 ratione
361 2594 415 2626 ac
443 2580 567 2642 prior
588 2579 806 2643 aperitur.
845 2587 899 2643 7⁰
927 2577 1034 2626 Dis-

27 2679 156 2710 cussa
183 2662 322 2728 hujus
348 2663 456 2710 novi
483 2678 717 2726 processus
736 2661 967 2710 validitate
981 2678 1034 2709 ac

25 2743 212 2809 probata
226 2761 251 2791 a
265 2759 359 2791 sac.
375 2744 725 2810 congregatione
743 2779 756 2804 ‚
772 2740 828 2791 8ο
842 2743 1032 2808 demum

27 2835 126 2890 post
156 2843 234 2873 an.
275 2823 337 2873 50
367 2825 425 2873 ab
464 2825 597 2873 obitu
640 2827 759 2873 servi
800 2823 920 2883 Dei,
951 2827 1032 2891 qui

27 2911 231 2974 primum
264 2907 550 2956 venerabilis
583 2907 841 2974 appellatur
862 2945 875 2968 ‚
893 2924 1026 2956 excu-

29 2993 141 3040 titur
173 2991 462 3040 dubium·de
494 2991 739 3059 virtutibus
766 2993 814 3038 in
845 2993 996 3056 specie
1016 3028 1029 3051 ‚

29 3073 87 3122 de
120 3073 267 3122 tribus
299 3091 466 3139 nempe
499 3072 839 3138 theologalibus
859 3109 872 3133 ,
905 3072 996 3121 fide
1016 3110 1029 3132 ‚

33 3169 111 3217 spe
133 3163 177 3202 et
207 3155 424 3204 charitate
442 3193 455 3215 ,
484 3171 539 3203 ac
571 3155 629 3204 de
661 3165 860 3221 quatuor
885 3154 1034 3202 cardi·

34 3231 217 3282 nalibus
233 3270 248 3297 ,
265 3236 527 3300 prudentia,
548 3235 739 3300 justitia,
771 3236 1036 3284 fortitudine

36 3323 81 3361 et
98 3318 407 3378 temperantia,
429 3320 682 3384 ceterisque
697 3316 943 3366 virtutibus
955 3317 1036 3365 ad-

1114 2086 1200 2136 His
1212 2089 1474 2154 praemissis,
1487 2091 1684 2153 agitatur
1699 2088 1898 2138 dubium
1920 2107 1935 2139 =
1957 2088 2136 2140 Utrum

1113 2179 1291 2219 constet
1324 2168 1383 2218 ds
1422 2169 1689 2218 virtutibus
1719 2170 1785 2219 ad
1830 2172 2045 2237 effectum
2077 2172 2135 2220 ds

1113 2268 1206 2318 quo
1237 2253 1415 2317 aqitur.
1465 2251 1721 2317 Discutitur
1770 2269 1903 2318 porro
1931 2253 2022 2302 hoc
2048 2253 2137 2302 du-

1115 2333 1247 2382 bium
1271 2336 1324 2381 in
1356 2333 1503 2381 tribus
1520 2334 1986 2399 congregationibus,
2012 2335 2136 2385 anti·

1110 2415 1475 2479 proeparatoria
1513 2413 1689 2461 scilicet
1709 2448 1723 2472 ‚
1747 2417 2133 2479 praeparatoria,

1118 2511 1171 2543 ac
1204 2495 1394 2544 demum
1421 2493 1638 2559 qenerali
1674 2511 1830 2543 coram
1877 2494 2130 2556 pontifice,

1119 2580 1247 2625 omni
1284 2578 1520 2625 severitate
1540 2612 1554 2636 ‚
1581 2578 1649 2624 ita
1683 2586 1768 2636 ut,
1798 2577 1887 2624 nisi
1917 2576 2135 2625 omnibus

1118 2657 1472 2706 difficultatibus
1528 2674 1608 2705 seu
1663 2658 2138 2707 animadversionibus

1110 2739 1231 2804 fidei
1247 2738 1530 2807 promoturi-3
1560 2739 1695 2804 plene
1725 2740 2010 2788 satisfactum
2035 2740 2139 2789 sue-

1117 2825 1206 2882 rit,
1239 2822 1349 2871 felix
1380 2837 1533 2870 causae
1562 2823 1710 2870 exitus
1738 2823 1936 2870 minime
1966 2823 2026 2869 sit
2054 2839 2136 2870 ex-

1117 2904 1396 2969 pectandus.
1443 2903 1684 2952 Romanus
1724 2913 1880 2952 autem
1926 2902 2136 2952 Pontifex

1116 2986 1352 3035 decretum
1383 2988 1434 3034 in
1455 2986 1661 3035 favorem
1694 3000 1843 3033 causae
1869 3002 1967 3033 non
1991 2986 2131 3034 emita

1117 3071 1172 3116 tit
1193 3107 1206 3129 ,
1243 3070 1334 3116 nisi
1364 3067 1468 3116 duae
1502 3067 1561 3115 ad
1607 3068 1856 3114 minimum
1899 3083 1967 3115 ex*
1989 3067 2137 3117 tribus

1117 3151 1322 3216 partibus
1352 3149 1670 3198 consultorum
1702 3146 1976 3212 suffragium
2015 3150 2135 3199 tule-
2221 3182 2223 3186 -

1117 3235 1218 3281 rint
1241 3241 1447 3281 constare
1469 3230 1526 3278 de
1538 3229 1815 3277 heroicitate
1832 3266 1846 3290 ,
1876 3239 1929 3278 ut
1948 3241 2134 3293 vocant,

1118 3317 1169 3364 in
1194 3314 1441 3364 virtutibus
1463 3310 1667 3377 singulis.
1688 3310 1784 3373 Ego
1810 3328 1916 3360 vero
1937 3313 1987 3359 in
2002 3312 2137 3378 praxi

38 3393 243 3443 nexian
259 3398 444 3462 singulis
455 3399 740 3464 processibus
754 3409 854 3447 tum
864 3399 921 3447 ab
936 3399 1037 3447 offi-
1121 3397 1346 3462 comperi,
1364 3396 1560 3443 severius
1578 3393 1732 3441 adhuc
1751 3394 1927 3442 institui
1946 3411 2139 3442 examen

33 3475 222 3525 cialibus
238 3485 337 3524 tum
350 3495 376 3526 a
391 3479 591 3545 singulis
604 3481 793 3531 testibus
808 3483 1040 3546 praemitti-
1123 3488 1167 3527 et
1205 3479 1537 3526 discussionem
1600 3474 1802 3540 praedicti
1842 3475 1994 3524 dubii.
2036 3475 2136 3524 Csr.

32 3565 110 3605 tur
127 3559 437 3621 juramentum
458 3559 515 3609 de
531 3573 699 3611 secreto
713 3561 938 3612 servando
958 3599 972 3622 ‚
987 3578 1041 3610 ac
1126 3561 1297 3610 Bened.
1315 3577 1392 3610 xiv
1407 3597 1420 3620 ‚
1446 3576 1524 3623 op.
1540 3560 1619 3607 cit.
1636 3568 1737 3606 tum
1750 3558 1834 3607 lib.
1856 3575 1872 3605 1
1892 3593 1908 3620 ,
1926 3575 2024 3624 cap.
2040 3571 2103 3605 22
2122 3593 2143 3621 ἃ

36 3637 92 3687 de
104 3641 288 3687 veritate
301 3638 1045 3708 dicenda;subjiciuntur-vermes·
1126 3653 1242 3692 tom.
1280 3642 1362 3692 lib,
1390 3659 1457 3703 ιι,
1486 3659 1511 3689 a
1532 3657 1642 3706 cap.
1675 3637 1739 3689 35
1764 3640 1821 3691 ad
1853 3636 1935 3701 54.

38 3729 102 3770 tes
128 3719 560 3785 interrogationibus
573 3739 814 3782 seorsuma
835 3726 1062 3798 reliquia·
