2514 4218
2055 192 2172 250 155

502 226 639 263 Palu·
683 226 725 259 I·
773 223 894 259 CAP.
940 222 1024 257 111.
1075 222 1141 256 ΒΕ
1185 217 1451 256 ECCLESIAE
1493 216 1666 254 Norls.
1706 268 1709 271 Δ

77 375 339 436 haeretica
365 367 699 429 solemniter·
726 363 799 422 ab
838 363 1081 422 Ecclesia
1124 361 1442 444 proscripta
1481 369 1602 432 est,
1646 357 1841 438 regula
1866 378 1931 416 ac
1964 378 2172 416 norma

81 482 170 530 est
210 448 548 534 constituta,
589 460 743 542 quod
779 459 826 523 si
858 457 1163 539 peculiaria
1206 453 1506 516 individua
1558 451 1931 535 pervicaciter
1981 451 2174 511 eidem

82 563 402 634 obsistunt,
434 556 543 616 sibi
570 556 705 637 ipsis
730 563 943 612 nocent
963 596 980 625 7
1011 571 1131 608 non
1155 560 1351 608 autem
1386 547 1645 608 Ecclesiae
1665 592 1681 621 7
1717 567 1847 628 quae
1881 567 1977 604 eos
2006 556 2170 604 extra

78 655 211 715 fidei
245 675 310 713 ac
350 663 655 734 propterea
695 647 893 707 salutis
938 645 1095 706 viam
1138 665 1262 702 esse
1296 645 1659 723 pronunciat.
1701 640 1998 719 Ejusmodi
2031 661 2171 721 per·-

79 748 298 808 duelles
329 756 572 828 possunt
606 742 841 825 quidem
871 760 992 800 esse
1022 738 1083 798 in
1121 736 1398 810 Ecclesia,
1429 737 1706 818 quamdiu
1733 734 2006 818 peculiari
2036 755 2179 793 sen-

88 844 271 903 tentia
310 852 564 900 extorres
599 837 673 897 ab
711 858 776 898 ea
798 833 942 898 *facti
971 843 1090 889 non
1122 830 1373 904 fuerint,
1405 853 1523 890 non
1562 843 1758 891 autem
1792 831 1864 890 de
1897 829 2176 903 Ecclesia,

8 973 19 981 =
82 948 147 996 ut
183 937 438 1016 loquitur
471 936 531 992 S.
560 930 923 1014 Augustinus
961 923 1131 998 Quod
1161 926 1210 983 si
1240 925 1323 985 illi
1358 904 1706 985 notorietate
1731 927 1874 1004 juris
1911 936 2011 984 aut
2049 922 2180 982 facti

83 1031 371 1089 manifesti
404 1029 522 1087 sint
541 1073 557 1102 7
595 1027 735 1108 quin
763 1021 1103 1102 resipiscant
1124 1066 1140 1095 7
1184 1020 1248 1079 in
1286 1020 1527 1080 articulo
1559 1022 1764 1080 mortis
1793 1019 2181 1081 Sacramentis

83 1127 423 1207 privantur,
452 1144 518 1182 ac
545 1118 754 1180 deinde
786 1116 1160 1177 ecclesiastica
1196 1116 1494 1198 sepultura
1519 1116 1630 1198 (l).
1668 1116 1830 1176 Idem
1863 1116 2000 1176 ferri
2024 1115 2182 1194 judi-

84 1221 235 1278 cium
283 1218 458 1278 debet
495 1217 567 1276 de
604 1211 889 1292 ejusmodi
933 1210 1346 1285 schismaticis,
1393 1210 1702 1272 incredulis
1741 1222 1798 1271 et
1839 1213 2186 1291 indifferen-

86 1319 239 1373 tistz‘s
253 1358 276 1386 ,
303 1313 378 1374 de
401 1309 605 1394 quibus
629 1307 888 1389 loquitur
912 1305 1275 1366 adversarius
1296 1318 1321 1380 7·
1337 1327 1472 1364 cum
1491 1306 1696 1365 eadem
1717 1306 1892 1387 plane
1917 1307 1992 1366 sit
2013 1306 2182 1366 ratio‘.

88 1410 303 1468 Omnes
314 1407 406 1466 isti
428 1404 673 1485 operarii
687 1401 1008 1484 iniquitatis
1026 1411 1198 1471 sunt;
1228 1398 1374 1459 illud
1397 1422 1644 1482 pravum
1659 1422 1860 1460 semen
1882 1412 1969 1461 est
1990 1446 2006 1476 7
2030 1400 2187 1483 quod

86 1499 550 1561 inimicushomo
568 1544 584 1573 7
622 1519 723 1558 seu
752 1496 1015 1555 diabolus
1033 1541 1050 1570 7
1086 1496 1147 1554 in
1176 1517 1311 1576 agro
1348 1495 1636 1554 dominico
1664 1497 2089 1577 superseminat
2116 1517 2188 1557 ex

90 1598 194 1656 Dei
224 1594 601 1679 permissione
645 1592 720 1652 ad
757 1591 1050 1650 bonorum
1102 1592 1439 1651 exercitium
1489 1602 1550 1650 et
1582 1591 1826 1652 exitium
1856 1590 2185 1667 malorum,

88 1702 226 1750 sunt
254 1690 432 1771 paleae
462 1688 537 1748 ad
571 1686 1035 1748 comburendum
1062 1685 1366 1746 destinatae
1388 1686 1498 1767 (2).

167 1785 305 1862 253.
349 1784 439 1844 Ad
471 1784 554 1852 4¹1¹
579 1828 595 1858 7
642 1785 811 1864 Resp.
850 1781 1076 1840 tamdiu
1115 1803 1560 1863 permansuram
1600 1792 1817 1840 sartam
1859 1793 2201 1864 tectamque·

87 1880 147 1937 in
164 1879 413 1939 Ecclesia
438 1877 835 1938 omnimodam
856 1898 921 1936 ac
933 1876 1249 1958 perfectam
1266 1877 1549 1936 unitatem
1569 1922 1585 1952 7
1616 1877 1896 1958 quamdiu
1919 1876 2193 1937 subsistet

89 1973 285 2055 regula
334 1996 435 2033 seu
464 1973 724 2033 medium
760 1973 1062 2054 utriusque
1099 1972 1374 2046 unitatis7
1410 1972 1547 2032 fidei
1583 1994 1797 2054 nempe
1828 1983 1888 2032 et
1928 1994 2193 2032 commu-

92 2069 301 2127 nionis.
339 2068 623 2128 Subsistet
658 2080 853 2127 autem
888 2067 1014 2127 haec
1047 2068 1110 2126 in
1150 2067 1477 2126 seculorum
1518 2068 1697 2126 finem
1722 2113 1737 2143 7
1769 2072 1940 2146 juxta
1981 2067 2194 2128 Christi

92 2163 221 2222 Filii
243 2165 347 2223 Dei
370 2163 760 2232 immutabiles
778 2163 1242 2245 pollicitationes,
1261 2162 1476 2222 Contra
1505 2184 1640 2225 vero
1667 2162 1891 2221 tamdiu
1919 2161 2197 2221 subsistet

94 2258 157 2316 in
184 2259 349 2317 sectis
375 2258 833 2340 quibuscumque
855 2259 977 2318 sive
1004 2258 1282 2318 haereticis
1309 2259 1431 2318 sive
1455 2258 1828 2318 schismaticis
1857 2257 2114 2318 confusio
2136 2267 2197 2318 et

96 2353 332 2410 insitum
351 2352 489 2433 ipsis
516 2351 787 2411 omnibus
819 2353 1173 2434 principium
1195 2351 1490 2413 divisionis
1511 2397 1527 2426 7
1562 2352 1840 2433 quamdiu
1867 2353 1939 2410 ad
1962 2355 2197 2411 unicam

97 2446 311 2505 Christi
343 2446 652 2506 Ecclesiam
680 2469 802 2506 non
836 2468 896 2506 se
928 2446 1208 2527 recipient
1225 2491 1242 2519 7
1281 2468 1409 2527 quae
1437 2445 1558 2505 sola
1582 2457 1683 2505 est
1711 2446 1983 2505 columna
2009 2457 2068 2505 et
2093 2449 2199 2505 fir-

95 2552 460 2599 mamentum
495 2542 775 2602 veritatis,
808 2541 959 2614 Quid
995 2563 1169 2622 porro
1204 2542 1481 2614 interest-7
1516 2542 1564 2600 si
1595 2540 1771 2622 aliqui
1811 2540 1916 2599 filii
1943 2562 2198 2623 nequam

95 2635 248 2694 inter
279 2635 602 2694 Catholicos
625 2637 778 2717 ipsos
798 2681 814 2710 7
851 2637 949 2717 qui
977 2648 1116 2694 sunt
1142 2636 1413 2695 moestitia
1441 2636 1640 2694 matris
1665 2656 1778 2695 suae
1797 2681 1814 2710 7
1836 2656 2200 2717 quacumque

96 2742 341 2812 possunt
370 2730 601 2791 vafritie
619 2775 635 2805 7
675 2731 974 2791 enitantur
997 2731 1118 2793 sive
1139 2732 1382 2790 Romani
1409 2732 1697 2791 Pontificis
1729 2733 2060 2806 sive-totius
2093 2734 2200 2792 Ec-

96 2826 283 2885 clesiae
314 2837 664 2900 extenuare,
705 2848 770 2886 ac
802 2827 979 2886 etiam
1015 2827 1065 2886 si
1107 2838 1375 2908 possent,
1412 2849 1648 2886 omnem
1684 2827 1985 2887 eliminare
2014 2827 2200 2886 infal-

43 2923 45 2925 ’
98 2919 321 2982 libilem
349 2923 795 2984 auctoritatem?
832 2922 1095 2983 Ecclesiae
1122 2924 1380 3005 profecto
1416 2945 1536 2982 non
1572 2922 1903 2997 nocebunt,
1941 2944 2073 3006 quae
2096 2924 2199 2983 Dei

169 3196 236 3259 (1)
268 3196 407 3246 Plura
449 3198 726 3246 documenta
767 3198 908 3263 hujus
945 3197 1108 3263 agendi

105 3279 290 3328 rationis
315 3280 503 3331 exhibet
519 3282 706 3330 historia
737 3281 899 3330 eccles.
926 3282 977 3328 in
998 3279 1107 3328 Gal-

105 3357 209 3416 liis>3
237 3374 398 3409 recens
412 3372 477 3410 est
491 3363 751 3427 exemplum
770 3364 971 3427 episcopi
993 3378 1108 3411 con-

106 3441 406 3490 stitutionalis
430 3455 474 3492 et
497 3447 757 3510 jansenistae
784 3444 1024 3510 Gregoire,
1050 3446 1107 3495 de

1192 3197 1338 3247 Gallia
1356 3235 1370 3259 ‚
1404 3199 1461 3246 de
1476 3198 1823 3263 pistoriensibus
1838 3208 1883 3247 et
1899 3198 2203 3248 {amburinia-

1191 3283 1263 3329 nis
1287 3283 1336 3328 in
1365 3279 1522 3340 Italia,
1552 3280 1610 3328 de
1632 3279 1805 3328 clericis
1829 3281 2091 3345 petentibus
2109 3282 2203 3330 dis-

1190 3365 1506 3428 pensationem
1562 3372 1641 3410 aut
1686 3362 1824 3411 etiam
1860 3362 2203 3430 abrogationem

1190 3444 1576 3511 legis'coelibatus
1611 3446 1662 3492 in
1692 3442 1941 3494 Germania
1972 3482 1984 3505 7
2022 3445 2204 3508 aliaque

104 3539 197 3586 quo
234 3519 340 3569 alias
370 3525 648 3587 scripsimus-

174 3603 241 3666 (Ξ)
266 3605 370 3664 Quo
385 3606 522 3670 igitur
533 3607 703 3658 abeunt
716 3611 872 3659 omnia
890 3609 1108 3658 anecdota

104 3697 314 3751 congesta
362 3706 387 3735 a
433 3687 610 3738 Palmer
649 3691 707 3740 de
753 3693 1017 3758 janseni'stis
1059 3694 1109 3740 in

1188 3513 1461 3593 ejusmodi?
1494 3525 1667 3576 Omnes
1696 3528 1748 3575 in
1773 3528 1937 3577 eodem
1957 3543 2096 3578 censu
2117 3526 2204 3574 ha-

1188 3610 1333 3660 bendi
1359 3620 1463 3660 sunt
1485 3646 1498 3669 ‚
1527 3612 1616 3660 nisi
1639 3613 1918 3677 resipiscant.
